2790 4764
236 243 295 312 1111
516 239 627 305 811171.
646 239 713 302 xv.
751 255 841 304 meus
860 255 901 303 cr
920 253 1108 305 nrscrnucr.v

236 397 331 475 Papae
431 391 491 454 nidi
509 372 628 455 cecedit.
669 391 744 456 Nam
763 391 947 476 principium,
972 393 1052 476 qrrcd
1072 391 1211 476 arripiunt
1225 391 1357 478 Papiriae

236 491 324 534 nuno
346 470 355 488 ⁶
377 472 399 532 is
419 491 502 532 senus
520 468 672 545 concedet,
695 469 792 530 datum
813 469 859 530 bic
880 469 968 531 Petro
987 469 1085 547 fuisse,
1109 471 1186 552 quod
1206 471 1282 532 velut
1298 471 1358 533 iure

236 545 422 610 haereditario
442 546 477 606 ad
494 557 625 628 posteros
641 543 743 606 deinde
758 543 977 608 transmitteret:
1007 565 1101 628 neque
1120 545 1197 608 enim
1215 547 1279 629 quic
1316 567 1359 606 sm

272 621 448 685 ccessoribus
466 621 533 684 dare
552 621 731 702 permittitur.
809 641 876 682 uere
895 621 1025 704 Papistne
1045 644 1110 684 eum
1128 624 1164 685 de
1182 623 1274 684 alieno
1302 619 1359 684 ibe-

237 647 325 763 xlem
348 699 463 760 iaciunt.
506 698 639 777 Denique
661 707 694 758 ut
718 699 853 758 continue
875 697 970 778 valere
992 698 1099 760 debeat.
1112 702 1267 776 successio,
1295 696 1361 760 nibil

236 790 335 838 tamen
355 775 423 837 inde
449 785 597 855 extorquet
615 775 704 855 Papa,
729 773 821 836 donec
840 773 981 868 legitimus
1001 775 1080 835 Petri
1098 797 1244 838 successor
1261 777 1361 858 proba-

236 864 283 914 tus
302 851 398 914 fuerit.
440 851 526 912 Unde
544 861 639 911 nutem
651 849 777 932 probat?
817 849 894 928 Quia
913 852 1015 912 Petrus
1033 852 1145 914 Romae
1163 863 1291 914 moruus
1311 862 1361 913 est:

306 929 315 944 ⁶
339 947 410 991 vero
433 929 528 990 Roma
551 925 672 988 nclauda
697 913 830 1007 Apostoli
852 925 938 988 caede
957 927 1105 1008 primatum
1123 929 1177 988 sibi
1197 950 1230 990 ac
1251 929 1361 990 uisierit

234 951 316 1068 biiii¹
316 1005 486 1080 obtendunt,
504 1003 561 1065 illic
580 1023 694 1084 quoque
712 1004 798 1064 luisse
807 1003 993 1086 Episcopum:
1014 1025 1097 1084 quam
1116 1004 1146 1064 id
1165 951 1302 1065 frivtilum
1320 1005 1361 1078 sit,

183 1141 186 1148 .
236 1084 351 1176 abunde
372 1082 403 1142 in
426 1101 489 1142 mea
511 1079 694 1172 institutione
715 1079 813 1172 docui,
840 1082 916 1142 unde
940 1080 1079 1170 integram
1103 1079 1185 1174 buius
1206 1081 1364 1165 argtunenti

236 1153 1363 1324 stultustututurritoresurrectionne

237 1335 335 1376 cessm
353 1311 451 1372 tusses
468 1311 614 1390 Romanus
628 1311 796 1446 Episcopus,
816 1331 902 1392 quum
921 1320 1016 1370 tamen
1035 1329 1084 1370 sun
1102 1309 1217 1391 perfidia
1235 1321 1318 1379 tanto
1337 1329 1365 1371 se

207 1415 210 1428 ·
236 1387 350 1452 bonore
376 1385 560 1462 abdicaverit,
595 1383 654 1444 nihi
695 1387 720 1446 ei
744 1384 877 1466 prodesse
901 1384 1033 1467 quicquid
1058 1387 1136 1448 Petri
1158 1386 1364 1448 successoribus

238 1464 369 1527 Christus
388 1461 531 1524 contulit'
569 1459 686 1522 Curiam
705 1464 799 1542 Papae
817 1463 927 1524 Romae
946 1481 1007 1525 esse
1044 1457 1086 1524 lus
1107 1462 1170 1524 satis
1189 1473 1291 1522 notum
1312 1475 1362 1524 ests

235 1541 288 1603 sed
310 1538 415 1600 nullum
438 1537 495 1600 illic
514 1536 656 1600 Fnclesiae
675 1550 773 1598 notum
791 1540 952 1600 ostendent.
990 1483 1043 1600 Ab

235 1618 276 1680 ris
298 1637 359 1677 non
382 1637 462 1676 secus
486 1613 633 1689 abhorret,
665 1635 749 1694 quam
773 1615 873 1696 cupide
932 1635 1018 1675 nsua
1037 1616 1230 1678 dominatione
1247 1624 1361 1698 pugnat

160 1691 162 1698 '
235 1695 326 1756 Certe
343 1702 378 1752 ut
394 1690 466 1751 nibil
484 1689 611 1752 omiserit
631 1689 762 1752 Christus
780 1689 811 1750 in
830 1702 895 1752 exto
918 1692 995 1754 endis
1014 1691 1180 1754 haeredibus
1199 1691 1286 1766 Petri,
1306 1711 1362 1750 non

121 1806 125 1816 ·
214 1779 415 1908 *peppratamen
437 1767 477 1828 its
499 1763 636 1852 prodigus
660 1765 729 1845 luit,
756 1777 790 1828 ut
807 1788 889 1830 suurn
907 1765 1048 1835 honoreus
1067 1770 1098 1830 in
1116 1781 1254 1852 apostatas
1272 1779 1361 1828 trans·

1058 1539 1156 1600 officio
1175 1560 1249 1602 vero
1264 1541 1363 1599 Pasto-

320 2021 425 2107 (142.)
467 2017 639 2088 ΜΑΤΤΗ.
661 2017 747 2085 XVI.
789 2018 842 2084 20.
864 2019 959 2086 ‘l'unc
981 2017 1077 2086 edixit
1099 2015 1266 2109 discipulis
1287 2022 1363 2094 suis,

232 2147 276 2193 ne
298 2128 352 2192 cui
372 2124 528 2208 dicerent,
550 2121 640 2210 quod
661 2123 732 2208 ipse
754 2131 838 2188 esset
858 2121 949 2188 lesus
971 2119 1129 2189 Christus.
1172 2125 1224 2188 21.
1250 2124 1302 2190 Ex
1324 2143 1362 2212 eo

218 2237 377 2317 ¹temporo
399 2229 508 2314 coepit
527 2227 615 2292 lesus
635 2224 779 2290 indicere
800 2223 967 2312 discipulis
989 2227 1065 2306 suis,
1087 2223 1176 2314 quod
1199 2234 1363 2314 oporteret
1384 2209 1385 2236 ¹

233 2333 341 2420 ipsum
369 2325 461 2398 obire
486 2325 758 2414 Hierosplyrnatn,
790 2349 828 2418 cc
855 2327 953 2394 multa
978 2331 1044 2416 pati
1063 2340 1090 2396 'a
1119 2320 1311 2396 Senioribus
1335 2337 1363 2394 et

162 2445 166 2458 '
232 2431 436 2522 Principibus
461 2429 671 2498 sacerdotum
698 2440 729 2496 et
757 2429 894 2510 Scribis,
923 2440 956 2496 et
983 2427 1104 2511 occidi,
1134 2441 1166 2496 et
1190 2433 1289 2498 tertio
1313 2431 1361 2498 die

232 2537 434 2604 resuscitari.
475 2534 527 2600 22.
557 2534 601 2602 Et
626 2531 790 2600 abducens
817 2555 889 2600 euru
910 2533 1039 2616 Petrus,
1066 2537 1174 2620 eoepit
1199 2533 1291 2599 illurn
1315 2536 1361 2598 in·

232 2623 378 2725 crepare,
401 2637 525 2716 dicens,
546 2635 710 2722 Propitius
732 2635 791 2702 tibi
813 2640 871 2717 sie,
892 2636 1046 2702 Domine:
1080 2657 1282 2724 nequaquem
1304 2637 1361 2702 erit

230 2735 294 2804 tibi
320 2738 393 2804 boc.
441 2736 495 2802 23.
529 2741 574 2803 At
600 2735 655 2804 illc
682 2759 858 2804 conversus
880 2735 961 2804 dixit
981 2739 1092 2821 Petro,
1121 2739 1187 2806 Abi
1207 2748 1283 2827 post
1302 2757 1359 2814 ute,

231 2839 364 2920 Selene,
398 2835 585 2904 scandulum
615 2861 650 2904 cs
676 2840 767 2902 mibi:
799 2839 971 2924 quia'non
997 2831 1085 2928 sapis
1112 2863 1163 2932 ep,
1195 2863 1277 2930 quae
1297 2841 1360 2906 Dei

231 2949 322 3024 sunt,
354 2938 419 3007 sed
438 2959 521 3026 quae
548 2949 624 3005 sunt
644 2939 816 3005 hominum.
858 2939 912 3007 24.
942 2943 1037 3008 Tunc
1057 2943 1148 3008 lesus
1168 2941 1246 3010 dixit
1266 2944 1359 3010 disci-

221 3045 316 3136 ·pulis
338 3045 414 3125 suis,
436 3041 566 3128 Siquis
587 3041 657 3116 vult
676 3051 750 3130 post
770 3063 821 3106 me
842 3045 966 3124 venire,
993 3043 1130 3132 abneget
1149 3048 1358 3134 semetipsum,

230 3159 265 3215 et
284 3145 376 3214 tollat
397 3165 524 3212 crucem
546 3165 654 3224 suant,
680 3166 719 3210 uc
740 3155 892 3230 sequetur
912 3167 971 3212 nnc
1022 3149 1076 3215 25.
1106 3147 1175 3234 Qui
1198 3155 1282 3216 enirn
1303 3171 1358 3216 vo·
1383 3197 1384 3204 1

228 3249 328 3318 luerit
349 3251 485 3326 animuin
506 3267 596 3314 suum
618 3269 759 3326 servare,
780 3246 894 3335 perdet
916 3270 1001 3316 eam:
1028 3271 1154 3332 rursus,
1176 3254 1233 3340 qui
1253 3251 1358 3340 perdi·

125 3390 127 3401 ι
184 3355 191 3368 ’
229 3351 314 3418 derit
333 3355 471 3420 animem
490 3371 580 3417 suum
600 3371 671 3416 meu
693 3372 797 3428 causa,
819 3353 959 3418 inveniet
980 3374 1058 3419 eam.
1093 3355 1147 3422 26.
1170 3352 1259 3440 Quid
1269 3356 1357 3433 {enirn

164 3476 177 3498 “
227 3454 364 3542 prodest
390 3455 525 3534 bomini,
557 3455 585 3520 si
616 3463 718 3519 toturn
744 3453 897 3520 mundum
927 3453 1067 3522 lucratus
1095 3457 1204 3538 luerit,
1237 3461 1356 3524 enimse

189 3567 193 3575 '
226 3577 308 3624 vero
329 3577 409 3623 sune
430 3559 583 3622 iacturum
604 3555 734 3622 lecerit?
759 3559 814 3623 aut
835 3556 914 3652 quid
936 3557 1026 3624 dabit
1045 3559 1153 3640 borno,
1175 3563 1265 3627 cuius
1287 3583 1356 3649 pcr-

226 3659 404 3726 tuututione
430 3657 567 3726 redimet
595 3661 730 3736 animam
758 3665 866 3727 sumni
916 3661 969 3726 27.
1000 3662 1158 3728 Futurum
1192 3671 1241 3728 cst
1266 3665 1354 3739 enim,
1382 3701 1383 3706 κ

226 3759 393 3850 utuntur
415 3761 558 3828 bominis
585 3761 694 3828 venial
720 3763 756 3826 in·
781 3761 883 3850 glorie
904 3763 1007 3830 Putris
1030 3787 1101 3832 cum
1122 3763 1254 3853 Angelis
1276 3767 1353 3830 suist

227 3873 260 3932 et
280 3874 356 3932 tunc
377 3863 491 3932 reddet
511 3867 685 3951 unicuique
705 3867 791 3930 iuxta
811 3863 901 3932 lucta'
915 3868 1027 3956 ipsius.
1076 3867 1129 3934 28.
1156 3870 1260 3936 Arn'cu
1283 3867 1352 3934 dico

227 3965 337 4044 vobis,
366 3977 441 4034 sunt
463 3959 591 4055 quidum
612 3967 666 4032 bic
686 3979 820 4049 stantes,
847 3970 903 4056 qui
931 3991 1001 4037 non
1022 3969 1195 4058 gustabunt
1214 3979 1351 4048 mortem,
1382 4025 1383 4034 ,

229 4069 336 4138 donec
356 4069 495 4139 viderint
516 4063 633 4138 Filium
653 4071 792 4138 bominis
814 4075 994 4140 venientem
1014 4077 1049 4141 ib
1070 4097 1171 4164 regno
1193 4088 1272 4142 suo,
1382 4109 1383 4114 ¹

311 4241 452 4314 Mune.
473 4243 562 4338 Vlll.
605 4241 658 4309 30.
679 4242 722 4310 Et
742 4245 962 4312 interminatus
984 4253 1033 4314 est
1054 4245 1109 4326 eis,
1131 4267 1174 4314 ne
1195 4243 1248 4314 oui
1270 4241 1352 4312 dice·

227 4351 303 4412 rent
326 4343 369 4418 tle
395 4369 441 4416 se.
493 4345 547 4416 ot.
579 4345 624 4414 Et
643 4349 752 4437 coepit
771 4345 890 4418 docere
910 4367 983 4430 eor,
1009 4347 1100 4437 quod
1120 4359 1282 4440 pporteret
1299 4345 1351 4412 lu·
