2796 4774
264 286 273 324 ,
411 245 564 330 (tm-4.
603 244 681 306 Iesus
700 263 795 306 coram
815 243 931 328 Caipha.
1167 247 1224 308 341

97 413 195 461 musea
221 397 324 477 absque
346 395 477 478 prolecta
499 395 563 460 lore
586 397 658 478 aptrd
683 396 852 459 obstinatus·
888 397 958 461 Non
982 393 1058 458 enim
1080 393 1225 460 audierant

97 477 208 551 solum,
231 475 280 536 sed
299 474 388 536 oculis
406 485 606 556 souspexerant
624 472 768 546 miracula,
802 492 872 553 quae
890 484 1002 537 tacente
1024 472 1137 534 Christo
1156 493 1224 536 coe·

96 553 201 612 lestern
220 560 252 612 ac'
270 550 390 612 divinam
410 549 467 612 eius
486 549 640 630 potentiam
659 559 823 625 assererent,
841 549 965 631 adeoque
985 548 1146 626 clamarent,
1163 551 1223 611 lte-

96 629 278 706 demptorem
297 647 358 688 esse
378 625 444 686 olim
459 625 638 717 promissum.
668 625 781 685 Deinde
799 625 947 687 subiicitur
965 625 1121 701 confessio,
1138 632 1223 703 quae,

98 703 211 764 tametsi
239 701 363 784 pluribus
387 701 481 762 verbus
501 701 623 770 refertur
652 703 725 782 apud
749 699 932 776 Matthaeum,
965 703 1104 764 diversum
1128 712 1223 762 tantm

98 800 213 839 sensum
232 799 293 838 non
311 777 446 839 continet.
484 779 524 839 Se
542 797 612 859 ergo
632 777 775 839 Christum
798 797 859 840 esse
876 777 1017 856 praedicat
1040 779 1131 854 Iesus,
1161 798 1222 840 non

96 853 280 915 declinandae
297 854 396 915 mortis
414 874 505 930 causa,
525 854 573 914 sed
592 853 684 933 potius
700 863 733 911 ut
751 851 872 913 hostium
890 851 996 912 rabiem
1014 855 1044 912 in
1062 876 1092 915 se
1110 855 1221 916 inflam-

96 941 169 990 met.
209 929 283 1020 Quia
307 951 376 991 vero
393 941 464 1012 tunc
487 929 538 990 suh
562 928 676 989 sordido
693 928 791 988 habitu
815 927 1129 1016 contemptibiliserat,
1160 931 1220 992 imo
1291 965 1298 974 ,

97 1005 353 1082 fereennauitus,
394 1027 424 1067 se
446 1007 559 1066 tandem
582 1025 634 1066 suo
655 1016 784 1084 tempore
804 1025 867 1066 eum
890 1003 968 1086 regia
990 1015 1132 1065 maiestate
1149 1026 1229 1067 ven-¹

95 1093 195 1142 turum
221 1081 316 1159 edicit,
344 1092 378 1142 ut
400 1081 521 1142 iudicem
544 1080 727 1155 exhorreant,
757 1101 841 1160 quern
866 1100 941 1142 nune
967 1077 1060 1140 salutis
1078 1091 1220 1142 auctorem

97 1177 255 1250 agnoscere
278 1179 338 1220 non
361 1157 509 1218 sustinent
548 1158 653 1217 Sensus
679 1177 748 1238 ergo
774 1157 937 1236 est‚1ipsos
960 1175 1132 1236 magnopere
1155 1155 1221 1231 falli,

96 1257 123 1294 su
143 1253 178 1298 ex
196 1233 335 1312 praesenti
353 1233 461 1294 intuitu
473 1231 634 1307 aestimem,
654 1233 781 1310 quisnam
800 1233 849 1294 sit:
876 1232 939 1313 quia
959 1230 1094 1292 humiliari
1113 1241 1143 1291 et
1159 1229 1221 1293 sere

94 1310 129 1368 in
148 1310 264 1370 nihilum
282 1308 342 1369 redi
363 1309 373 1365 i
398 1319 544 1386 oporteat,
574 1320 720 1388 antequam
744 1320 874 1388 appareat
896 1331 928 1369 re
969 1307 979 1366 i
1000 1307 1042 1368 sui
1066 1305 1221 1388 insignibus

97 1398 132 1446 et
150 1385 300 1468 magnifico
323 1330 473 1466 spilendore
497 1395 620 1446 omatus.
658 1386 729 1444 Nam
752 1384 804 1446 hac
822 1385 909 1466 partic
939 1384 1098 1475 apertior
1116 1403 1219 1454 secun-

94 1461 167 1521 dum
188 1482 267 1521 suurn
291 1460 441 1520 adventum
464 1481 481 1519 a
503 1460 600 1539 priore
621 1461 800 1544 distinguit„
830 1463 924 1523 Porro
948 1461 1014 1520 hane
1040 1459 1220 1539 elici,potest
1303 1513 1305 1517 .

95 1535 175 1598 utilis
196 1534 341 1609 doctrina,
364 1555 435 1616 quae
454 1535 566 1622 longius
585 1549 691 1616 pateat:
714 1538 788 1597 uude
811 1537 886 1596 euim
905 1549 983 1598 tanta
1002 1535 1095 1618 impiis
1113 1534 1220 1597 securi-

94 1611 159 1672 tas?
189 1613 265 1671 unde
288 1621 366 1672 tanta
389 1610 541 1672 rebellandi
560 1613 717 1693 protervia,
748 1612 800 1674 nisi
819 1613 882 1693 quia
899 1615 977 1674 Iesus
997 1611 1139 1674 crucifixus
1158 1631 1219 1672 non

94 1688 131 1748 in
154 1709 258 1770 magno
282 1689 355 1768 apud
378 1707 428 1748 eos
450 1688 542 1766 pretio
571 1689 630 1752 est?
666 1691 746 1772 Ergo
768 1691 918 1752 revocandi
942 1701 1007 1762 sunt
1030 1689 1064 1752 ad
1083 1685 1219 1756 horribile

95 1763 247 1839 iudicium,
270 1763 346 1844 quod
364 1785 416 1824 suo
435 1776 550 1846 stupore
569 1785 628 1824 non
647 1765 794 1845 effugient.
835 1765 1002 1846 Quanquam
1020 1767 1112 1830 alutem
1131 1762 1219 1824 instar

94 1839 207 1901 fabulae
226 1839 408 1916 subsannant,
438 1841 513 1920 quod
531 1839 567 1900 'de
585 1837 682 1902 futuro
703 1841 808 1904 Christi
827 1843 948 1903 adventu
967 1841 1077 1916 dicitur,
1097 1841 1157 1900 non
1172 1837 1220 1902 'til
1325 1853 1329 1869 “
1366 1929 1369 1936 Ι

95 1916 290 1978 men-frustra
310 1915 391 1976 iudex
413 1916 473 1997 ipse
498 1937 550 1978 eos
570 1917 606 1978 ad
628 1917 752 1978 tribunal
773 1939 853 1978 suum
878 1917 958 1994 citat,
989 1939 1022 1978 ac
1041 1917 1121 1980 citari
1134 1915 1234 1978 iubet·

93 1987 244 2076 Evangelii
261 1993 303 2052 sui
321 1993 495 2073 praeconio,
511 2013 568 2072 quo
588 1994 675 2075 magis
693 1993 847 2055 reddantur
863 1993 1068 2056 inexcusabiles.
1104 1991 1220 2054 Praeci-

94 2091 186 2151 puum
205 2089 275 2129 vero
298 2068 371 2147 apud
394 2069 488 2130 fideles
513 2092 594 2131 usum
615 2069 699 2131 hahet
721 2071 789 2130 haec
812 2069 1002 2146 denuntiatio,
1035 2069 1138 2128 utiam
1157 2067 1218 2150 spei
1240 2078 1246 2105 s

93 2143 187 2207 oculis
204 2141 352 2204 Christum
370 2144 401 2204 in
420 2143 502 2204 coelo
523 2145 558 2224 qd
576 2144 716 2205 dexteram
738 2146 829 2206 Patris
847 2147 991 2207 sedentem
1009 2153 1157 2226 quaerant,
1184 2157 1220 2205 ac*

116 2219 238 2282 atienter
256 2231 431 2311 exspectent,
463 2219 534 2280 duur
550 2221 691 2298 adveniat,
706 2269 709 2277 ,
726 2221 862 2302 simulque
880 2230 1015 2294 statuant,
1038 2241 1098 2282 non
1117 2220 1219 2280 frustra

92 2243 223 2364 iiascivire
247 2295 347 2377 impios
371 2308 470 2374 contra
500 2295 658 2356 absentem:
694 2296 759 2376 quia
778 2319 887 2358 sursum
911 2317 928 2356 e
952 2297 1033 2364 coelo
1056 2295 1220 2370 venientem

94 2372 229 2453 aspicere*
244 2384 396 2454 cogentur,
425 2393 510 2452 quern
526 2393 603 2434 nunc
621 2393 681 2432 non
699 2371 786 2432 modo
805 2371 978 2452 despiciunt,
1003 2369 1218 2442 sedetiamla-

93 2451 143 2512 s‘tu
162 2469 212 2510 sao
232 2447 405 2508 conculeant.
443 2447 609 2544 Metaphora
632 2449 663 2508 in
686 2449 802 2512 nomine
826 2450 969 2508 dexterae
987 2449 1052 2510 satis
1071 2457 1140 2508 nota
1158 2465 1221 2508 esse

93 2525 192 2599 dehet,
210 2523 274 2602 quia
291 2521 454 2604 frequenter
471 2523 501 2582 in
520 2524 671 2614 scripturis
689 2524 822 2585 occurrit.
849 2523 962 2585 Dicitur
979 2536 1073 2586 autem
1092 2523 1221 2588 Christus
1323 2599 1325 2604 Ι

94 2600 195 2663 sedere
218 2599 253 2660 ad
276 2598 416 2680 dexteram
439 2599 541 2675 Patris,
567 2623 631 2685 quaa
655 2621 776 2662 sumanus
797 2602 862 2662 Rex
885 2601 1054 2662 constitutus
1077 2599 1139 2684 (qui
1158 2597 1218 2666 eiua

93 2675 214 2738 nomine
231 2675 368 2734 mundum
386 2676 539 2760 gubernet)
563 2677 640 2756 quasi
667 2677 815 2738 secundam
834 2675 868 2737 ah
889 2697 924 2738 eo
943 2676 1062 2738 honoris
1081 2687 1110 2737 et
1127 2676 1218 2756 impe-

95 2751 134 2814 rii
157 2752 252 2812 sedern
275 2751 395 2814 obtinet.
443 2752 533 2814 Sedet
556 2773 626 2834 ergo
650 2753 776 2828 Christus
799 2752 834 2812 ad
857 2754 1126 2827 Patris-dexteram,¹
1153 2751 1217 2832 quia

96 2830 158 2890 eius
177 2839 222 2910 est
235 2826 367 2889 vicarius:
386 2840 415 2888 et
434 2828 498 2888 ideo
516 2843 633 2890 vocatur
650 2829 719 2890 haec
738 2830 850 2890 dextera
868 2829 985 2904 rimatis,
1005 2831 1146 2908 quianon
1164 2827 1218 2896 uisi

93 2925 149 2988 per
166 2925 280 2964 manum
298 2903 364 2964 Filii
385 2904 582 2970 sui,virtutem
603 2925 680 2968 suam
703 2927 787 2968 nunc·
803 2906 882 2968 Deus
902 2905 1016 2982 exserit,
1050 2925 1083 2965 ac
1106 2903 1151 2964 die
1173 2899 1217 2960 ul-

93 2981 166 3042 timo
184 2979 315 3041 iudicium
334 2979 470 3060 proferet.

80 3095 86 3104 ·
171 3059 218 3134 65.
259 3059 338 3116 Tune
360 3078 492 3116 summus
518 3059 665 3132 tuendos.
712 3058 789 3118 Hinc
814 3057 1011 3148 perspicimus,
1045 3073 1127 3134 quam
1149 3047 1217 3110 nihil

95 3130 258 3215 proluerint
277 3134 350 3226 apud
367 3133 468 3270 impios
485 3133 553 3193 istos
569 3133 710 3207 miracula,
731 3131 831 3212 quihus
838 3133 1020 3194 Divinitatem
1037 3149 1115 3189 suam
1132 3137 1217 3189 testa*
1299 3189 1307 3199 ,
1331 3143 1336 3150 ·

94 3223 143 3271 tus
161 3221 220 3270 erat
240 3207 376 3270 classus.
425 3207 460 3268 ed
479 3208 550 3268 nihil
567 3210 669 3270 mirum
688 3222 738 3283 est,
757 3209 809 3284 suh
828 3209 925 3268 humili
944 3207 1018 3268 servi
1036 3205 1128 3265 forma
1146 3223 1217 3264 eon-

95 3295 234 3364 temptum
252 3286 287 3348 ab
306 3285 358 3354 illis
377 3283 463 3346 luisse
481 3285 538 3347 Dei
556 3285 671 3360 Filium,
703 3305 774 3364 quos
793 3283 867 3344 nulla
884 3282 1019 3376 tangebat
1036 3280 1130 3350 salutis
1148 3299 1216 3364 pro-

95 3361 196 3420 missae
215 3384 290 3422 cura.
328 3363 389 3424 Nisi
408 3361 483 3422 enim
501 3383 616 3442 prorsus
635 3361 774 3421 exuissent
790 3380 903 3426 omnem
936 3357 1030 3419 aetatis
1048 3378 1168 3435 seqsum,
1187 3357 1217 3416 in

99 3447 172 3496 statu
191 3435 337 3515 deplorato
355 3437 473 3500 sollicite
490 3437 751 3517 adlledemptorem
769 3457 818 3508 eqs
836 3379 985 3496 attemiere
996 3433 1125 3495 decebat:
1141 3453 1217 3493 nunc

9 3555 10 3558 ,
98 3512 167 3571 dmn
186 3513 285 3572 omissa
302 3513 482 3594 inquisitione
501 3513 624 3577 oblatum
648 3513 701 3574 sihi
724 3523 876 3592 respuunt,
907 3533 942 3574 an
964 3531 1023 3572 non
1046 3511 1218 3600 exstingunt,

9 3635 10 3638 ,
86 3597 233 3674 'quantum
257 3587 288 3646 in
316 3611 346 3649 se
371 3603 427 3663 est,
457 3611 556 3664 ornnes
583 3590 639 3651 Dei
662 3589 878 3672 promissiones?
921 3587 1081 3674 deprimo
1105 3585 1225 3670 quadem·

99 3684 223 3724 summus
243 3665 370 3725 sacerdos
390 3665 533 3732 Christum
556 3665 721 3748 pronuntiat
742 3663 945 3746 blasphemum:
974 3665 1074 3734 deiude
1096 3661 1217 3724 subscri-

99 3739 174 3800 hunt
195 3735 249 3797 alii.
292 3739 337 3798 Ae
360 3742 479 3800 vestium
502 3742 633 3802 laceratio
656 3742 729 3802 clare
754 3741 891 3817 ostendit,
928 3762 1010 3819 quam
1033 3737 1163 3798 audacter
1184 3751 1217 3792 ac

8 3855 9 3870 .
99 3812 231 3908 improbe
253 3811 358 3874 lalsum·
376 3816 467 3880 zelum
491 3818 647 3878 obtendant
668 3817 779 3896 prohni
801 3817 858 3880 Dei
885 3827 1102 3895 contemptores.
1151 3807 1218 3870 Hoc

101 3890 213 3972 quadem
233 3911 341 3950 summo
365 3893 510 3958 sacerdote
533 3893 648 3974 dignum
673 3903 746 3967 erat,
775 3914 861 3970 quum
879 3892 935 3952 nei
957 3907 1063 3950 nomen
1080 3883 1219 3976 ptohfflsfi

100 3966 198 4030 violari
217 3965 337 4040 audiret,
356 3987 415 4027 non
433 3967 520 4026 modo
538 3967 612 4026 intus
632 3967 726 4028 uriae
745 3968 877 4044 cruciari,
904 3967 953 4028 sed
971 3960 1161 4024 detestationis
1180 3979 1219 4017 sr-

101 4063 189 4124 gnum
209 4042 298 4127 palam
317 4043 396 4102 dare:
418 4043 467 4103 sed
487 4062 600 4102 exarnen
619 4043 978 4123 repudians,*praepostere
996 4038 1049 4098 sibi
1067 4036 1126 4116 ipsc
1144 4033 1219 4095 blas·

103 4119 243 4200 phemiam
262 4117 404 4182 confinxit.
442 4119 555 4182 Interea
576 4129 671 4180 tamen
692 4119 810 4198 perfidus
830 4116 988 4198 hypocrita,
1017 4112 1134 4176 alienam
1153 4130 1219 4193 per·
1280 4175 1282 4186 Α

102 4217 200 4274 sonam
218 4193 367 4274 sumendo,
385 4193 441 4260 Dei
461 4194 546 4254 servis
566 4193 753 4279 praescripsit,
773 4215 854 4274 quam
873 4189 997 4272 graviter
1014 4187 1146 4250 ferendae
1163 4187 1220 4248 sint

102 4269 296 4356 blasphemiae,
315 4291 422 4353 suoque
440 4270 576 4354 exenrplo‘
588 4283 697 4352 turpem
715 4289 815 4334 eorum
833 4264 970 4347 &naviam
985 4263 1133 4342 muravit,
1151 4281 1222 4346 quos
