2804 4762
177 193 250 270 ,ltt
337 175 340 186 ’
462 143 674 254 SEGerL
713 205 789 254 rrru
806 203 1053 304 munussursc

191 339 327 423 obripui,
384 337 457 402 ‘reli
513 338 642 418 etrubae
657 340 716 404 eiua
733 341 776 404 rei
793 353 924 408 auctores
941 344 1072 410 lueruntr
1089 365 1154 407 nam
1170 343 1270 408 ethos
1285 365 1317 406 ex

190 421 285 482 tumre
303 437 354 482 vec
375 417 397 478 is
416 417 461 482 col
482 405 567 501 gitur.
804 488 807 496 Ι
963 493 965 500 y
993 445 1000 452 ·
1027 461 1031 466 -
1263 465 1266 470 ,

266 499 295 558 9.
337 495 480 554 Horarum
503 493 580 554 lilio
603 493 710 554 Dorici
754 493 886 556 Precatio
910 495 982 560 haec
1002 519 1039 560 ex
1062 494 1161 562 Psalm.
1180 493 1250 573 118,
1272 494 1317 560 25.

191 584 299 654 sumpta
322 582 375 632 est.
422 570 562 632 Consulto
585 569 668 630 ctiam
694 571 851 632 Matthaeus
877 570 1021 636 hebraicas
1046 597 1132 637 voces
1153 577 1266 650 recitat,
1287 588 1317 634 ut
1386 627 1387 638 ,

191 649 318 724 sciamus,
336 667 396 706 non
415 657 525 716 temere
540 645 618 706 datos
639 643 723 708 suisse
746 645 859 708 Christo
878 647 1003 725 plausus,
1026 671 1080 712 nec
1097 665 1178 732 vota,
1202 671 1272 731 quae
1289 649 1319 710 io

191 723 309 790 buccam
328 721 470 785 venissent
488 721 640 802 discipulis,
664 723 725 782 sloe
745 720 855 784 delectu
879 723 969 784 effosa
992 745 1067 802 esse,
1090 727 1140 789 sed
1158 740 1319 788 reverenter

192 814 323 881 sequutus
343 817 403 860 esse
423 797 555 880 precandi
574 797 702 873 sormam,
823 819 878 880 per
897 821 930 860 os
945 801 1104 882 Prophetae
1120 803 1239 886 Spiritus
1256 825 1319 864 sau-

192 891 256 940 ctus
281 875 334 937 toti
357 874 500 938 Ecclesiae
523 875 682 942 dotaverat.
758 895 895 956 uunquam
916 876 991 936 enim
1014 877 1050 936 de
1072 899 1164 960 regno
1189 901 1240 942 suo
1264 879 1318 939 illic

149 993 153 1008 .
192 955 319 1027 disserat,
340 971 398 1012 noo
416 964 511 1012 tamen
528 950 642 1012 dubium
662 961 720 1026 est,
739 951 808 1032 quio
828 953 975 1044 praecipue
994 952 1126 1033 respiciat
1136 955 1220 1034 ipse,
1237 956 1321 1016 olins-

193 1051 247 1112 que
266 1029 405 1109 respicere
425 1027 492 1090 velit
511 1028 545 1088 ad
564 1039 705 1088 aeternam
724 1047 936 1102 successionem,
954 1049 1036 1110 quarn
1075 1029 1197 1091 ollicitus
1217 1032 1255 1094 illi
1275 1032 1323 1090 iu-

193 1119 253 1168 erat
270 1105 418 1166 Dominus.
462 1105 630 1184 Perpetuam
655 1103 730 1163 enim
757 1104 856 1164 orandi
879 1103 904 1166 lc
927 1125 971 1166 em
988 1051 1129 1166 Eccllisiae
1150 1108 1324 1188 composuit,

192 1203 262 1264 quse
287 1181 372 1248 ctiam
397 1177 524 1260 collapsis
549 1179 630 1262 regui
648 1179 757 1260 opibus
781 1180 810 1240 in
836 1202 889 1242 usu
906 1124 997 1241 locet.
1042 1181 1085 1242 lta
1104 1201 1142 1240 ue
1165 1181 1325 1244 invaluerat
1385 1211 1386 1234 1

192 1257 379 1330 consuetudo,
398 1265 432 1315 ut
450 1257 485 1314 de
504 1255 700 1335 redemptione
717 1255 856 1336 promissa
870 1257 970 1338 passim
991 1255 1030 1315 bis
1050 1277 1098 1316 ver
1119 1256 1141 1318 is
1160 1269 1228 1318 vota
1247 1281 1326 1320 con-

192 1337 327 1417 ciperent.
356 1333 391 1392 Et
410 1331 558 1392 consilium
572 1333 707 1393 Matthaei
725 1333 781 1392 luit
797 1332 897 1410 (sicuti
908 1351 1001 1414 nuper
1014 1331 1153 1416 attigimus
1187 1331 1327 1395 hebraice

191 1411 299 1474 retem
318 1407 427 1470 celebre
447 1429 575 1482 carmen,
602 1420 634 1466 ut
652 1407 782 1482 doceret,
802 1409 945 1470 Christum
963 1413 981 1468 a
999 1409 1080 1469 turba
1098 1411 1126 1470 lt
1147 1421 1328 1488 „emptorem

160 1488 277 1564 glutisse
298 1484 432 1568 agnitum.
476 1483 592 1544 Paulum
617 1483 729 1564 quidem
753 1483 855 1544 inflexa
877 1498 919 1546 est
943 1484 1093 1546 verborum
1116 1483 1328 1566 pronuntiatio:

181 1563 289 1646 potius
306 1561 380 1622 enim
400 1559 547 1620 dicendum
568 1571 638 1634 erat,
659 1559 828 1634 Hoscbiana,
846 1561 961 1622 Salvum
982 1560 1026 1622 sac
1045 1561 1177 1622 obsecro:
1199 1561 1246 1620 sed
1265 1561 1327 1621 sci-

191 1662 267 1714 mus,
288 1637 334 1698 vix
358 1635 489 1717 possein
513 1635 631 1712 alienant
654 1635 777 1728 lingnam
801 1637 886 1695 verba
907 1637 1069 1714 mansfcrri,
1095 1639 1162 1716 quin
1182 1635 1284 1717 aliquid
1303 1657 1324 1696 e

190 1737 262 1778 sono
280 1727 415 1776 mutetur.
453 1711 515 1772 Nec
539 1731 607 1770 rero
633 1711 753 1790 Spirrtps
771 1711 911 1800 populum
934 1724 1060 1772 veterem
1083 1712 1219 1794 dunlarat
1240 1713 1322 1774 insti·

191 1795 261 1864 mit,
286 1804 318 1851 ut
341 1786 464 1868 quotidie
485 1806 536 1864 pro
559 1806 651 1864 regno
674 1784 778 1847 chriso
803 1798 868 1846 vota
894 1785 1012 1860 faceret,
1040 1787 1092 1847 sed
1115 1789 1199 1850 nobis
1224 1787 1322 1850 eadem

192 1890 267 1928 nrroc
285 1863 483 1948 praescribitur
502 1859 605 1940 regula.
642 1861 679 1920 Et
696 1880 762 1922 sane
781 1881 865 1940 quum
887 1861 965 1930 Dotis
984 1881 1042 1921 non
1062 1862 1116 1922 nisi
1135 1885 1189 1943 per
1207 1877 1321 1938 manum

191 1945 256 2006 Filii
274 1943 317 2004 soi
335 1957 452 2018 regnare
470 1935 550 2005 velit,
577 1957 662 2014 quum
685 1935 815 2009 dicimus,
843 1935 981 1996 Adveniat
1003 1957 1124 2020 regnum
1148 1952 1243 2016 tuum,
1267 1941 1319 2002 sub

116 2025 129 2052 ‘
192 2023 241 2082 bac
263 2017 396 2100 particula
419 2013 491 2070 idem
516 2022 646 2088 notatur,
675 2012 749 2092 qood
775 2012 805 2071 in
826 2011 939 2072 Psalmo
961 2011 1060 2072 clarius
1083 2033 1244 2097 expressum
1267 2029 1318 2077 est.

191 2095 274 2158 Adde
292 2091 367 2171 quod
386 2091 479 2150 Deum
501 2099 642 2171 rogantes,
659 2100 693 2148 'ut
711 2086 813 2162 Filium
832 2109 911 2148 soum
930 2087 1012 2148 nobis
1030 2089 1143 2172 Regem
1163 2106 1318 2167 conservet,

190 2173 309 2234 latemur
329 2169 384 2228 boc
403 2183 522 2258 regnum
542 2184 633 2256 neque
653 2163 809 2224 humanitus
829 2177 953 2224 erectum
974 2185 1044 2239 esse,
1062 2188 1098 2226 ne
1120 2189 1155 2228 ue
1175 2169 1319 2229 hominum

190 2248 295 2310 virtute
313 2243 453 2316 sustineri,
472 2239 521 2302 sed
540 2239 673 2300 invictum
691 2252 766 2302 stare
785 2239 899 2302 coelesti
913 2241 1065 2332 praesidio.
1092 2190 1199 2306 icuire
1217 2245 1319 2306 dicitur

190 2341 220 2385 rn
240 2327 295 2386 Der
314 2337 442 2394 nomme,
481 2317 509 2376 ui
528 2338 559 2400 pe
579 2337 638 2376 non
657 2317 773 2401 ingerit,
797 2317 845 2378 sed
865 2318 921 2378 Der
939 2316 1064 2380 ius‘suct
1083 2321 1318 2400 mandato‘susci-

190 2401 233 2481 pit
250 2423 282 2460 re
305 2421 385 2460 num:
409 2340 487 2476 quoh
506 2413 540 2454 ex
557 2395 657 2454 Marco
677 2393 779 2460 certius
797 2393 952 2476 colligitur,
969 2394 1018 2456 ubi
1037 2395 1149 2458 additur
1167 2397 1248 2457 altera
1267 2418 1318 2458 ac-

189 2477 329 2550 clamatio,
349 2471 534 2536 Benedicturo
552 2491 673 2552 regnum
691 2473 779 2551 patris
794 2471 885 2532 nostri
902 2471 1003 2547 David,
1021 2472 1098 2552 quod
1116 2474 1193 2535 venit
1212 2473 1241 2532 in
1261 2495 1319 2534 uo·

189 2551 266 2608 mine
285 2547 412 2610 Domini.
445 2547 508 2608 ,Sic
530 2546 777 2628 enimloquuntur
793 2544 1008 2628 promissionum
1025 2563 1166 2630 respectu:
1191 2547 1254 2630 quis
1271 2561 1318 2610 te-

188 2633 275 2684 status
294 2623 386 2682 suerat
404 2621 554 2728 Dominus,
577 2643 608 2682 se
626 2623 738 2684 tandem
757 2622 827 2688 illius
845 2623 942 2706 populi
958 2623 1022 2684 fore
1040 2622 1317 2702 liberatorem,‚mo·

189 2697 311 2776 dumque
338 2696 395 2756 desi
418 2708 532 2756 naverat
555 2699 636 2778 regui
659 2697 774 2760 Davidis
800 2699 1060 2768 instaurationem,
1091 2701 1222 2776 Videmus
1245 2722 1316 2785 ergo
1385 2751 1386 2756 ,

178 2773 330 2851 'bonorem
350 2715 525 2858 Mebiatoru,
550 2791 568 2830 u
589 2793 645 2848 quo
667 2795 762 2834 rerum
781 2777 908 2836 omnium
931 2787 959 2834 et
977 2774 1070 2835 salutis
1090 2775 1230 2836 restitutio
1250 2799 1317 2857 spe·

189 2847 277 2910 raeda
298 2859 374 2920 erat,
400 2847 513 2907 Christo
538 2845 631 2912 tribui.
683 2849 782 2922 Quum
804 2863 898 2912 autem
919 2849 1027 2934 plebeii·
1044 2850 1153 2908 suerint
1174 2853 1318 2932 rudesque
1385 2859 1386 2870 ¹

188 2925 300 3001 idiotae,
321 2921 368 3005 qui
386 2942 506 3002 regnum
526 2921 632 2980 Christi
649 2937 789 2988 vocarunt
806 2949 925 3010 regnum
940 2923 1062 2998 Doridis,
1083 2923 1147 2984 binc
1166 2925 1317 3006 discamus,
1385 2953 1386 2960 ¹

187 3000 387 3082 tritamvulgo
407 2995 491 3058 luisse
510 2995 584 3084 bouq
601 2989 771 3076 doctrinam,
797 3023 868 3083 quae
888 3001 968 3064 hodie
987 3005 1083 3062 coacta
1103 3012 1132 3060 et
1149 3001 1219 3084 dura
1238 3005 1316 3064 mul-

187 3079 223 3138 tis
241 3077 365 3152 videtur,
389 3073 451 3155 quia
471 3071 500 3131 in
519 3071 667 3152 §criptura
687 3094 787 3156 parum
811 3091 877 3142 sunt
901 3075 1050 3140 exercitati.
1089 3077 1174 3157 Apud
1196 3079 1314 3140 Lucum

187 3154 326 3214 adduntur
344 3171 432 3235 pauca
450 3148 544 3222 verba,
560 3171 626 3225 pax
645 3153 677 3210 io
695 3157 780 3226 coelo,
799 3165 830 3216 et
869 3159 945 3216 loria
964 3158 996 3213 in
1014 3153 1187 3213 altissimis:
1213 3157 1314 3234 quibus

187 3227 262 3287 nulln
279 3231 406 3295 subesset
424 3223 587 3302 obscuritas,
605 3225 658 3287 nisi
678 3231 753 3309 quod
773 3177 902 3313 angelon
922 3231 1031 3294 cantico
1052 3251 1112 3288 non
1130 3233 1314 3321 respondent,

182 3304 264 3380 ‹quod
286 3307 377 3385 capite
400 3307 427 3366 2.
452 3301 606 3364 babuimus.
644 3303 716 3366 Nam
741 3307 797 3368 illic
820 3307 914 3392 angeli
938 3307 1057 3390 gloriam
1080 3307 1145 3366 Deo
1170 3329 1200 3366 ιη
1227 3307 1312 3372 coelis

185 3378 238 3436 assi
260 3393 341 3455 nant,
360 3378 519 3440 bominibus
538 3399 607 3442 vcro
626 3401 723 3460 pacem
742 3383 879 3446 interra:
908 3381 955 3444 bic
974 3395 1030 3443 tans
1048 3403 1103 3475 pax
1122 3403 1205 3463 quom
1224 3385 1313 3467 gloria

184 3453 220 3540 acl
238 3397 332 3542 licum
350 3453 481 3516 refertur.
519 3455 554 3513 ln
577 3476 661 3521 sensu
684 3469 779 3518 minen
801 3459 871 3519 nibil
894 3470 937 3522 cst
961 3459 1078 3520 dissidrr:
1106 3481 1170 3518 nam
1195 3463 1247 3522 etsi
1269 3459 1312 3520 di-

184 3539 313 3588 suorum
336 3529 429 3612 angeli
452 3551 560 3593 cansam
584 3531 790 3612 demonstrhnt,
820 3557 871 3598 cur
894 3537 960 3598 Deo
982 3533 1103 3619 gloriam
1128 3536 1191 3594 cani
1215 3538 1312 3598 deceat

184 3604 260 3740 (guia
278 3601 463 3684 scilicetcius
481 3607 671 3668 misericordia
689 3611 719 3668 in
739 3611 793 3672 boc
812 3613 917 3675 mundo
935 3632 1006 3703 pace
1018 3611 1150 3672 fruantur
1164 3612 1309 3688 homines),

184 3679 193 3738 i
213 3699 262 3740 em
276 3691 372 3740 tamen
389 3679 443 3740 sibi
460 3681 533 3757 vult,
558 3685 634 3762 quod
653 3707 730 3746 nunc
749 3687 831 3747 tdrba
850 3689 1005 3769 praedicat,
1029 3687 1063 3746 in
1082 3688 1164 3748 coelo
1184 3709 1243 3748 esse
1260 3708 1308 3768 pa-

184 3772 246 3821 cem
280 3755 345 3838 quia
364 3755 480 3831 scimus,
501 3779 562 3818 uon
577 3757 662 3820 aliter
685 3761 798 3824 miseras
822 3763 981 3832 animassiu
1000 3765 1108 3825 mundo
1127 3764 1236 3846 pacari,
1256 3761 1307 3824 nisi

182 3851 213 3892 se
232 3779 284 3896 illis
301 3833 381 3896 Deus
399 3853 416 3895 e
434 3831 516 3896 coelo
535 3835 708 3899 reconciliet
797 3909 803 3919 ¹
856 3904 859 3913 ,

126 4103 131 4122 1
227 4031 555 4174 ·(1'70.')¹LUC,X1X.
579 4037 631 4150 ll.
643 4088 684 4154 Et
696 4097 729 4153 ut
739 4095 1007 4181 appropinquavit
1017 4093 1132 4162 videns
1141 4065 1309 4180 civitatem,

106 4177 119 4202 ⁸
177 4173 374 4286 llerit'hl'rper
391 4183 454 4266 illo,
478 4183 596 4263 dicens,
627 4179 678 4255 tt.
696 4189 729 4268 Ο
746 4195 773 4256 si
793 4200 1000 4282 cognovisses
1017 4209 1048 4266 et
1066 4209 1109 4274 tu.
1129 4199 1308 4290 etquidem

179 4281 358 4358 inistodie
373 4298 437 4358 too,
460 4303 541 4369 quer
562 4285 735 4393 asl'poceru
757 4295 1196 4385 toourpertinent,souuerse:
1213 4295 1309 4384 nuuc

678 4547 682 4552 .
749 4507 769 4536 b-
