2796 4774
1 1682 3 1743 ἱ
99 1685 175 1751 enini
200 1683 376 1768 poenitentia
400 1695 429 1743 et
452 1683 577 1743 remissio
597 1697 787 1764 peccatorum,

34 1805 37 1808 -
99 1773 158 1825 ster
182 1761 327 1824 crucifixus
352 1772 395 1822 est
419 1781 483 1820 cum
511 1757 624 1822 Christo
645 1761 748 1836 (Rom.
768 1764 797 1836 6,
816 1761 877 1837 6.),
897 1772 930 1820 ut
947 1779 1000 1842 per
1022 1758 1145 1850 eiusdem
1163 1778 1230 1841 gra-
1335 1772 1344 1806 ι·

187 259 193 281 ”
277 306 279 314 ,
327 235 510 324 (ild-22⁰.
548 235 676 326 Christus
694 234 836 321 diripuit
853 236 1006 320 apparet).
1079 229 1084 238 ’
1164 238 1223 300 409
1311 215 1317 226 ’

4 381 6 384 ’
91 414 157 460 nuru
176 387 328 468 calumnia,
348 389 396 528 igni
416 401 559 454 externam
579 387 737 452 doctrinam
755 381 915 454 obtendunt
932 369 1131 470 superuacuam
1148 386 1223 464 Iore,
1274 385 1280 404 ²

93 471 118 548 si
139 468 216 561 nulla
238 468 356 560 npbisa
393 465 741 604 ipteIIIggndumbIacsultas
754 466 1082 606 iialhuoralimhwpgptmi‘
1107 464 1223 599 ,ἅρπυι-

85 555 503 710 i'ii’siiruuiffbihiuffiin
523 563 649 710 {dilui
672 561 1008 709 {iihagidffuhaa
1023 561 1229 698 ‘lhd'iiliiiss

93 719 158 759 non
179 697 311 790 lusoriam
336 717 396 788 esse
418 705 538 786 ministri
556 694 696 774 loquentis
715 715 841 776 operam.
879 695 1007 787 quimus
1027 695 1116 768 enim,
1137 704 1223 830 post-

94 793 178 854 quam
200 771 538 865 gntelligentiaebpiritu
557 769 670 830 donavit
694 791 773 845 suos,
796 790 858 830 nou
879 789 940 832 sine
966 771 1060 833 fructu
1081 791 1136 852 apu

93 1013 154 1063 tem
173 1003 276 1063 attinet
294 1003 327 1062 ad
345 1000 430 1062 verba
451 997 569 1073 Christi,
592 1009 703 1079 sumpta
723 1010 789 1060 sunt
810 1020 845 1060 ex
863 998 912 1060 illo
930 998 1087 1080 principio,
1097 999 1224 1060 Necesse

95 1090 140 1141 est
164 1077 298 1168 compleri
321 1073 608 1167 quicquids‘criptum
630 1085 700 1208 est:f
717 1073 782 1154 quia
806 1074 877 1135 nihil
899 1090 1041 1170 per'sups
1066 1074 1225 1164 Prophetas

95 1165 271 1304 iiiiii?
291 1149 1227 1320 ltt’,tttltdt‘t‘,,ttttbttlallltbtl‘tlt

2 1365 6 1380 ,
96 1325 202 1387 nempe
224 1325 310 1384 quum
328 1303 390 1364 linis
410 1315 439 1362 et
458 1302 652 1385 animahegis
671 1315 707 1362 sit
727 1301 868 1391 §hristum
887 1299 951 1384 quie
972 1293 1019 1364 uid
1035 1304 1097 1368 sine
1115 1302 1176 1384 ipso
1197 1311 1228 1361 et

97 1393 177 1444 extra
201 1381 291 1472 ipsum
315 1379 509 1461 cognoscitur,
533 1379 616 1440 inane
639 1391 670 1440 et
687 1379 812 1440 ieiunum
832 1401 900 1442 essu.
941 1325 1039 1454 (inam
1058 1390 1090 1438 ut
1107 1377 1228 1514 gulaque

2 1541 3 1544 Ἴ
96 1457 127 1520 iu
151 1459 297 1537 Scriptura
320 1456 427 1536 optime
449 1453 588 1554 proficere
614 1455 722 1534 cupiet,
751 1466 863 1538 sempe'r
885 1456 1009 1522 intentus
1033 1455 1107 1516 sita
1150 1453 1237 1516 hunc,

96 1553 223 1614 scopum.
242 1534 322 1594 Iam
346 1553 416 1592 vero
437 1533 481 1591 hic
500 1531 596 1612 priore
610 1531 680 1592 ¹locu
705 1543 827 1594 mortem
846 1553 922 1593 suam
942 1543 972 1594 et
989 1530 1228 1593 resurrectionem

2 1669 3 1674 ,
97 1611 181 1691 ponit
191 1609 327 1683 Christus,
346 1608 446 1668 deinde
466 1607 589 1668 fructum
604 1607 653 1688 qui
673 1629 706 1669 ex
725 1609 943 1715 utraguenobis
962 1599 1103 1744 provenit.
1142 1605 1229 1666 Unde

807 1705 862 1744 nisi
881 1705 944 1766 quia
982 1700 1050 1744 omo
1074 1693 1155 1743 vetus
1172 1701 1230 1742 no-

99 1838 168 1898 tiam
192 1857 369 1920 resurgamus
399 1837 433 1914 iu·
461 1835 535 1898 vitae
564 1835 734 1897 novitatem?
766 1837 830 1916 quia
858 1836 941 1898 etiam
971 1835 1107 1898 sacrificio
1130 1834 1230 1896 mortis

1 1930 2 1975 ῑ
99 1915 159 1976 eius
175 1913 292 1993 'expiata
315 1924 381 1974 sunt
402 1914 516 1996 peccata
535 1923 645 1988 nostra,
663 1918 700 1974 'et
719 1913 856 1994 sanguine
874 1913 985 1974 ablutae
1003 1913 1113 1987 sordes,
1134 1931 1230 1972 resur·

98 1990 228 2056 ucctIone
246 1993 317 2050 vero'
336 2001 415 2071 parta
433 1987 551 2050 iustitia?
590 1991 686 2050 Docet
704 1989 804 2072 igitur,
824 1989 854 2048 in
873 2001 968 2050 morte
987 1995 1038 2050 sua
1057 1999 1086 2050 et
1103 1995 1230 2049 renuite·

1 2095 2 2102 ι
101 2067 199 2126 ctione
229 2087 338 2126 causam
368 2075 398 2123 et
422 2067 571 2137 materiam,
590 2077 702 2126 nostrae
726 2065 820 2126 salutis
849 2087 909 2126 esse
934 2065 1137 2156 quaerendam:
1165 2062 1231 2158 quia

1 2167 2 2176 ι
101 2142 167 2202 iude
185 2151 280 2200 manat
300 2140 492 2202 reconciliatio
516 2161 580 2202 cum
604 2143 683 2213 Deo,
707 2151 736 2201 et
751 2141 933 2222 regeneratio
954 2163 984 2200 in
1000 2147 1104 2200 novam
1122 2161 1159 2225 ac
1174 2153 1232 2218 spt-

100 2213 232 2281 niualem
251 2216 347 2277 vitam.
386 2217 511 2294 Ideoque
535 2216 638 2275 diserte
662 2215 845 2307 exprimitur,
858 2237 931 2308 nou·
944 2235 1027 2296 posse
1044 2227 1113 2296 ¹tani
1131 2213 1233 2276 remis·

102 2295 212 2386 sionem
236 2302 542 2426 peccatorum'pnguam
561 2292 766 2381 poenitentiam
785 2311 839 2354 nisi
856 2313 887 2350 in
906 2311 964 2352 eius
984 2291 1100 2351 nomine
1119 2290 1232 2373 praedi·
1325 2301 1327 2304 ’
1378 2343 1381 2354 .

102 2391 176 2436 cari:
200 2390 264 2450 quia
287 2389 341 2429 nec
363 2387 427 2450 sper
482 2389 497 2428 a
521 2377 562 2428 est
582 2367 662 2428 nobis
681 2366 803 2428 iustitiae
821 2365 985 2449 imputatio,
1008 2383 1063 2427 nec
1081 2366 1232 2448 abnegatio

101 2446 194 2508 nostri
216 2446 346 2524 vitaeque
371 2443 480 2506 novit-m
502 2441 653 2525 contingit,
677 2443 885 2522 nisiiquatenus
904 2443 967 2526 ipse
984 2441 1074 2502 faetus
1092 2442 1275 2504 estnobis».

101 2522 206 2584 iustitia
224 2535 255 2583 et
273 2520 466 2592 sanctiticatlo.
504 2520 596 2580 Porro
623 2519 687 2600 quia
711 2519 776 2579 alibi
795 2519 910 2602 copiose
927 2517 1106 2581 tractavimus
1127 2518 1233 2580 dehac

83 2591 251 2682 2Evangelii
274 2618 395 2672 summa,
419 2596 503 2658 satius
518 2607 569 2686 ,ιιι
592 2594 713 2666 lectores
728 2595 803 2688 ‚inde
824 2607 936 2680 petere,
960 2595 986 2660 si
1008 2594 1075 2684 quid
1097 2595 1240 2658 memoria

105 2685 167 2738 ndu
186 2685 315 2750 teneant,
335 2695 418 2755 quam
436 2683 606 2754 repetitione
625 2694 746 2734 onerari.

180 2755 227 2826 47.
267 2753 305 2811 In
325 2773 424 2814 omues
469 2759 565 2821 cutes,
590 2749 870 2825 inhaeserimus.
908 2747 994 2813 Nube
1018 2747 1093 2810 clare
1119 2747 1234 2810 demum
1264 2810 1268 2815 ,

1 2893 2 2916 ,
105 2828 199 2908 aperit
217 2827 360 2903 Christus,
379 2771 470 2907 quoi

474 2837 539 2886 ante
559 2825 710 2902 celaverat,
728 2823 929 2906 redemptionis
948 2845 964 2888 a
982 2846 1014 2887 se
1026 2825 1127 2886 allatae
1146 2826 1235 2907 grati-

105 2925 151 2966 am
167 2904 356 2966 communiter
374 2905 408 2964 ad
427 2921 525 2964 omnes
544 2913 644 2985 gentes
662 2915 768 2983 patere.
797 2889 860 2965 Etsi
878 2899 953 2962 enim
972 2923 988 2962 a
1004 2901 1155 2981 Prophetis
1173 2923 1235 2962 non

105 2980 194 3042 semel
216 2980 359 3062 praedicta
384 2974 476 3040 hierat
502 2978 640 3038 Gentium
663 2977 791 3054 vocatio,
813 2997 873 3040 non
896 2989 993 3040 tamen
1017 2978 1057 3038 sic
1078 2988 1138 3038 erat
1155 2990 1236 3134 gartgeg
1273 3063 1276 3070 ,
1300 2993 1331 3046 ¹„

105 3057 194 3132 facta,
219 3067 251 3116 ut
273 3077 317 3116 eas
340 3055 422 3128 facile
440 3073 535 3117 secum
555 3055 735 3116 admitterent
752 3055 848 3116 Iudaei
866 3055 896 3114 in
915 3075 995 3136 spem
1014 3052 1116 3114 salutis.

106 3155 198 3215 usque
216 3133 251 3194 ad
269 3131 505 3197 resurrectionem
525 3148 586 3191 nen
604 3131 660 3190 Iuit
679 3129 820 3205 Christus,
847 3130 905 3192 nIsi
925 3130 1008 3190 unius
1034 3127 1116 3192 electi
1138 3129 1238 3210 pupula

65 3219 70 3232 “
107 3211 228 3275 creditus
246 3208 431 3296 Redemptor.
466 3211 511 3268 'lli
531 3217 601 3266 tuuc
619 3208 741 3288 primm
765 3199 858 3266 diruta
882 3206 938 3268 luti
961 3204 1097 3280 maceria,
1120 3219 1165 3280 ut,
1189 3205 1238 3285 qui

108 3285 233 3348 extranei
258 3295 287 3346 et
309 3285 387 3366 prius
410 3284 528 3365 dispersi
552 3281 678 3360 fuerant,
703 3283 733 3342 in
757 3282 832 3344 ovile
855 3281 974 3356 Domini
1002 3293 1236 3366 aggregarentur.

108 3363 229 3422 Interim
248 3373 359 3437 tamen,
382 3361 547 3426 ne'iriitum
567 3360 657 3442 videri
675 3372 771 3441 posset
788 3357 845 3420 Dei
863 3359 975 3434 foedus,
992 3357 1097 3419 locavit
1110 3357 1238 3420 Christus

108 3439 228 3498 Iudaeos
252 3437 402 3518 inpriore
423 3437 530 3576 gradu,
554 3435 665 3498 initium
687 3435 749 3496 fieri
772 3435 948 3520 praecipiens
969 3433 1005 3502 ab
1029 3434 1237 3529 Hierosolpma.
1305 3497 1310 3512 ,

109 3515 183 3581 Nam
212 3514 276 3592 qula
326 3537 394 3577 enus
450 3512 553 3574 brahae
583 3511 761 3596 peculiariter
791 3511 972 3594 adoptaverat
999 3512 1091 3587 Deus,
1126 3511 1238 3591 reliquo

109 3590 216 3650 mundo
230 3535 366 3668 praeierri
383 3590 521 3672 oportuit:
543 3588 597 3651 boc
613 3601 656 3653 est
678 3589 720 3651 ius
738 3587 986 3674 primogeniturae,
1004 3588 1080 3668 quod
1099 3585 1152 3648 illis
1171 3587 1240 3648 assi-

109 3679 180 3749 gnat
195 3664 328 3725 Ieremias
345 3668 392 3740 31,
411 3671 439 3728 9.
470 3668 555 3727 Hunc
573 3687 687 3746 quoque
706 3666 835 3727 ordinem
849 3664 998 3749 diligenter
1017 3663 1120 3756 ubique
1140 3662 1240 3723 obscr-

109 3754 159 3804 vat
177 3737 391 3831 paulutum.
411 3745 440 3814 2,
459 3742 532 3817 lt),
551 3745 628 3821 quod
647 3743 775 3804 Christus
794 3742 944 3809 adveniens
962 3737 1169 3805 annuntiaverit
1186 3760 1240 3820 pa-

1 3865 2 3892 ,
111 3833 175 3880 cent
192 3817 225 3878 iis
243 3839 290 3898 qui
309 3835 400 3897 prope
419 3827 513 3891 erant,
536 3817 637 3878 deinde
656 3817 753 3878 alienis
773 3831 804 3880 et
819 3817 946 3880 remotir.

186 3897 233 3957 48.
274 3893 340 3954 Vos
362 3903 464 3951 autem
485 3897 560 3951 estis
582 3904 683 3955 testea.
721 3895 855 3954 Nondum
879 3915 928 3956 eos
951 3891 986 3952 ad
1006 3887 1241 3974 promulgandum

1 3961 2 3968 ἵ
110 3967 297 4054 Evangelium
317 3967 441 4051 ablegat,
466 3969 516 4038 sed
534 3979 642 4030 tantum
662 3971 809 4046 admouet,
831 3989 965 4056 quorsum
983 3985 1033 4029 eos
1052 3967 1242 4044 destinaverit,
1287 3971 1291 3978 “
1316 3960 1320 3968 ’

112 4057 146 4108 ut
165 4067 195 4106 se
214 4045 245 4104 iu
266 4057 398 4125 tempore
417 4055 592 4126 comparent
629 4045 736 4106 Partim
759 4067 829 4109 vero
852 4047 904 4109 hac
927 4042 1119 4106 consolatione
1143 4065 1242 4108 eorum

113 4121 253 4183 tristitiam
271 4121 355 4196 lenlt,
375 4120 475 4257 partim
495 4121 681 4186 tersunula
700 4123 820 4207 corrigit
832 4143 937 4184 eorum
955 4119 1105 4210 ignavIam.
1145 4120 1243 4196 Quum
1338 4149 1349 4174 ο

113 4197 237 4270 recentis
255 4199 374 4272 suaede

115 4353 263 4441 gationeus
289 4351 383 4420 iuuit
410 4363 542 4420 aeternae
569 4353 627 4416 toti
655 4353 763 4419 mundo
792 4349 986 4434 pneumatum
1008 4339 1063 4414 ilbs
1084 4349 1242 4435 iniungens.

74 869 131 913 ex
150 850 302 932 scripturis
320 847 438 910 disserit
464 846 549 926 Apud
563 846 701 926 reprobos
719 867 789 908 vero
807 846 875 908 litet
899 857 1016 908 externa
1037 867 1095 910 vox
1120 789 1242 921 erariis,

94 937 159 988 scat
176 925 252 1006 quasi
274 938 393 999 mortua,
411 925 488 1004 ipsos
507 921 685 982 nihilominus
707 921 800 984 reddit
817 922 1027 984 inexcusabiles.
1066 923 1154 997 Quod
1172 943 1226 982 au·
1261 960 1265 967 ·

388 4197 506 4272 ectionis
525 4197 630 4260 conscii
649 4198 701 4260 slbi
715 4199 820 4278 forent,
838 4197 952 4260 deiectis
964 4197 1062 4258 animis
1078 4215 1139 4264 esse
1150 4208 1243 4278 ‘upor-
1282 4257 1289 4269 ,

0 4309 1 4314 1
115 4273 178 4348 tuit.
217 4273 274 4342 Hic
292 4287 405 4356 praeter
424 4296 501 4358 spem
520 4275 677 4338 incredibili
694 4275 807 4346 honore
827 4295 877 4336 eos
897 4273 1026 4342 Christum
1044 4271 1184 4368 dignatur,
1201 4272 1245 4335 le-
