2790 4764
172 273 230 336 tte
449 256 558 322 SECI'.
577 254 643 314 xv.
686 261 773 310 rasus
792 261 834 306 er
853 255 1020 306 amenum.

171 419 256 486 sionis
274 414 384 478 dederit
401 415 548 494 peccator,
566 401 677 464 admitti
692 398 753 463 vult
771 395 900 460 Cbristm
918 393 953 454 ad
970 384 1243 470 reconciliationem,
1259 405 1298 444 ne
1336 441 1341 450 ,
1390 421 1391 424 ¹

170 495 281 578 repulsa
298 493 402 552 fractus
421 485 539 548 deficiat.
593 475 697 540 Tertio
716 473 872 541 nomadum
891 481 950 543 est,
976 467 1025 529 ubi
1043 467 1104 548 quis
1122 467 1171 525 sua
1188 461 1298 524 levitate

171 588 201 636 et
219 565 407 631 inconstantia
425 568 586 642 suspectum
605 576 636 616 se
654 551 788 623 reddidit,
801 567 898 629 *posse
921 565 975 605 nos
998 549 1110 606 veniam
1132 539 1240 622 petenti
1261 537 1300 596 ita
1390 537 1391 598 l

171 653 181 712 i
222 665 334 717 oscere,
358 653 391 700 nt
416 637 615 716 inposterum
639 628 821 690 observemus
845 623 905 684 eius
929 641 1037 694 mores,
1063 613 1300 680 netolerautnm

79 747 84 753 ·
172 729 345 787 nostramet
362 709 616 781 mansuetudinem,
635 724 707 786 quae
726 723 761 762 ex
780 691 887 780 spiritu
907 695 1014 758 Christi
1034 706 1090 776 est,
1112 691 1235 754 ludibrio
1252 689 1303 750 ba-

173 804 246 864 beat.
276 792 446 856 Tenendum
467 787 542 849 enim
559 782 645 865 ipsius
664 777 783 842 Domini
803 772 949 836 consilium
968 781 1018 844 est,
1041 770 1191 832 clementia
1207 777 1304 827 nostra
1390 811 1391 822 ,

170 875 309 938 iuvandos
330 887 398 942 esse,
419 864 468 948 qui
486 859 553 944 lapsi
572 871 648 933 sunt,
666 867 699 917 ut
718 875 798 916 resur
834 863 875 914 nt
920 850 959 909 Et
976 857 1056 908 certe
1074 845 1205 908 imitanda
1222 843 1306 904 nobis
1390 883 1391 888 κ

173 950 264 1016 Patris
283 943 413 1010 coelestis
432 953 475 1003 est
493 937 618 1010 bonitas,
641 931 690 1014 qui
707 950 796 1012 procu
827 923 951 988 occurrit
968 922 1180 1004 peccatoribus,
1204 931 1237 980 ut
1256 937 1308 978 eos
1390 925 1391 986 ,

174 1027 346 1091 adsalutem
363 1019 475 1083 inritet
514 1014 610 1087 Adde,
629 1031 717 1093 quum
735 997 910 1088 poenitentia
927 997 1053 1068 mirabile
1071 997 1107 1056 sit
1125 1017 1197 1079 opus
1216 993 1310 1088 Spiri-

172 1122 235 1200 tus,
265 1116 295 1166 et
312 1098 383 1163 novi
400 1091 523 1158 bominis
542 1087 664 1163 oneo,
688 1085 712 1148 si
736 1103 798 1146 eam
819 1077 1002 1161 despicimus,
1026 1072 1079 1158 ipsi
1096 1073 1162 1134 Deo
1181 1073 1243 1134 fieri
1261 1071 1311 1130 in-

177 1204 288 1244 surrant.
907 1210 909 1217 ,
1390 1187 1391 1206 i

253 1261 302 1322 23.
345 1250 556 1314 Assimilatum
574 1253 620 1303 est
640 1257 763 1322 regnum
781 1235 952 1294 coelorum..
978 1227 1054 1306 Quia
1072 1247 1125 1287 nos
1144 1223 1179 1284 ad
1196 1222 1313 1282 miseri·
1390 1225 1391 1268 ἰ

180 1335 304 1399 cordiam
323 1331 439 1392 flectere
457 1322 571 1387 difficile
590 1321 644 1393 est,
662 1312 826 1398 praesertim
844 1329 915 1369 uero
934 1304 1087 1368 ubimulta
1104 1302 1220 1362 fratrum
1238 1297 1314 1358 vitia

173 1410 325 1475 'toleranda
344 1416 419 1479 sunt,
439 1402 538 1464 statim.
550 1395 674 1457 taedium
694 1389 816 1471 obrepit,
835 1382 993 1446 doctrinam
1011 1382 1082 1442 bane
1100 1376 1238 1472 aptissima
1256 1395 1334 1452 pa-·
1390 1417 1391 1428 ,

178 1487 278 1552 rabola
298 1482 439 1544 Dominus
463 1474 623 1546 confirmat,
647 1467 725 1529 cuius
743 1483 851 1528 summa
870 1473 925 1535 est,
948 1477 999 1522 eos
1037 1457 1066 1518 ui
1083 1457 1118 1520 ad
1134 1449 1314 1536 ignoscenda
1390 1483 1391 1488 κ

175 1568 300 1627 lratmm
322 1551 424 1620 delicta
446 1563 511 1614 sunt
533 1544 699 1610 inflexibiles
720 1543 849 1624 pessime
864 1537 918 1598 sibi
942 1480 1104 1608 consrilere,
1132 1551 1164 1592 ae
1188 1535 1315 1591 statuere

177 1639 235 1703 sibi
263 1638 356 1718 legem
383 1631 466 1692 nimis
489 1628 587 1688 duram
611 1633 641 1682 et
664 1638 793 1702 grauem,
815 1614 880 1696 quia
898 1615 1002 1674 Deum
1018 1609 1194 1693 experientur
1222 1624 1315 1683 aeque

172 1716 304 1798 ¹rigidum
324 1722 353 1772 et
372 1701 572 1768 inexorabilem
591 1717 659 1779 erga
674 1715 704 1756 se
719 1693 804 1784 ipsos.
834 1691 907 1750 Nam
922 1689 952 1748 in
965 1685 1054 1748 tribus
1068 1681 1218 1772 membris,
1228 1700 1315 1761 prae-

183 1794 267 1872 cipue
291 1783 419 1848 consistit
441 1775 607 1840 similitudo:
637 1782 793 1852 opponrtur
819 1765 896 1826 enim
924 1763 1055 1823 dontinus
1084 1781 1181 1834 servo,
1210 1776 1315 1837 angens

184 1877 290 1928 summa
308 1857 422 1924 minutis
440 1853 486 1916 vel
504 1847 701 1919 mediocribus,
720 1839 865 1925 singularis
883 1838 1031 1898 clementia
1050 1848 1191 1897 extremae
1210 1832 1315 1893 crude-

177 1943 262 2005 litati.
313 1937 367 1998 llis
389 1932 480 2008 tribus
504 1923 675 1996 observatis,
701 1915 860 2006 iaeile'erit
884 1913 1018 1994 colligere
1043 1911 1151 1976 Christi
1174 1919 1315 1982 mentem:

183 2020 251 2102 quid
270 2015 346 2078 enim
364 2029 473 2082 sumus,
491 2005 514 2068 si
534 2022 598 2064 eum
617 2001 682 2059 Deo
702 1988 892 2055 conferimur?
922 1987 982 2048 Iam
1002 2008 1072 2048 vero
1092 1987 1170 2046 cuius
1189 2003 1316 2047 summae

121 2167 127 2174 ,
179 2096 302 2180 quisque
321 2097 450 2150 nostrum
469 2083 495 2146 ei
514 2077 627 2142 debitor
646 2071 704 2134 est?
731 2072 880 2132 Postremo
900 2086 983 2146 quam
1002 2062 1077 2124 leves
1096 2073 1163 2123 sunt
1176 2061 1316 2133 offensae,
1350 2069 1364 2104 '-

185 2176 216 2234 in
237 2171 336 2254 quibus
355 2159 471 2226 obnoxii
490 2165 556 2220 sunt
572 2151 657 2214 nobis
674 2148 783 2220 iratres,
802 2147 825 2204 si
844 2141 1009 2223 expenditur
1026 2149 1124 2198 nostra
1138 2157 1205 2218 erga
1215 2138 1318 2196 Deum

181 2241 342 2332 obligatio?
370 2241 466 2319 Quen
484 2233 615 2316 indignus
633 2227 726 2306 itaque
745 2233 788 2284 est
806 2219 862 2282 Dei
879 2216 1069 2278 misericordia
1087 2211 1240 2274 homuncio
1259 2212 1319 2270 im·
1390 2223 1391 2226 ’

188 2329 286 2390 mensa
302 2316 378 2383 mole
397 2324 542 2382 oneratus,
563 2305 660 2399 quior
681 2321 696 2360 a
716 2298 760 2360 sui
781 2295 883 2360 similes
905 2287 1084 2375 implacabilis
1107 2309 1144 2348 ne
1166 2285 1320 2348 minimum
1390 2333 1391 2336 ,

175 2405 303 2486 1ιῑιιὶὼῐιιι
320 2397 453 2464 delictum
470 2383 605 2451 remittit?
645 2321 792 2454 (inanitum
811 2373 846 2434 ad
863 2369 949 2434 verba
967 2378 1089 2450 spectat,
1105 2383 1233 2455 ¹regnum
1252 2383 1318 2420 coe-

145 2492 152 2506 '
190 2487 287 2542 Ionam
307 2469 353 2536 bic
376 2480 495 2535 vocatur
516 2455 663 2544 spiritualis
687 2450 828 2514 Ecclesiae
852 2445 990 2520 conditio,
1019 2442 1074 2504 acsi
1097 2442 1209 2502 dixisset
1228 2437 1321 2499 Cbri-

192 2569 262 2619 stnsr
294 2553 333 2612 ita
355 2570 386 2612 se
407 2567 454 2608 res
477 2537 661 2604 tabetinter
683 2531 781 2592 Deum
803 2537 837 2588 et
853 2523 995 2595 homines,
1017 2517 1117 2600 ,quoad
1141 2515 1262 2577 animam
1287 2526 1320 2574 et

222 2627 338 2690 iritunlis
355 2625 431 2687 vitae
449 2617 602 2687 rationem,
626 2621 659 2672 ut
680 2608 756 2668 inter
778 2602 923 2665 dominum
945 2595 1054 2660 civilem
1074 2605 1103 2656 et
1120 2603 1266 2655 terrenum
1283 2611 1321 2652 ae
1390 2653 1391 2688 ἰ

192 2726 252 2767 erus
270 2704 383 2773 servos,
426 2691 499 2756 uoad
518 2707 664 2772 pecuniam
684 2693 714 2742 ct
731 2678 884 2760 praesentis
903 2673 978 2738 vitae
995 2671 1120 2755 negotia.

267 2781 315 2840 26.
344 2776 440 2834 Iursrt
458 2789 525 2830 eum
542 2767 685 2826 Domim
702 2747 885 2815 benumdart.
920 2753 976 2812 llic
990 2761 1090 2830 argute
1108 2732 1216 2834 singula
1233 2764 1319 2810 encu-

185 2870 255 2918 =tere
273 2849 406 2914 lrivobnn
425 2855 507 2908 esset·
541 2843 642 2919 Neque
661 2833 736 2896 euim
754 2831 777 2891 r'
800 2850 879 2888 orem
897 2829 978 2888 Deus
994 2845 1106 2904 semper
1124 2832 1246 2884 ostentat
1261 2819 1320 2878 ini.

154 2955 157 2960 ·
185 2935 248 3010 tio,
267 2931 360 2992 donec
378 2924 413 2986 ad
430 2916 658 3007 deprecationem
677 2851 813 2986 compulit
829 2904 941 2965 veniam
958 2913 1099 2995 petamus,
1121 2901 1179 2960 imo
1198 2894 1319 2978 gratuita

183 3009 321 3074 ¹bonitate
345 3021 399 3064 nos
423 2987 662 3081 praevenrttsed
686 2995 796 3044 tantum
820 2981 918 3054 docet,
943 3002 967 3041 n
990 2997 1101 3038 summo
1123 2977 1184 3035 iure
1210 2977 1240 3034 11,
1263 2991 1319 3031 110,

194 3082 387 3148 utatur'Deur
422 3066 588 3156 quidnobis
607 3065 733 3124 futurum
753 3059 796 3118 sit
834 3055 947 3119 Deinde
966 3054 989 3116 si
1004 3052 1078 3116 uelit
1098 3052 1211 3134 exigere
1227 3069 1244 3108 a
1262 3067 1320 3105 no.
1390 3049 1391 3124 i

194 3164 238 3224 bis
261 3159 339 3244 quod
360 3157 378 3216 d
417 3162 494 3223 etur,
518 3162 601 3226 quarn
624 3136 706 3199 nobis
720 3133 858 3212 expediat
882 3129 1047 3212 coningere.
1062 3130 1096 3188 ad
1119 3125 1230 3208 preces,
1254 3123 1321 3204 quia
1390 3125 1391 3198 ἐ

98 3256 107 3264 ”
187 3240 251 3299 boc
269 3237 383 3297 unicum
405 3234 531 3309 superest
547 3216 654 3299 asylum
672 3210 877 3296 peccatoribus.
923 3206 1054 3268 Notanda
1072 3215 1113 3266 est
1132 3204 1215 3264 ctiam
1234 3201 1320 3280 longa
1390 3229 1391 3270 ,

189 3315 365 3375 'summarum
378 3301 518 3372 distantia:
536 3315 602 3356 nam
620 3310 706 3386 uuum
725 3287 860 3347 talentum
879 3290 967 3344 udum
986 3293 1100 3344 centurn
1118 3279 1237 3342 denariis
1254 3275 1321 3357 plu-

187 3389 234 3452 ·rit
252 3389 301 3462 tit,
321 3385 388 3469 quid
406 3389 520 3442 centum
538 3375 645 3434 denarn
663 3367 697 3426 ad
715 3365 814 3434 decern
832 3359 1003 3423 talentorum
1021 3357 1122 3418 millia?
1201 3385 1205 3394 v
1390 3403 1391 3412 ,

180 3481 184 3496 ,
258 3466 319 3524 31.
359 3461 458 3538 Quum
479 3452 632 3512 vidissent
646 3443 787 3532 conservi,
825 3439 994 3573 Quantpam
1013 3435 1044 3496 in
1062 3433 1104 3496 hi,
1122 3430 1216 3494 verbi,
1234 3449 1321 3509 quae,
1390 3431 1391 3504 ᾗ

188 3540 316 3602 ‚rendum
338 3543 466 3596 nonest
489 3525 666 3609 mysterium,
688 3537 751 3599 quta
773 3525 869 3576 temen
892 3514 921 3572 ni
941 3513 961 3572 il
987 3511 1148 3584 continent,
1172 3507 1225 3566 nisi
1243 3505 1321 3584 qnod
1390 3525 1391 3540 ι

196 3629 294 3678 natura
314 3613 413 3684 dietat,
437 3619 466 3668 et
489 3627 543 3666 usu
566 3597 691 3681 quotidie
708 3593 858 3673 discimus,
881 3589 1025 3651 sciendum
1045 3599 1098 3660 est,
1123 3585 1205 3645 nobis
1224 3603 1321 3642 coram

191 3696 262 3756 Deo
279 3693 326 3750 tot
343 3682 514 3752 adversarios
532 3689 617 3742 testes
636 3673 707 3745 lore,
727 3679 797 3750 quot
814 3667 962 3728 nobiscum
976 3658 1075 3728 vivunt*
1089 3661 1230 3722 homines:
1255 3657 1318 3737 quia

191 3769 336 3832 ⁴lier‘inorr
352 3771 457 3846 potest,
476 3757 544 3839 quin
562 3751 625 3812 illis
633 3748 775 3830 displiceat
792 3763 828 3805 ac,
844 3742 910 3803 odio
929 3743 966 3802 sit
979 3740 1137 3813 crudelitas,
1176 3731 1320 3796 raesertim

195 3843 335 3909 dnm‘sibi
353 3839 469 3922 quisque
487 3830 602 3920 metuit,
626 3849 663 3887 ne
678 3825 718 3884 'in
736 3833 819 3902 caput
836 3839 917 3883 suum
934 3817 1073 3878 redundet
1110 3759 1176 3888 uod
1186 3813 1261 3875 videt
1279 3810 1320 3868 al.
1390 3813 1391 3886 J

196 3923 252 3985 teri
267 3919 339 3982 beri
394 3912 483 3990 Quod
501 3909 536 3971 td
554 3902 721 3968 sententiam
738 3896 866 3980 proxime
884 3905 1063 3976 sequentem,
1088 3838 1192 3952 duur-a
1210 3883 1320 3980 quaeris
1390 3949 1391 3958 χ

196 4011 253 4074 tur,
272 3993 420 4079 quomodo,
436 3987 534 4070 puniat
551 3986 638 4055 Deus,
656 3997 728 4060 quac
747 3973 832 4046 semel
851 3971 958 4032 remisit
975 3981 1099 4062 peccata:
1122 3967 1187 4047 quia
1205 3961 1319 4044 simplex

186 4074 243 4148 ,hic
266 4094 363 4136 sensus
388 4078 449 4141 est,
468 4065 535 4125 licet
554 4059 683 4125 omnibus
700 4045 919 4114 misericordiam
939 4045 1053 4122 ollerat,
1075 4044 1207 4126 indignos
1225 4054 1320 4100 temen
1390 4061 1391 4064 ¹

129 4205 135 4220 s
185 4169 272 4234 ⁴tasse,
291 4149 340 4230 qui
358 4167 391 4208 ea
409 4141 550 4214 lunantur,
567 4135 675 4218 rigidos
694 4137 851 4201 exactores,
870 4145 886 4185 a
905 4124 1006 4205 quibus
1018 4121 1099 4182 nulla
1117 4129 1212 4210 potest
1229 4118 1321 4195 impe.

158 4273 160 4280 ι
193 4225 262 4282 ttari
280 4225 370 4286 venia
408 4215 531 4282 llidlculi
547 4231 618 4275 vero
636 4218 703 4272 sunt
719 4203 859 4284 Papistae,
877 4201 944 4262 dum
963 4198 1154 4276 exadverbro-
1166 4213 1318 4275 quousque
1390 4245 1391 4264 ,

195 4300 390 4424 Ewgatorium
407 4297 507 4379 ignium
522 4287 645 4352 eliciunt
689 4283 812 4344 Certum.
826 4279 904 4359 enim
923 4288 978 4352 est,
1001 4282 1124 4356 mortem
1141 4267 1319 4334 aeternama
1390 4293 1391 4368 ,

222 4364 311 4434 bristo
323 4371 369 4436 bic
382 4373 497 4448 notari,
511 4385 573 4430 non
585 4379 708 4446 poenam
719 4353 914 4437 temporalem,
938 4371 992 4434 qua
1004 4349 1062 4414 Dei
1079 4343 1318 4414 iudiciosatisfiat
1367 4391 1370 4404 r
1390 4377 1391 4380 =
