2796 4774
164 237 204 304 tt
392 235 502 299 sucu.
521 233 602 298 xlv.
639 246 812 306 mutuus
830 249 873 330 nr
891 247 1067 304 suasiones.

165 385 247 452 candi
265 383 401 449 anesum
419 383 570 448 declarent
613 383 777 466 Non-quod
796 404 908 478 semper
929 384 1101 448 necessarius
1120 383 1158 446 sit
1176 381 1221 444 bic
1239 401 1295 466 ge-

165 475 237 537 stus,
257 463 371 542 quoties
410 481 546 535 remmus,
565 461 614 522 sed
632 462 697 554 quia
717 481 891 523 ceremonias
910 461 1048 524 hnmanae
1066 461 1217 522 infirmitati
1235 459 1294 519 uti-

164 539 205 601 les
224 538 370 622 negligere
387 483 474 598 littus
491 537 547 598 Dei
566 536 669 598 uoluit:
690 539 761 598 adde
782 537 875 612 etiam,
895 540 974 618 qnod
993 539 1155 600 excitandae
1174 535 1297 598 tarditati

164 625 284 676 nostrae
301 627 381 696 aptus
399 612 527 676 stimulus
550 624 593 674 est
611 635 721 676 sursum
739 611 840 674 tollere
858 613 970 690 oculos,
993 613 1061 676 dum
1082 625 1192 677 mentes
1212 613 1297 674 nimis
1332 613 1340 628 '

164 691 292 754 intem
309 689 466 750 subsidunt.

241 770 303 830 20(
327 765 524 827 sustulerunt
542 765 624 845 quod
639 767 839 902 supaerpunut.
871 765 968 840 Quum
988 763 1040 825 reli
1078 765 1129 839 iae,
1148 753 1301 848 post'tatt·

165 857 223 907 tam
241 841 388 903 hominum
406 843 518 904 turbam
536 843 676 918 satiatam,
699 865 761 923 pus
785 841 962 922 duodecuplo
984 787 1164 920 quoduinltio
1185 841 1302 925 p'ropo-

165 921 251 982 situm
271 918 364 980 suerat
389 920 570 994 excederent,
601 919 656 980 boc
677 941 739 981 nun
762 941 881 1000 parvum
902 915 1044 1000 miraculo·
1056 917 1234 998 splendorem
1252 929 1302 976 at„

165 995 239 1058 tulit.
269 995 318 1058 Sic
339 995 415 1056 enim
433 1016 533 1056 omnes
552 995 759 1073 intellexerunt,
780 994 885 1058 Christi
903 994 1007 1056 virtute
1025 1015 1086 1056 non
1102 992 1189 1054 modo
1202 1005 1303 1055 creata

165 1071 219 1135 sibi
244 1071 280 1134 de
302 1071 391 1132 nihilo
416 1083 478 1134 esse
501 1071 647 1146 alimenta,
675 1094 748 1154 quae
768 1073 803 1133 ad
826 1083 1002 1152 praesentem
1024 1091 1105 1131 usum
1124 1069 1302 1146 sufficerent,

166 1170 267 1211 verum
286 1149 309 1211 si
327 1170 398 1236 opus
417 1159 508 1224 esset,¹
542 1148 664 1209 rovisum
680 1169 797 1229 „quoque
817 1168 877 1208 esse
895 1147 1007 1208 suturae
1025 1145 1193 1207 necessitati:
1213 1147 1317 1208 deni,

166 1227 224 1308 ipu‘e
245 1225 322 1287 edito
342 1223 477 1286 miraculo
490 1171 616 1288 citurus
631 1225 747 1285 villustre
767 1224 825 1286 eius
843 1226 1042 1302 documentum
1061 1244 1172 1282 rursum
1185 1233 1325 1283 exstare·

166 1301 272 1380 voluit,
297 1302 372 1382 quod
396 1301 461 1362 cibo
484 1301 586 1362 relecti
607 1319 660 1392 per
685 1302 776 1362 otium
800 1312 968 1382 spectarent.
1012 1299 1161 1368 Caeterum
1185 1300 1302 1384 tametsi

167 1400 262 1458 neque
282 1397 367 1457 panes
387 1377 513 1456 quotidie
534 1377 613 1436 mults
634 1377 701 1438 licat
720 1377 858 1450 Christus,
884 1390 938 1436 uec
954 1374 1016 1452 ¹sine
1035 1375 1132 1436 labore
1150 1375 1300 1435 manuario

167 1457 214 1517 vel
231 1463 373 1536 agrorum*
384 1453 492 1513 cultura
510 1454 598 1532 pascit
614 1400 755 1528 bomines,
773 1453 853 1514 huius
871 1465 967 1514 umen
986 1451 1117 1514 historiae
1136 1449 1242 1522 fructus
1260 1451 1301 1510 ad

166 1552 220 1592 nos
238 1551 326 1609 usque
344 1528 491 1611 pertingit.
535 1530 607 1590 Nam
632 1531 708 1609 quod
725 1551 784 1590 uon
802 1529 999 1609 perspicimus,
1022 1529 1080 1590 Dei
1098 1527 1302 1588 benedictione

167 1605 265 1690 augeri
288 1603 422 1666 frumenti
446 1604 571 1696 copiam,
600 1607 675 1668 unde
695 1606 778 1665 nobis
796 1605 885 1666 victus
904 1616 1048 1685 suppetat,
1073 1615 1181 1664 tautum
1205 1603 1301 1665 obstat

167 1695 266 1744 nostra
284 1681 411 1759 socordia
430 1691 460 1742 et
478 1680 669 1763 ingratitudo..
691 1682 779 1757 Quod
798 1681 880 1744 etiam
900 1685 1016 1760 sumptis
1035 1681 1173 1742 alimentis
1194 1701 1227 1741 ex
1246 1701 1301 1738 an-

167 1781 227 1820 nuo
246 1769 387 1838 proventu
405 1777 502 1818 semen
520 1767 620 1831 restat,
647 1777 707 1817 non
731 1757 792 1817 sine
811 1757 926 1832 coelesti
944 1756 1122 1818 incremento
1141 1757 1202 1816 lieri
1221 1756 1316 1836 quis<

144 1907 147 1915 ι
167 1857 224 1918 que
241 1845 370 1894 nostrum
391 1853 445 1912 pro
465 1855 495 1893 se
515 1834 646 1908 sentiret,
666 1833 720 1892 nisi
740 1834 835 1894 eadem
855 1824 900 1892 illa
920 1832 1045 1892 obstaret
1064 1832 1198 1910 pravitas,
1216 1835 1301 1912 'quae

167 1910 265 1972 oculos
288 1921 345 1969 mm
370 1908 474 1968 mentis
497 1929 579 1999 quatu
604 1909 694 1969 carnIs
718 1919 862 1984 excoecat,
888 1929 925 1967 ne
949 1907 1126 1968 manifestum
1146 1909 1202 1968 Dei
1227 1929 1301 1988 opus

66 2005 72 2015 ·
159 1997 294 2064 ,cernunt
332 1987 424 2045 Porro
442 1984 571 2046 Christus
589 1996 721 2045 testatum
740 1983 944 2058 voluit,.sicuti
963 1983 1059 2042 omnia
1078 1983 1116 2042 illi
1134 1983 1165 2042 in
1183 2005 1300 2054 manum

166 2087 184 2126 a
207 2065 291 2204 'bam
314 2062 377 2124 data
398 2073 478 2139 sumt,
504 2060 542 2123 ita
566 2059 659 2140 cibos,
673 2049 787 2146 'inibis
810 2060 964 2137 vescimsu,
992 2058 1075 2122 uobis
1097 2081 1114 2120 a
1136 2079 1185 2123 sua
1206 2061 1300 2148 gratia

166 2160 220 2222 pro
243 2160 319 2203 uere.
1202 2185 1207 2191 .

254 2422 357 2508 (132.)
402 2419 574 2493 ΜΑΤΤΗ.
600 2421 687 2494 xlv,
739 2421 794 2504 22.
824 2419 872 2487 Et
892 2420 995 2490 statim
1022 2413 1178 2505 compulit
1203 2415 1297 2482 lesus

169 2525 347 2613 discipulos
370 2536 519 2606 suos‚‹nt
539 2524 793 2600 conscenderent
813 2525 934 2602 navim,
955 2531 987 2588 et
1006 2519 1238 2609 praecederent
1259 2539 1297 2584 se

167 2627 397 2698 inulterlorem
412 2631 521 2714 ripam,
543 2629 648 2695 donee
670 2627 840 2698 dimisisset
860 2625 980 2692 turbas.
1022 2623 1075 2692 23.
1099 2623 1148 2688 Au
1158 2620 1300 2690 dimissis

152 2725 456 2805 1turbis,.asceudit
484 2731 519 2794 iu
540 2741 680 2798 orontem
703 2730 793 2796 solus
814 2729 856 2794 ad
879 2727 1050 2794 orandum:
1076 2747 1174 2813 qupur
1195 2733 1300 2792 autem

111 2880 117 2891 .
168 2829 351 2896 advenisset
370 2851 515 2914 vespera,
536 2831 626 2897 solus
649 2841 722 2894 erat·
739 2829 813 2896 illic.
856 2827 909 2894 242
932 2831 1105 2914 Caeterum
1126 2829 1216 2892 navis
1237 2829 1300 2898 iam

167 2933 203 3000 in
224 2929 331 2998 medio
353 2933 555 3024 mariserat,
587 2942 618 3004 et
644 2929 855 3018 afflictabatur
882 2929 923 2996 ab
950 2929 1059 2998 undis:
1086 2951 1159 2996 nant
1184 2939 1300 2994 ventus

169 3045 238 3106 erat
259 3034 422 3103 adversus.
465 3033 519 3106 25.
542 3033 666 3119 Qtrarta
687 3043 791 3098 nutem
813 3036 918 3099 noctis
939 3033 1048 3120 vigilia
1069 3031 1147 3098 abiit
1168 3029 1209 3096 ad
1224 3029 1302 3096 illos

168 3137 276 3218 Issus,
304 3135 472 3214 ambulans
495 3157 593 3224 super
613 3157 710 3202 mare.
756 3135 809 3200 26.
829 3133 872 3199 Et
893 3133 952 3202 ubi
978 3134 1128 3220 viderunt
1155 3155 1226 3199 eum
1252 3132 1303 3222 di-

168 3241 286 3326 scipuli
308 3259 404 3328 super
425 3259 511 3304 mare
532 3235 761 3318 ambulantem,
787 3235 906 3310 turbati
926 3249 1015 3318 sunt,
1029 3237 1197 3318 dicentes,
1218 3233 1302 3322 Spe-

168 3353 270 3408 otrum
291 3355 353 3423 est,
379 3363 421 3407 ⁴ao
446 3362 524 3430 prae
546 3351 632 3410 metu
653 3341 926 3408 exclamaverunt:
964 3325 1018 3419 27ss
1039 3340 1104 3412 Sed
1125 3340 1228 3405 statim
1249 3337 1301 3416 lo-

167 3453 287 3536 quotus
310 3454 358 3536 est
378 3441 442 3508 illis
464 3445 563 3522 lesus,
587 3442 705 3540 dicens,
729 3429 911 3525 confidite,
933 3445 995 3532 ego
1018 3417 1098 3524 sums,
1117 3463 1159 3510 ne
1179 3452 1302 3517 terrea-
1381 3521 1382 3526 ἵ

97 3550 125 3572 ”“
167 3547 254 3614 niiui.
290 3545 356 3616 28.
382 3545 598 3631 Respondens
620 3557 724 3613 autem
745 3546 793 3612 illi
815 3549 941 3628 Petrus,
972 3547 1065 3626 dixit,
1090 3545 1243 3637 Domine,
1270 3532 1324 3610 'si

49 3729 64 3750 N
167 3662 261 3726 tuos,
281 3645 392 3737 iubeto
413 3667 464 3712 rue
485 3647 527 3712 ad
546 3657 577 3714 te
597 3651 710 3718 venire
731 3671 829 3740 super
850 3673 959 3738 aquas.
1002 3645 1300 3726 merulensis,

83 3760 86 3765 '
167 3752 263 3819 Veni.
291 3749 334 3816 Et
355 3737 453 3838 quuui
475 3749 697 3819 descendisset
719 3771 737 3816 e
758 3754 834 3818 navi
854 3753 980 3832 Petrus,
1000 3745 1300 3838 ambulabut'supur
1352 3801 1361 3808 .

167 3875 280 3948 aquas,
307 3863 345 3947 ut
364 3837 425 3924 iret
446 3850 488 3918 ad
509 3854 623 3930 lesum.
672 3855 726 3928 30,
755 3853 926 3929 Caeterum
953 3841 1059 3941 quum¹
1077 3851 1201 3920 videret
1222 3873 1300 3919 ucu-

167 3954 404 4034 tumrvalidum,
425 3957 554 4020 territus
577 3965 638 4020 ost:
660 3966 691 4020 et
713 3977 811 4042 quum
834 3959 992 4054 coepisset
1014 3957 1162 4042 detiiergi,
1181 3949 1301 4020 clausa-

165 4059 213 4120 vit
233 4058 358 4140 diceus,
385 4053 540 4136 Domine,
566 4063 658 4128 se'rva
685 4079 746 4122 mes
799 4060 851 4126 31.
881 4059 1047 4139 Continuo
1076 4043 1298 4140 auternles‘us

169 4165 292 4238 extenta
313 4183 408 4239 uranu
429 4159 640 4248 apprehendit
662 4180 742 4239 cum,
764 4169 795 4228 et
814 4159 896 4234 dixit
914 4163 954 4242 ei,
975 4163 1115 4248 Exiguae
1137 4159 1214 4228 fidei
1238 4157 1298 4226 bo-

168 4266 233 4328 mo»
252 4277 310 4326 our
330 4263 513 4364 haesistati?
545 4263 599 4355 32.
621 4262 662 4330 Et
683 4285 781 4350 quum
805 4255 1068 4400 &ingressi
1084 4267 1198 4346 navius,
1220 4283 1298 4331 con.-
