2796 4774
350 206 431 301 (2211-
469 217 600 282 Cbristua
618 218 750 279 incruee
768 215 927 295 illudisne).
1136 222 1192 286 367

62 379 143 440 enirn
162 358 427 452 dise'rtetl’ro'pheta
445 369 481 434 de
501 369 615 432 Christo
635 382 846 447 commemorat,
865 391 925 432 non
947 369 1096 454 magnilica·
1109 391 1192 452 pom.

86 478 102 514 a
121 455 301 526 liberaturum
325 471 386 512 esse
409 469 474 511 arros
493 470 509 508 a
526 458 633 521 morte,
657 447 709 510 sed
730 446 795 526 quia
815 467 940 538 poenam
960 467 1060 508 eorum
1078 445 1193 508 sceleri.

60 477 118 591 lius
137 530 259 602 debitam
277 527 390 589 subibit.
427 527 506 608 ungo
525 536 558 584 ut
576 545 630 584 nos
647 543 664 584 a
683 536 762 582 reatu
780 535 931 599 eximeret,
949 522 1122 584 necessarius
1141 521 1194 585 fuit
1244 540 1250 562 ⁸

61 607 113 667 bic
133 603 296 685 cupiationis
316 605 429 678 modus,
446 615 478 660 ut
496 620 527 662 se
546 600 575 658 in
594 598 689 677 locum
708 609 833 660 nostrum
851 599 1008 662 subiicerot.
1047 599 1104 659 Hie
1122 619 1193 661 vero

61 682 247 776 perspicitur,
267 703 349 761 quam
367 677 508 740 horribilis
528 675 568 736 sit*
582 673 641 736 irae
660 675 717 738 Dei
735 685 833 735 eontra
851 689 964 754 peccata
982 675 1102 760 gravitas
1143 687 1202 735 cu-¹

61 781 109 822 rus
132 757 284 840 placandae
302 776 383 820 causa
403 754 559 828 Christum,
578 763 722 812 aeternam
740 749 887 824 iustitiam,
909 751 939 810 in
958 753 1084 828 ordinem
1104 717 1194 814 latro-

61 857 136 896 num
159 833 262 896 coniici
294 831 429 914 oportuit.
476 827 650 909 Perspicitur
678 827 761 888 etiam
789 825 1011 907 incomparabilis
1042 849 1111 912 erga
1139 848 1194 891 uos
1233 861 1241 893 r

63 909 173 996 christi
197 930 292 986 amor,
325 908 373 989 qui
391 919 424 967 ut
446 905 548 970 sanctis
572 902 688 986 angelis·
702 923 757 966 nos
775 913 958 988 aggregaret,
971 951 974 958 .
988 924 1061 966 unus
1079 927 1114 967 ex
1132 925 1194 968 sce·
1236 910 1254 992 J
1375 968 1376 988 ,

62 987 143 1050 lestis
160 985 275 1049 censeri
293 984 431 1048 sustinuit.
628 987 631 996 “
1283 991 1285 998 “

153 1215 257 1298 (211.)
291 1212 462 1280 MATTH.
483 1209 613 1275 XXVII.
654 1209 707 1275 39.
729 1209 971 1277 Praetereuntes
993 1217 1100 1275 antem
1119 1231 1196 1278 con-
1235 1199 1242 1234 ⁸

64 1318 149 1381 vicia
171 1315 331 1383 iaciebant
352 1317 386 1380 in
411 1335 496 1391 eum,
524 1321 687 1378 moventes
710 1315 814 1400 capita
835 1335 907 1394 sua,
951 1313 1003 1378 to.
1024 1312 1070 1388 Et,
1088 1312 1216 1379 dicen-'

63 1430 128 1496 tes,
157 1422 211 1486 Tu
236 1417 309 1499 illc,
338 1419 393 1504 qui
421 1411 610 1481 destruebas
636 1413 800 1502 templum,
834 1426 866 1481 et
892 1417 928 1482 iu
951 1411 1061 1482 triduo
1084 1413 1196 1482 aedifi-

63 1521 179 1600 cabas,
212 1541 304 1585 serva
331 1529 428 1584 temet
454 1522 571 1606 ipsum:
609 1518 637 1581 oi
664 1516 766 1588 Filius
791 1517 856 1583 Dei
882 1513 931 1597 e'a,
966 1517 1127 1584 descende
1154 1517 1197 1584 dc

64 1645 172 1688 eruce.
215 1623 267 1687 ¹ll.
291 1621 443 1686 Similiter
464 1631 496 1686 et
511 1620 673 1710 principes
687 1620 900 1686 sacerdotum
921 1619 1103 1700 illudentes,
1124 1641 1197 1686 cum

63 1724 182 1792 scribis
205 1735 237 1792 et
257 1722 455 1805 senioribus,
477 1713 639 1802 dicebant,
669 1723 721 1798 42.
743 1721 838 1800 Alios
852 1725 1015 1803 ,servarim
1034 1743 1070 1790 se
1090 1725 1198 1812 ipsum

63 1849 137 1894 non
164 1820 278 1914 potest
298 1845 441 1892 servare:
477 1826 506 1891 si
532 1827 602 1890 Rex
627 1825 728 1894 lsrael
756 1835 816 1904 est,
850 1824 1023 1892 descendat
1046 1848 1136 1892 nunc
1157 1825 1200 1892 de
1242 1829 1252 1848 ‘

65 1925 236 2012 cruce,et
264 1929 428 1995 credemus
457 1930 495 1993 ei.
539 1927 592 1993 43.
622 1923 770 1996 Condidit
796 1931 830 1994 lu
859 1923 951 2022 Dico,
984 1928 1105 2018 liberet,
1126 1949 1208 2006 eum

11 2085 12 2088 ,
64 2035 214 2112 nuncsi
237 2031 413 2099 vulteum:
435 2030 511 2096 dixit
533 2033 627 2107 enirn,
651 2018 1224 2120 b'iliusDeisum.dd.ldipsurn,
1258 2105 1261 2112 ,

44 2148 174 2200 -autem
201 2145 232 2200 et
258 2133 505 2220 latronec,-·qui
538 2133 681 2200 crucifixi
712 2144 803 2200 mant
832 2155 904 2200 cum
935 2154 992 2214 eo,
1026 2132 1200 2221 exprobra·

65 2235 148 2304 baut
162 2237 210 2301 ‘ei.
287 2239 294 2262 ¹
568 2253 569 2256 ’
904 2237 906 2242 ’
1001 2237 1003 2246 ’

150 2403 294 2490 ,ΜΑΒΟ
315 2392 396 2472 'XV.
446 2405 498 2474 29.
523 2405 565 2471 Et
591 2403 647 2490 qui
675 2401 908 2490 praeteribant,
938 2401 1203 2471 conviciabantur
1260 2391 1263 2404 ⁸

70 2513 112 2590 ci,
133 2519 299 2575 moventes
320 2509 424 2594 capita
444 2525 512 2587 sua,
534 2529 572 2594 ap
593 2507 743 2586 dicentes,
756 2507 837 2593 Vae,
858 2507 914 2593 qui
937 2503 1101 2572 demoliris
1123 2517 1203 2574 tem·

67 2613 189 2701 plum,¹
205 2621 236 2676 et
256 2608 416 2682 turribus
440 2609 554 2676 dicbus
581 2611 733 2676 ¹construis:
775 2607 836 2675 30..
849 2607 950 2674 Serva
970 2617 1003 2674 tc
1023 2611 1142 2698 ipsum,
1169 2617 1203 2676 et
1314 2655 1318 2663 ·

70 2711 233 2781 descende
256 2711 423 2792 de-cruce.¹
472 2711 526 2776 31.
551 2709 703 2778 Similiter
729 2719 760 2778 et
787 2715 901 2778 summi
923 2712 1107 2779 sacerdotes
1128 2711 1203 2780 illu·
1304 2747 1307 2757 ·

69 2817 183 2884 (lentes
205 2818 289 2880 iuter
309 2835 345 2880 se
361 2835 438 2880 ,cum
459 2815 576 2880 scribis
593 2813 749 2893 dicebant,
770 2814 861 2906 Alina
883 2817 1028 2896 servavit,
1050 2818 1202 2904 seipsum

69 2941 199 2986 serrare
220 2934 287 2986 nou
309 2925 424 3004 potest.
461 2917 514 2984 32.
538 2917 685 2984 Christus
707 2917 778 2984 Rex
797 2913 899 2984 Israel
920 2917 1094 2984 descendat
1114 2937 1206 2983 nuuc

71 3023 115 3088 de
137 3043 231 3090 cruce
238 3047 249 3101 ,-
274 3028 309 3084 ut
330 3018 494 3086 videamus
517 3029 548 3085 et
569 3018 762 3086 credamus.¹
804 3021 847 3088 Et
869 3023 925 3109 qui
946 3018 1090 3086 crucifixi
1111 3025 1206 3086 crant
1256 3081 1268 3104 Ι

70 3145 145 3191 cum
166 3124 241 3201 illo,
261 3120 384 3210 probra
405 3121 564 3188 iaciebant
584 3123 619 3188 in
641 3141 723 3188 cum.

157 3294 257 3364 LUC.
281 3293 392 3360 xxltt.
418 3294 487 3372 35.
508 3295 551 3361 Et
572 3292 677 3360 stabat
700 3292 843 3380 populus
873 3302 1033 3386 spectans:
1064 3303 1096 3363 et
1119 3292 1203 3364 ‹tert-

72 3391 191 3462 debant
213 3418 283 3460 eum
296 3387 554 3486 principcc'cuni
577 3397 652 3477 illis,
676 3387 826 3473 dicentes,
848 3395 941 3462 Alios
963 3391 1112 3477 servavit,
1135 3420 1204 3465 ser·

73 3507 130 3562 vet
151 3517 187 3561 se
207 3500 325 3584 ipsum,
351 3501 379 3564 si
406 3498 459 3564 hic
479 3485 529 3565 'est
551 3497 697 3566 Christus
719 3497 774 3564 ille
795 3498 859 3564 Dci
881 3498 1009 3566 electus.
1052 3501 1105 3566 36.
1125 3482 1204 3566 tltul·

26 3649 28 3656 1
73 3595 200 3666 debant·
213 3603 361 3664 autemel
375 3611 406 3666 et
420 3599 753 3694 milites-aecedentes,
775 3610 805 3667 et
827 3612 948 3667 acetum
971 3603 1141 3670 offerentes
1164 3603 1203 3682 ei,
1290 3622 1295 3631 ·

72 3703 125 3766 37.
153 3701 385 3794 Dicentesque,
422 3701 458 3771 Si
484 3714 519 3770 tu
545 3725 579 3772 cs
606 3703 662 3770 ille
685 3697 756 3770 Rex*
782 3701 993 3786 ludaeorum,
1022 3705 1204 3787 sabundo
1261 3749 1263 3756 ·

73 3805 133 3870 lac.
154 3799 214 3887 (Et
228 3805 446 3885 paulopost.)
475 3805 529 3868 39.
548 3807 642 3869 Unus
664 3815 768 3870 autem
789 3807 1030 3885 sceleratorum,
1053 3807 1110 3892 qui
1131 3823 1203 3870 suc·

25 3969 26 3972 ,
73 3906 166 3994 pensi
201 3913 304 3981 mant,
339 3901 579 3968 conviciabatur
606 3907 649 3984 el,
688 3905 813 3987 dicens,
852 3907 888 3975 Si
914 3919 950 3974 tn
965 3907 1011 3974 ‘es
1041 3907 1202 3988 Christus,

75 4029 165 4074 serva
188 4009 345 4098 teipsum
367 4013 489 4076 etnos.
533 4003 583 4070 40.
604 3999 945 4094 Respondeas'aut'em
972 4008 1066 4088 alter,
1097 4011 1202 4078 incre-

74 4110 170 4198 pabat
191 4129 262 4176 cum
285 4109 410 4186 dicens,
434 4109 487 4174 Ne
507 4108 614 4174 Deum
637 4108 766 4195 quidem
787 4118 822 4176 tu
843 4114 944 4188 times,
964 4109 1054 4198 quod
1075 4111 1202 4197 inipso

26 4213 28 4266 l
77 4211 276 4276 damnotIone
298 4215 350 4276 esi
393 4211 445 4278 tl.
466 4211 508 4278 Et
529 4231 591 4277 nos
619 4211 748 4299 quidem
769 4214 867 4280 iuste:
898 4229 971 4276 nam
993 4210 1088 4298 digna
1104 4211 1207 4280 lactis-

76 4313 257 4408 recipimus‚
290 4311 344 4380 bic
371 4334 450 4384 vero
475 4313 556 4384 nihil
582 4311 789 4402 abaligeasit.
834 4313 885 4382 tc.
904 4313 947 4396 Et
975 4311 1070 4398 ᾶῇιῇ,
1083 4315 1125 4398 ad
1151 4317 1201 4382 le-

190 4712 198 4745 ,
437 4693 442 4704 ·
610 4742 612 4745 ¹
962 4653 972 4670 ⁹
1005 4727 1009 4733 ,
1195 4684 1222 4728 u
