2830 4772
450 87 468 154 i

535 261 660 312 numm
678 260 856 313 verrentia.
1205 255 1263 320 2¹15

134 365 243 462 diriter
260 397 421 475 venditare,
449 399 515 482 qnia
526 371 628 460 inimus
646 397 683 459 sit
700 397 889 476 Redemptor,
913 397 963 478 qni
980 409 1099 480 repente
1118 411 1199 464 etex
1217 403 1263 466 ia·
1336 419 1338 427 ⁴

134 489 248 557 sperato
267 476 385 558 gratiam
404 497 480 536 suam
494 477 524 535 in
544 495 642 536 omnes
661 474 758 534 mundi
778 473 871 608 plagas
891 477 1035 554 expandat.
1069 478 1149 540 Haec
1168 489 1273 542 autem·

134 554 211 614 inter
229 574 259 614 se
282 552 422 614 contraria
442 564 517 628 sunt,
539 551 763 632 redemptionem
781 551 924 612 incudere
942 549 973 610 in
994 550 1087 631 aliquo
1100 555 1213 638 angulo,
1232 571 1262 618 et

135 649 199 690 eam
219 629 377 690 diffundere
395 649 447 709 per
465 640 559 688 totum
580 629 695 687 orhem.=
740 627 807 688 Hoc
825 627 911 686 modo
930 629 1066 688 admoniti
1085 630 1200 692 suerunt
1218 634 1262 694 di·
1337 645 1339 648 '

135 705 249 786 scipuli,
273 725 334 764 non
358 705 473 784 amplius
492 705 522 763 in
540 704 658 764 Iudaeae
677 701 789 762 latebris
805 703 1025 782 Redemptorem
1044 726 1104 774 esse
1123 728 1263 800 quaeren.

136 779 218 860 tium,
242 782 306 862 quia
324 783 405 864 regni
423 781 569 860 pomoeria
587 779 621 838 ad
640 779 753 840 ultimos
772 797 860 858 usque
877 789 972 839 terrae
990 780 1059 841 fines
1078 783 1173 854 subito
1191 807 1262 868 pro-

135 857 220 919 feret.
259 857 355 937 Atque
374 857 442 918 haec
463 853 628 918 admirabilis
648 855 790 930 celeritas,
808 873 868 934 ·qua
913 855 1071 938 vangelium
1090 879 1142 939 per
1161 883 1261 924 omnes

135 933 234 994 mnndi
256 929 354 1014 partes'
373 933 514 1005 volitavit,
542 932 650 992 illustre
675 929 729 990 suit
755 929 868 990 divinae
887 931 1032 1010 potentiae
1059 937 1259 1000 testimonium.

135 1010 237 1090 Neque
260 1010 334 1070 enim
357 1009 477 1072 bumana
498 1007 632 1068 industria
654 1007 716 1068 fie'ri
738 1017 866 1087 poterat,
892 1016 924 1064 ut
942 1006 990 1064 lux
1008 1007 1153 1091 Evangelii
1172 1011 1261 1082 instar

35 1135 39 1142 ,
135 1086 269 1168 fulguris,
300 1085 414 1148 simulac
441 1084 568 1156 emicuit,
602 1083 636 1142 ab
655 1105 710 1144 una
730 1082 825 1142 muudi
844 1081 927 1164 plaga
945 1103 1033 1162 usque
1051 1085 1086 1142 ad
1104 1086 1260 1179 oppositam

135 1171 308 1244 penetraret:
351 1161 471 1242 ideoque
498 1159 626 1220 Christus
649 1179 709 1218 non
732 1171 839 1219 temere
863 1157 915 1218 bac
939 1159 1147 1222 circumstantia
1167 1167 1260 1226 coele-

135 1251 206 1300 stem
227 1259 303 1299 stiam
324 1237 443 1318 gloriam
455 1237 663 1296 'commendat'
702 1235 783 1296 Adde
803 1235 879 1313 quod
898 1234 949 1294 bac
968 1236 1050 1318 regni
1070 1237 1112 1298 sui
1130 1239 1260 1321 am'plitu-

128 1313 202 1374 dine
226 1317 387 1396 proposita,
419 1313 570 1374 ostendere
594 1311 683 1373 voluit
705 1311 827 1388 Iudaeae
850 1311 1007 1378 vastitatem
1022 1311 1079 1382 ,sihi
1097 1335 1157 1374 non
1176 1338 1260 1398 posse

135 1391 258 1464 obstare,
278 1390 346 1468 quin
364 1401 506 1470 regnaret.
521 1393 528 1427 t

212 1469 260 1528 28.
302 1467 473 1543 Ubicunque
484 1464 586 1537 fuerit
605 1463 742 1525 cadauer.
781 1463 886 1524 Sensus
906 1473 958 1524 est:
982 1461 1194 1548 quibtucunque
1214 1489 1260 1530 ar-
1332 1457 1335 1475 ”

135 1541 228 1602 tificiis
248 1552 368 1600 conetur
387 1542 472 1601 Satan
489 1541 544 1599 huc
564 1551 593 1600 et
609 1540 675 1600 illuc
694 1539 846 1610 distrahere
863 1539 934 1600 filios
952 1541 1017 1616 Dei,
1036 1540 1146 1624 inipso
1165 1557 1261 1608 tamen

137 1617 254 1678 Christo
279 1637 390 1678 sacrum
411 1637 470 1677 esse
489 1615 601 1678 unitatis
619 1616 774 1691 vinculum,
801 1637 858 1696 quo
877 1617 1022 1678 devinctos
1040 1621 1134 1680 teneri
1155 1643 1261 1685 conve.

135 1694 204 1753 niat.
254 1694 338 1752 Unde
361 1693 436 1756 enim
456 1693 610 1774 dissipatio,
634 1693 688 1753 nisi
726 1693 771 1752 uia
789 1691 869 1752 multi
887 1714 907 1770 a,
925 1691 1040 1754 Christo
1058 1693 1204 1776 diffluunt,
1229 1699 1259 1760 in

131 1773 194 1850 ¹quo
215 1767 276 1830 solo
296 1769 346 1830 sita
366 1782 408 1830 est
428 1778 526 1830 nostra
545 1769 681 1832 firmitas?
733 1769 796 1852 'rgo
815 1768 860 1830 hic
879 1770 979 1828 modus
996 1769 1196 1849 praescribitur
1214 1774 1262 1837 so'-

135 1846 245 1908 rendae
263 1857 374 1926 sanetae
393 1844 609 1920 coniunctionis,
628 1866 666 1906 ns
685 1866 814 1909 errorum
831 1845 1024 1907 distractiones
1044 1867 1144 1928 corpus
1158 1851 1260 1912 Eccle-

134 1921 192 1983 siae
209 1921 343 1983 lacerent:
364 1941 466 2004 nempe
486 1922 557 1983 si-in
571 1922 687 1984 Christo
707 1922 789 1994 delixi
806 1942 959 1983 manemus.
1000 1921 1089 1996 Quod
1107 1923 1260 2010 ‘diligenter
1324 1977 1328 1992 .

135 1999 291 2058 notandum
315 2011 369 2060 est:
398 2021 492 2080 neque
516 1999 591 2058 enim
610 1999 656 2060 vel
681 1999 716 2058 ad
734 2017 866 2063 romanae
888 1997 959 2058 sedis
977 1999 1139 2078 primatum,
1161 2005 1207 2064 vel
1225 2001 1262 2063 ad

135 2073 199 2135 alias
223 2095 262 2132 nu
283 2097 311 2134 as
335 2097 388 2136 nos
411 2075 542 2168 astringit
566 2075 707 2150 Christus,
739 2075 788 2134 sed
812 2073 867 2133 hoe
889 2074 976 2132 unico
1000 2076 1085 2157 modo
1105 2065 1260 2154 Ecclesiam

137 2171 215 2210 suam
240 2097 367 2244 ccilligat,
397 2152 419 2212 si
445 2153 479 2212 ad
499 2173 589 2231 ipsum
607 2151 721 2211 unicum
741 2163 824 2230 caput
842 2171 941 2210 omnes
960 2150 1083 2230 undique
1100 2155 1259 2234 respiciant.

137 2225 221 2290 Unde
245 2239 383 2306 sequitur,
413 2229 575 2308 quicunque
601 2227 627 2286 ei
652 2226 806 2292 cohaerent
824 2247 894 2305 pura
913 2226 982 2300 fide,
1011 2235 1088 2288 extra
1107 2229 1260 2294 schismatis

136 2323 198 2362 esse
223 2303 387 2382 pericnlum.
444 2305 519 2362 Ean't
537 2325 613 2362 nunc
629 2305 840 2376 ¹Romanenses,
866 2314 895 2361 et
913 2301 1103 2364 schismaticos
1123 2326 1183 2366 esse
1204 2303 1273 2366 class

135 2390 225 2452 ment,
251 2380 300 2513 pai
322 2401 353 2440 se
376 2381 398 2438 a*
412 2379 525 2440 Christo
551 2378 664 2438 alienari
688 2399 747 2438 non
771 2377 881 2452 sinunt,
907 2389 939 2436 ut
960 2377 1062 2438 latroni
1080 2381 1163 2440 fidem
1183 2401 1260 2442 suam

135 2455 308 2556 mancipat.
366 2455 455 2528 Quod
478 2449 604 2534 Pa'pistae
622 2455 674 2534 ipsi
692 2473 745 2534 pro
762 2449 863 2512 'eorum
883 2454 1018 2514 societate
1036 2456 1190 2536 accipiunt,
1212 2459 1261 2538 qui
1330 2495 1334 2502 ·

135 2530 220 2589 iidem
242 2551 328 2620 unam
351 2531 533 2620 profitentur,
553 2543 582 2590 et
601 2529 702 2610 aquilas
721 2529 771 2590 alle
794 2529 871 2588 orice
890 2542 1034 2608 exponunt
1072 2553 1105 2592 ro
1124 2535 1212 2594 acutis
1233 2547 1262 2595 et
1369 2593 1376 2612 s

136 2603 251 2664 oculatis
295 2627 391 2678 nrmrst
400 2605 533 2665 insulsum
560 2617 615 2667 est:
653 2627 739 2688 quum
789 2605 836 2665 iud
856 2625 915 2664 non
937 2605 1020 2666 fuisse
1066 2607 1146 2670 bristi
1166 2610 1261 2671 consi-

135 2679 204 2738 lium
222 2691 311 2759 paam
330 2681 380 2755 sit,
404 2702 486 2761 quam
505 2681 537 2739 ad
557 2704 587 2742 se
606 2703 709 2754 vocare
729 2683 804 2742 etin
824 2702 854 2740 se
873 2681 995 2742 retinere
1015 2684 1070 2743 Dei
1088 2685 1173 2762 filios,
1197 2686 1261 2746 ubi·

137 2777 249 2834 cunque
270 2757 326 2817 siut
345 2759 469 2836 dispersi.
508 2757 578 2818 «Nec
597 2768 666 2826 vtro
686 2758 731 2818 bic
749 2757 911 2838 simpliciter
928 2757 1045 2838 ponitur
1064 2781 1181 2841 corpus,
1211 2762 1262 2832 setl
1313 2813 1315 2822 a

116 2825 272 2892 ,cadaver
311 2835 420 2914 Aquitis
439 2846 532 2894 autem
551 2835 623 2894 nihil
636 2835 737 2895 tribuit
756 2834 894 2908 Christus,
916 2855 998 2914 quam
1019 2837 1094 2916 qnod
1114 2831 1188 2917 apuli
1205 2859 1261 2900 nos

136 2909 229 2969 corvis
252 2919 301 2968 aut
323 2909 482 2972 vulturibus
507 2923 691 2994 congrueret,
719 2931 773 2991 pro
796 2909 921 2990 regionis
942 2933 1024 2990 quam
1043 2912 1191 2974 incolimus
1210 2934 1262 2972 na·

135 2996 207 3044 tura.
251 2986 352 3078 Neque
377 2987 460 3046 etiam
486 2987 550 3046 satis
569 2987 655 3048 solida
677 2998 719 3048 est
738 2987 860 3048 aliorum
876 3007 907 3046 ar
947 2987 998 3062 tia,
1021 2989 1070 3067 q'ui
1089 2989 1263 3049 odoriferam
1341 3031 1346 3042 s

134 3061 221 3122 fuisse
241 3061 346 3122 Christi
364 3074 486 3122 mortem
506 3063 616 3137 dieunt,
635 3075 668 3122 ut
688 3062 792 3123 eleetos
811 3062 867 3123 Dei
886 3083 901 3122 a
922 3064 1020 3124 iceret:
1047 3084 1111 3122 nam
1129 3085 1195 3124 meo
1217 3065 1263 3124 iu-

135 3137 218 3212 dicio,
235 3139 397 3200 ratiocinari
418 3138 507 3198 voluit
527 3139 654 3201 Christus
674 3157 690 3199 a·
708 3139 813 3199 minori
831 3139 865 3198 ad
883 3139 980 3199 maius.
1029 3139 1061 3198 Si
1081 3151 1157 3200 tanta
1173 3152 1214 3201 est
1231 3139 1262 3201 in

96 3233 98 3250 ¹
134 3213 231 3274 avibus
250 3216 393 3296 sagacitas,
412 3226 444 3274 ut
464 3233 497 3277 cx
516 3217 634 3276 remotis
653 3215 721 3280 locis
741 3215 775 3274 ad
797 3217 913 3276 cadaver
931 3235 1026 3296 unurn¹
1038 3213 1142 3276 multae
1155 3237 1263 3279 conve·
1302 3239 1307 3243 ·

134 3290 226 3368 aiant,
256 3301 342 3372 turpe
367 3313 428 3352 esse
450 3291 602 3370 fidelibus,
619 3312 680 3352 non
702 3291 851 3375 aggregari
872 3291 906 3352 ad
928 3291 1003 3354 vitae
1020 3301 1181 3372 auctorem,
1205 3313 1264 3376 qno

134 3365 197 3428 solo
216 3387 284 3431 vere
302 3381 464 3449 pascuntur.
917 3381 919 3388 “
948 3376 951 3386 “

221 3643 338 3726 (rsa.)
380 3645 556 3716 marra
572 3643 685 3714 xxiv.
728 3640 781 3722 aa.
812 3627 923 3712 statim
950 3654 1055 3712 aurem
1081 3655 1157 3734 ,ost
1184 3639 1265 3710 arar-

136 3744 273 3810 ctionem
301 3745 422 3813 dicrum
443 3749 573 3819 illorum
602 3749 653 3817 sol
675 3747 913 3830 obscurabitur,
941 3759 972 3816 et
991 3748 1067 3816 luna
1087 3771 1154 3814 non
1176 3744 1267 3811 dabit

136 3845 244 3910 lumen
266 3857 368 3928 seium,
389 3859 420 3914 et
441 3851 551 3918 stellae
572 3852 686 3936 cadent
707 3851 748 3915 de
769 3853 872 3932 coelo,
894 3863 925 3918 et
945 3853 1076 3916 virtutes
1099 3847 1265 3914 coelorum

134 3946 357 4018 movebuntur.
407 3953 476 4017 ν30.
506 3952 559 4020 'Et
595 3964 672 4018 tunc
699 3953 864 4040 apparebit
885 3956 1008 4040 signnm
1029 3952 1106 4016 Filii
1127 3950 1266 4015 bominis
1325 4023 1342 4030 ,

55 4100 60 4108 -
134 4053 170 4117 in
192 4049 299 4118 coelo:
327 4061 359 4118 et
378 4063 456 4120 tunc
476 4053 629 4141 plangent
651 4069 761 4121 omnes
783 4054 888 4122 tribus
909 4065 1025 4120 terrae:
1058 4049 1270 4118 stridebunt

134 4141 254 4221 Filiirm
280 4155 417 4222 hominis
445 4159 626 4238 venientem
652 4159 685 4222 in
712 4155 852 4223 nubibus
879 4155 963 4221 coeli
991 4175 1062 4219 cum
1088 4155 1206 4219 virtute
1236 4159 1270 4220 et

135 4257 239 4345 gloria
267 4257 383 4344 multa,
429 4259 482 4326 31.
516 4259 558 4326 Et
580 4261 682 4325 mittet
704 4258 836 4344 angelos
858 4277 937 4324 suna
959 4277 1031 4321 cum
1052 4276 1166 4342 magno
1185 4277 1269 4326 voce

178 4385 181 4394 ’
740 4379 749 4384 ·
984 4365 1053 4429 18*
