2830 4772
167 235 226 301 m
295 229 300 250 ¹
609 223 723 286 suet.
745 225 857 287 xvtlt.

168 403 241 468 que
257 377 353 442 ttetei
367 385 491 457 ocoopat
503 387 575 438 -ante
602 376 710 439 Christi
730 377 896 439 adventum:
928 393 1022 456 neque
1044 375 1120 436 enim
1138 397 1215 438 nunc
1234 389 1297 438 tan-

170 475 231 526 tuin
256 453 441 537 exspectanda
465 452 547 517 nobis
570 465 613 516 est
636 455 722 530 salus,
753 454 811 516 seit.
826 453 875 514 ubi
901 451 959 517 rita
978 452 1104 513 defuncti
1128 454 1157 515 in
1181 455 1298 528 Christo

170 535 346 620 quiescimus
384 531 449 666 Έξο
468 540 563 589 taineii
583 529 734 612 simplicius
755 529 863 610 accipio
884 528 920 589 de
938 528 1062 612 negotiis
1079 532 1213 606 terrenis,
1234 531 1296 612 qui-

170 617 223 676 lius
242 607 377 690 implicari
420 605 496 666 deles
522 619 637 668 necesse
663 619 718 680 est,
738 627 821 685 quain
837 605 884 665 diu
908 603 937 663 iii
963 627 1048 666 carne
1066 605 1210 667 habitant..
1237 605 1299 667 Etsi

171 702 266 754 antem
285 705 427 764 nunquam
448 681 591 762 obrepere
609 681 661 744 illis
685 683 773 744 debet
795 681 877 764 regni
896 681 951 742 Dei
975 682 1096 756 oblivio,
1122 704 1181 742 non
1204 695 1297 744 tamen

172 784 274 830 somno
293 761 389 840 inepte
408 757 557 820 confertur
575 760 796 842 occupationum
813 757 895 818 buius
914 758 1010 816 mundi
1029 757 1181 820 distractio.
1239 762 1297 820 Ne-

172 863 228 980 tt
236 836 390 976 illidii
411 833 1129 991 ¹⁰tdlttttit⁰⁸⁵tt¹illidit-,itdttt’
1181 835 1299 972 ”itti
1349 843 1381 972 ⁵.

394 955 403 982 ἱ
1120 956 1128 972 ο

87 992 92 1001 ’
173 1007 207 1054 ut
224 989 368 1072 vigilando
388 1009 422 1048 ex
439 999 521 1067 parte
539 955 688 1051 dormiabt.
728 987 817 1062 Quod
839 987 873 1045 ad
893 986 1042 1046 clamorem
1062 999 1183 1068 spectat,
1210 999 1299 1048 meta-

172 1069 291 1154 phorice
310 1065 434 1146 positum
452 1083 511 1126 esse
531 1064 705 1158 interpretor
725 1083 779 1144 pro
799 1063 893 1126 subito
914 1065 1043 1124 adventu.
1082 1063 1193 1124 Scimus
1215 1065 1298 1139 enirn,
1388 1075 1389 1128 ἒ

174 1146 411 1228 quotiesinovum
430 1139 535 1276 ’libum
553 1151 584 1200 et
601 1141 777 1222 inopinatum
797 1139 910 1210 accidit,
921 1201 925 1212 ‚
936 1139 1027 1200 solere
1049 1133 1177 1200 homine‘s
1192 1141 1298 1200 tumul-
1388 1159 1389 1188 i

174 1221 258 1285 taaci.
293 1217 408 1280 ,Clamat
446 1217 472 1275 ii'
492 1236 537 1275 em
558 1218 698 1278 Dominus
733 1216 872 1308 quotidie,
899 1215 1031 1276 brevi'se
1055 1229 1220 1277 venturum:
1249 1217 1298 1276 sed
1388 1215 1389 1230 ¹

176 1293 248 1362 tunc
274 1306 333 1356 tota
351 1237 449 1352 mund
469 1293 602 1354 -macbina
622 1293 780 1367 resonabit,
806 1303 836 1356 ct
857 1292 977 1352 terrifica
997 1291 1123 1352 maiestas
1143 1293 1184 1353 sic
1202 1291 1299 1372 imple-

174 1371 347 1438 bitcoelnm
363 1380 394 1432 et
410 1379 534 1443 terrain,-
556 1371 588 1430 iit
607 1389 666 1432 non
685 1370 772 1430 modo
790 1369 898 1450 sopitos
915 1367 1134 1452 expergefaciat,
1158 1371 1206 1432 sed
1222 1390 1299 1430 mur-

176 1455 242 1523 ti'ioa
261 1447 361 1510 adnuat
380 1465 396 1504 e
415 1445 563 1525 sepulcris.
665 1470 667 1478 ·
749 1475 755 1486 .

178 1555 202 1586 .:
252 1527 283 1588 8,·
319 1525 437 1584 Fatuae
454 1533 556 1582 autem
573 1523 769 1602 prudentibus
786 1521 937 1582 dixerunt.
970 1519 1027 1581 Hic
1045 1531 1154 1582 taxatur
1164 1523 1233 1582 'sera
1250 1540 1301 1582 eo-

177 1625 243 1671 rnm
282 1599 449 1671 uenitentia,
504 1599 623 1660 nisuos
645 1599 774 1659 delectus
790 1618 851 1658 non
877 1611 942 1660 ante
964 1598 1103 1672 sentiunt,
1133 1619 1217 1678 quain
1236 1597 1301 1658 duro

273 1698 320 1738 usa
339 1675 383 1736 es't
401 1697 461 1736 rein
499 1675 531 1736 iis
550 1676 640 1736 ianua.
654 1679 732 1736 'Nain
754 1675 819 1735 ideo
838 1675 969 1734 stultitiae
985 1675 1165 1749 damnantur,
1184 1673 1232 1753 qui
1250 1673 1302 1734 sibi

176 1701 280 1817 lma
319 1775 348 1812 m
366 1764 477 1832 tempus
495 1773 556 1813 non
574 1752 739 1834 provident,
770 1753 834 1830 quia
857 1767 957 1811 secure
980 1749 1009 1810 iii
1035 1772 1090 1824 sua
1108 1762 1230 1832 egestate
1249 1749 1302 1811 sibi

178 1830 278 1912 placen
297 1873 306 1902 ,
324 1849 357 1888 ae
374 1841 486 1890 mutuae
504 1828 764 1890 communicationis
783 1840 893 1908 teinpus
913 1827 952 1888 sic
992 1839 1156 1895 iieieieunt,
1177 1839 1210 1885 ut
1230 1847 1303 1887 coii-

180 1915 309 1968 temnant
327 1903 420 1965 oblata
439 1905 544 1964 auxilia.
585 1904 660 1979 Quia
678 1925 749 1988 ergo
768 1904 937 1996 tempestive
962 1848 998 1963 de
1022 1904 1208 1984 comparando
1254 1903 1302 1964 leo

166 2003 241 2052 ,non
261 1980 400 2063 cogitant,
425 1981 553 2043 Christus
572 1981 655 2041 nimis
675 1999 766 2042 seram
783 1981 912 2040 notitiam
931 1979 1073 2054 deridens,
1095 2001 1160 2060 quas
1179 1925 1303 2060 stipitis

178 2057 225 2123 sii
262 2079 347 2120 uenas
365 2057 456 2118 daturi
473 2057 530 2118 sint
548 2057 682 2136 ostendit,
699 2057 775 2140 qiiud
795 2056 899 2118 scilicet
915 2077 1019 2119 vacuos
1037 2075 1068 2118 se
1088 2069 1116 2118 et
1130 2056 1222 2118 aridos
1241 2057 1303 2118 sine

180 2080 563 2217 proliciuaiiimadveiiiii.
620 2157 623 2164 ·
1037 2152 1041 2172 i
1087 2156 1088 2164 ¹

257 2215 286 2276 9.
316 2213 363 2272 Νι
380 2233 438 2271 non
454 2211 592 2290 sufficiat
610 2211 701 2272 nobis.
742 2211 853 2273 Scimus
870 2210 946 2286 ideo,
964 2208 1040 2277 varie
1058 2207 1185 2270 distribui
1204 2229 1221 2268 a
1239 2209 1303 2270 Da-

180 2288 266 2350 mion
282 2309 331 2349 sua
348 2289 423 2348 dona
442 2287 542 2368 cuique
560 2289 595 2348 ad
617 2288 760 2370 propriam
781 2303 955 2361 mensuram,
987 2299 1020 2345 ut
1040 2295 1135 2346 mutuo
1161 2284 1208 2344 alii
1231 2285 1331 2362 alios,

182 2365 312 2440 iuvent,¹
326 2377 356 2425 et
380 2364 526 2425 conferant
554 2365 583 2424 in
606 2385 769 2438 commune,
800 2366 877 2444 quod
899 2363 971 2444 apud
994 2360 1114 2446 singulos
1141 2360 1299 2441 depositum

183 2453 246 2517 eat,
273 2453 357 2521 atipne
379 2440 435 2501 boe
460 2441 546 2502 inodo
565 2444 669 2504 sacrarii
694 2441 725 2500 iii
744 2441 868 2504 Ecclesia
886 2440 1077 2500 membrorum
1096 2438 1300 2498 connexionem

78 2551 82 2565 i
183 2517 290 2578 foeni:
309 2515 357 2577 sed
377 2516 423 2578 bie
442 2529 551 2599 tempus
570 2530 650 2578 notat
670 2517 811 2593 Christus,
830 2539 887 2597 quo
906 2516 1019 2576 sublatis
1037 2517 1148 2576 sarcinis
1166 2515 1200 2574 ad
1220 2536 1301 2574 suurn

186 2592 310 2668 tribunal
333 2613 432 2656 omnes
454 2595 580 2669 vocabit,
607 2607 641 2654 ut
663 2605 790 2675 reportet
812 2595 931 2676 quisque
951 2603 1039 2674 prout
1062 2593 1092 2662 in
1111 2611 1233 2674 corpore
1250 2611 1301 2653 sno

181 2667 315 2753 gesserit.
352 2669 458 2732 Merito
483 2670 576 2750 itaque
598 2691 680 2750 quani
706 2671 766 2750 quis
806 2682 975 2752 eacceptae
998 2669 1103 2751 gratiae
1125 2681 1233 2752 partein
1253 2667 1303 2728 sibi
1388 2707 1389 2716 i

182 2744 329 2827 reposuit,
359 2745 461 2809 viatico
480 2760 637 2826 comparat,
669 2747 745 2826 qnod
763 2747 889 2827 pnribus
912 2767 971 2806 non
991 2745 1143 2806 sufficeret.
1182 2744 1303 2806 Proinde

187 2823 265 2905 qnod
284 2843 350 2882 mox
367 2821 525 2899 subiicitur,
554 2827 609 2895 ite,
641 2831 670 2882 et
689 2827 777 2884 emite
791 2823 890 2898 'vobim
917 2843 977 2882 non
995 2823 1149 2882 admonitio
1169 2833 1225 2898 est,
1256 2819 1303 2882 sed

181 2899 382 2981 exprobratio,
399 2897 454 2960 boc
473 2921 571 2975 sensu,
593 2899 659 2959 Fuit
675 2901 793 2965 antebac
812 2899 924 2964 emendi
941 2911 1062 2980 tempus,
1093 2899 1168 2980 quod
1188 2921 1203 2958 a
1223 2898 1303 2960 vobis

113 2997 116 3004 ’
186 2977 294 3062 negligi
312 2995 372 3035 non
388 2976 525 3054 oportuit:
543 2975 686 3054 prostabat
704 2977 779 3036 enim
798 2987 867 3038 tunc
885 2977 980 3038 oleum
995 2975 1107 3050 venale,
1125 2975 1204 3035 cuius
1222 2995 1305 3034 recu·

180 3053 304 3133 perandi
321 3049 410 3112 ablata
431 3063 475 3112 est
492 3051 615 3112 facultas.
653 3053 819 3134 Quanquam
837 3055 902 3114 binc
914 3053 1004 3115 'stulte
1022 3051 1147 3113 inferunt
1167 3050 1304 3130 Papistae,

188 3129 345 3202 virtutibus*
353 3127 456 3189 nostris
478 3128 523 3189 vel
546 3128 681 3191 industria
705 3129 810 3210 acquiri
833 3129 1060 3215 perseverantiad
1075 3130 1187 3187 donum.
1227 3128 1303 3184 Nam

182 3203 325 3266 inierbo
343 3205 455 3266 emendi
472 3225 649 3285 nequaquam
662 3208 784 3287 pretium
802 3217 931 3268 notatur:
949 3208 1020 3268 sicut
1037 3203 1164 3264 exlesaia
1184 3201 1247 3278 (55,
1267 3202 1303 3278 l)

179 3277 264 3358 ¹clarc
284 3289 387 3371 patet,
409 3281 459 3348 ubi
477 3281 625 3357 Dominus,
644 3304 697 3344 nos
721 3282 755 3344 ad
774 3283 923 3352 emendum
942 3283 1069 3356 invitans,
1098 3277 1201 3339 nullam
1220 3299 1304 3338 cnm·
1388 3315 1389 3362 p

188 3367 382 3444 pensationcni
402 3357 523 3440 flagitat,
552 3361 600 3419 sed
624 3359 754 3440 inprom
775 3371 806 3420 tii
828 3359 973 3420 sevitium
999 3371 1027 3424 et
1042 3357 1084 3418 lac
1099 3356 1207 3440 habere
1225 3355 1303 3432 dicit,
1388 3429 1389 3434 η

144 3445 147 3458 ’
189 3430 266 3568 pippd
283 3437 520 3520 gratuitodonet.
548 3437 599 3508 ¹Er
619 3457 637 3495 ο
660 3381 789 3497 nonalia
807 3448 851 3500 est
869 3434 1046 3518 comparandi
1062 3433 1150 3509 ratio,
1168 3445 1253 3514 quain
1271 3441 1303 3491 nt
1388 3441 1389 3516 t

262 3527 425 3585 recipiamus
444 3511 518 3589 quod
536 3511 619 3572 nobis
643 3512 766 3574 oblatum
786 3509 843 3574 est.¹
875 3514 1004 3574 Tandem
1022 3511 1160 3594 sentitur,
1193 3505 1303 3568 iunicum
1388 3537 1389 3540 ¹

190 3583 275 3666 regni·
295 3581 424 3644 coelestis
451 3587 675 3650 oinnibusimale
698 3589 822 3670 providis
846 3588 967 3652 clausum
986 3590 1034 3666 iri,
1086 3589 1131 3648 uia
1157 3587 1187 3644 in
1210 3585 1303 3647 niedio

183 3681 275 3722 icursu
292 3658 456 3752 defecerint
492 3663 595 3745 Neque
613 3665 689 3726 eniin
708 3666 753 3726 hic
771 3666 933 3748 scrupulose
950 3612 1138 3748 muerenbum
1156 3673 1214 3738 est,
1233 3681 1304 3742 quo-

159 3820 168 3828 ·
188 3737 286 3804 niodo
296 3737 407 3798 emendi
425 3740 523 3822 gratia
537 3741 680 3823 prolectas
703 3742 905 3806 fnisse'stultas
924 3743 1062 3828 virgines
1075 3742 1149 3802 dicat
1168 3739 1302 3814 Christus,
1388 3767 1389 3772 ¹

177 3815 253 3893 unia
273 3834 332 3874 non
351 3813 423 3875 aliud
440 3817 586 3902 significat,
604 3819 846 3900 qnamomnesab
865 3819 993 3904 ingressu
1007 3817 1152 3882 coelorum
1169 3815 1304 3879 arcendos

190 3908 265 3968 esse,
283 3891 332 3974 qui
350 3891 460 3976 inipso
480 3895 597 3958 articulo
617 3895 706 3977 parati
724 3917 783 3958 non
802 3896 917 3964 luerint,

273 4121 345 4188 193.
379 4123 555 4190 ’ΜΑΤΤΗ
575 4125 685 4190 xxv,
716 4125 769 4194 31.
797 4127 906 4216 Quom
932 4138 1036 4200 autent
1061 4126 1185 4204 venerit
1203 4120 1304 4210 Filius
1388 4127 1389 4152 ³

187 4209 322 4285 hominis
343 4225 376 4288 in
398 4225 499 4312 gloria
520 4247 592 4306 sua,
616 4235 649 4291 et
667 4247 779 4292 ⁴oinnes
806 4214 1032 4316 sanctiangeli
1054 4252 1124 4296 cuni
1147 4249 1203 4307 en,
1227 4237 1306 4292 tunc

186 4311 312 4382 sedebit
337 4343 433 4406 super
459 4327 565 4392 sedern
592 4327 712 4413 gloriae
738 4352 824 4396 suae.
871 4333 940 4397 32·
956 4333 1000 4397 Et
1026 4329 1307 4418 congregabuntur
1388 4367 1389 4382 i
