2796 4774
179 138 239 254 no
318 187 429 260 SEGL
453 141 519 248 lt.
557 200 683 248 cunum
702 199 921 248 nesunaecrro
939 200 980 248 er
999 199 1161 248 mesano.

180 343 249 406 Hoc
269 341 358 404 modo
378 361 441 405 non
467 337 557 400 soleln
576 357 625 398 eos
646 335 677 396 in
696 336 838 418 integrum
855 337 992 414 restituit,
1015 339 1063 400 sed
1082 361 1175 400 novae
1191 342 1294 424 gratiae

180 417 374 504 magnitudine
401 415 499 498 flagitii
526 415 690 474 memoriam
718 435 829 494 prorsus
865 411 970 476 abolet.
1019 415 1108 476 Simul
1137 429 1230 476 tamen
1255 441 1298 480 eos

182 497 235 574 (ut
256 491 331 570 dixi)
349 491 524 566 exstimedat,
560 511 601 562 ne
621 491 657 554 ad
678 489 774 566 fidem,
806 489 882 552 cuius
903 493 1025 552 ordinati
1049 505 1114 553 sunt
1140 515 1299 574 praecones,

181 571 253 634 adeo
273 592 373 654 segnes
391 570 499 630 sintae
517 566 598 628 tardi.
952 567 960 595 l

257 651 304 712 49.
340 649 429 716 Ecoe,
453 667 507 726 ego
530 647 626 704 mitto.
668 642 715 702 Ne
738 641 890 733 Apostolos
914 655 1022 706 terreat
1047 667 1096 705 sna
1119 645 1300 724 imbecillitas,

182 725 217 788 nd
240 747 317 816 spem
341 741 433 782 novae
457 735 488 782 et
510 719 684 782 adventiciae
707 731 813 800 gratiae
837 741 886 780 eos
907 719 1020 780 invitat:
1043 722 1100 782 acsi
1117 723 1239 796 diceret,
1260 737 1299 783 te-

181 811 262 861 metsr
281 820 331 860 vos
350 809 433 858 tanto
453 797 536 860 oneri
554 796 662 858 sentitis
682 816 740 856 esse
762 795 893 876 impares,
916 817 973 856 non
994 809 1091 858 tamen
1113 811 1160 876 est,
1172 813 1223 860 eur
1241 799 1297 858 ani-

180 896 242 938 mos
261 874 470 956 despondeatis,
493 873 556 956 quia
575 893 631 966 ego
648 871 796 946 virtutem,
815 893 868 952 qua
886 893 934 934 vos
951 874 1065 932 destitui
1084 875 1158 948 scio,
1182 897 1198 934 e
1216 875 1299 936 coelis

179 951 325 1016 sufficiam.
363 951 424 1012 lam
451 973 509 1032 quo
533 949 631 1010 mdrus
654 948 684 1008 in
708 947 760 1008 laac
783 947 882 1008 fiducia
905 969 954 1012 eos
977 950 1144 1026 confirmet,
1167 950 1299 1032 Spiritum

180 1039 307 1092 sancum
332 1033 538 1090 commemorat
560 1048 576 1088 a
599 1026 682 1086 Patre
706 1024 791 1086 luisse
814 1024 986 1102 promissum.
1020 1026 1096 1098 ⁴Nam
1123 1049 1181 1106 qno
1199 1047 1228 1088 se
1245 1027 1299 1086 ala-

181 1105 268 1168 criter
285 1105 320 1166 ad
339 1126 410 1186 opus
429 1103 623 1185 accingerent,
641 1101 695 1161 iam
714 1099 775 1160 illos
793 1102 871 1162 Deus
890 1123 937 1160 sua
955 1101 1145 1181 promissione
1161 1103 1299 1164 animave-

180 1195 236 1258 rat,
258 1203 356 1242 eorum
375 1179 546 1242 diffidentiae
567 1199 729 1240 occurrens.
759 1177 842 1238 Nunc
862 1199 892 1238 se
910 1177 1037 1238 Christus
1055 1177 1087 1237 in
1105 1177 1198 1239 locum
1211 1179 1298 1238 Patris

182 1259 365 1332 substituens,
392 1255 550 1340 praestandi
572 1275 673 1314 munus
696 1253 724 1313 in
749 1275 780 1316 se
800 1253 912 1332 recipit:
937 1253 965 1313 in
984 1275 1041 1345 qoo
1058 1253 1163 1314 iterum
1179 1255 1299 1314 divinam

181 1335 234 1400 sibi
254 1337 410 1415 potentiam
429 1333 556 1397 vindicat.
592 1333 664 1392 Nam
684 1330 752 1390 haec
770 1349 833 1410 pars
853 1329 911 1390 eius
929 1329 1104 1412 glorrae'est,
1122 1353 1206 1409 quam
1223 1333 1299 1392 Deus

181 1411 360 1474 iureiurando
385 1421 472 1492 negat
495 1430 526 1469 se
549 1405 629 1470 alteri
654 1405 794 1481 daturum,
818 1405 942 1466 infirmos
964 1405 1092 1467 homiues
1110 1407 1226 1468 coelesti
1242 1408 1299 1468 vir-
1357 1424 1359 1433 ·

180 1500 242 1548 tute
267 1487 394 1546 induere.
437 1487 541 1566 ltaque
563 1485 585 1546 si
609 1484 638 1544 in
659 1481 801 1546 Christum
821 1482 970 1562 competit,
993 1483 1118 1562 sequitur
1140 1483 1219 1544 illum
1241 1503 1300 1546 esse

179 1565 284 1638 Deum,
302 1564 351 1642 qui
370 1561 436 1624 olim
456 1583 508 1642 per
527 1559 732 1640 osPropbetae
750 1557 881 1638 loquutus
901 1559 1088 1636 ostiumst,
1107 1560 1163 1634 8).
1203 1559 1301 1634 Quan-

180 1661 264 1722 quam
281 1651 376 1700 autern
390 1638 534 1718 Apostolis
552 1636 699 1718 speu‘alem
718 1637 835 1716 gretiana
853 1634 991 1716 pollicitus
1009 1646 1051 1694 est
1068 1636 1156 1710 Deus,
1175 1649 1205 1698 et
1219 1637 1302 1697 Clari-

179 1729 239 1778 stue
258 1715 392 1776 contulit:
416 1727 510 1776 minen
528 1714 561 1772 in
577 1733 683 1796 genere
702 1713 757 1772 hoe
780 1711 933 1772 tenendum
951 1723 1007 1785 est,
1029 1711 1170 1774 neminem
1196 1725 1301 1772 morta-

177 1793 245 1852 lium
265 1814 317 1872 per
334 1811 366 1851 se
383 1790 539 1872 Evangelio
559 1789 743 1868 praedicando
762 1788 894 1848 idoneum
912 1808 986 1862 esee,
1004 1787 1057 1847 uisi
1071 1801 1207 1866 quatenus
1222 1789 1302 1848 Deus

179 1867 285 1948 Spiritu
308 1887 361 1926 suo
385 1887 434 1926 eos
458 1866 597 1935 vestiens,
619 1864 747 1942 ipsorum
767 1864 884 1924 nuditati
903 1875 932 1924 et
950 1863 1059 1944 inopiae
1077 1865 1222 1924 succurrit
1265 1869 1303 1923 lit

180 1955 258 2004 certe
283 1953 314 2000 ut
336 1961 397 1998 non
422 1939 458 1998 de
481 1937 546 1998 solis
570 1938 716 2018 Apostolis
736 1937 870 1999 exclamat
888 1939 987 2000 Paulus
1012 1939 1066 2011 (It
1085 1939 1152 1999 Cor.
1173 1945 1199 2012 l,
1221 1940 1303 2014 tn).

178 2017 251 2092 Quis
269 2015 304 2078 ad
328 2013 396 2074 haec
416 2013 534 2074 idoneus
555 2011 727 2095 peperietur?
755 2015 804 2076 sed
827 2015 967 2076 nemiuem
988 2013 1062 2075 intel
1079 2015 1209 2076 mortales
1230 2015 1302 2086 huic

176 2103 257 2156 tanto
275 2091 357 2154 oneri
374 2112 470 2172 parem
490 2111 551 2151 esse
570 2090 744 2170 pronuntiat:
773 2089 813 2151 sic
831 2113 946 2152 necesse
962 2103 1012 2166 est,
1031 2112 1213 2172 quoscunque
1221 2095 1302 2154 Deus

177 2169 281 2242 excitat
306 2167 451 2252 Evangelii
475 2167 635 2238 ministros,
662 2165 750 2226 imbui
775 2167 890 2230 coelesti
913 2167 1032 2248 Spiritu,
1062 2167 1185 2246 ideoque
1208 2167 1301 2230 omni-

176 2249 228 2310 bus
251 2245 393 2312 Ecclesiae
417 2243 581 2306 doctoribus
604 2245 664 2304 sine
684 2243 849 2324 exceptione
879 2244 982 2304 ubine
1011 2244 1195 2323 promittitur.
1236 2249 1300 2308 Vos

176 2335 277 2394 nutem
296 2325 403 2387 sedete.
447 2323 492 2384 Ne
518 2333 625 2382 temere
649 2331 714 2380 ante
737 2333 846 2398 tenipus
869 2321 902 2380 ad
925 2267 1081 2382 docendum
1103 2335 1297 2402 prorumpant,

175 2400 300 2482 quietem
325 2413 354 2460 et
378 2398 520 2460 silentium
545 2397 599 2458 illis
624 2396 751 2456 Christus
774 2398 904 2476 imperat,
928 2416 1072 2478 quousque
1095 2417 1144 2458 eos
1171 2420 1225 2478 pro
1248 2419 1297 2458 suo

176 2477 293 2538 arbitrio
321 2475 451 2536 emittens
475 2473 639 2554 tempestive
662 2485 755 2532 utatur
774 2488 871 2534 eorum
891 2493 986 2553 opera.
1023 2475 1117 2607 Atque
1137 2473 1210 2534 haec
1227 2475 1299 2534 utilis

175 2553 232 2612 fuit
247 2551 424 2614 obedientiae
449 2572 549 2610 eorum
573 2549 719 2632 probatio,
743 2549 819 2634 quod
838 2549 998 2628 Scripturae
1016 2547 1074 2608 inte
1085 2548 1202 2630 ligentia
1220 2574 1299 2632 prae-

176 2627 241 2700 diti,
269 2641 297 2688 ct
316 2625 404 2688 afflati
422 2627 544 2706 Spiritus
563 2625 665 2719 gratia,
689 2625 752 2704 quia
771 2637 863 2686 tamen
884 2625 911 2684 lo
933 2623 962 2684 ui
982 2625 1069 2684 vetuit
1087 2626 1245 2698 Dominus,
1263 2631 1299 2688 si-

174 2703 235 2766 lent
254 2714 385 2782 tanquam
402 2703 483 2764 muti.
523 2703 633 2777 Scimus
653 2701 728 2760 enim
746 2724 827 2782 quam
847 2647 946 2782 cupide
965 2702 1101 2780 prodeant
1118 2701 1148 2760 iu
1166 2705 1298 2774 medium,

176 2779 224 2858 qui
248 2779 300 2839 eibi
325 2779 380 2838 lroc
405 2779 537 2841 videntur
556 2802 624 2840 curn
648 2777 727 2838 laude
750 2790 779 2838 et
803 2777 982 2838 admiratione
1008 2777 1118 2838 facturi.
1163 2781 1201 2838 Et
1224 2779 1297 2840 forte

174 2855 227 2923 hac
251 2853 383 2915 dilatione
406 2874 508 2915 eorum
531 2867 676 2934 torporem
705 2853 831 2916 Christus
854 2853 987 2914 mulctare
1018 2853 1121 2928 voluit,
1150 2856 1296 2935 quianon

174 2931 266 3004 statim
288 2953 322 2992 ex
341 2951 392 2990 sno
412 2930 543 2990 mandato
562 2931 591 2990 in
609 2929 760 2990 Galilaeam
779 2931 878 2990 eodem
895 2930 939 2988 die
955 2929 1076 3009 proiecti
1091 2945 1179 2994 erant
1208 2931 1295 3006 Quic-

173 3007 249 3088 quid.
261 3007 305 3080 sit,
327 3027 426 3068 eorum
446 3005 686 3086 exemplo-edocti
706 3028 807 3079 sumus,
827 3005 894 3066 nitrit
913 3007 1074 3066 tentandum
1094 3017 1155 3068 esse
1173 3007 1227 3068 nisi
1246 3029 1295 3070 vo-

175 3070 259 3144 canti
282 3083 421 3144 Domino.
462 3076 561 3172 Quare
587 3081 652 3143 licet
674 3073 785 3162 pultlice
809 3083 929 3144 docendi
948 3103 1005 3142 non
1026 3077 1097 3144 desit
1117 3082 1245 3158 facultas,
1266 3107 1294 3144 se

60 3185 67 3198 ·
172 3171 266 3238 tamen
286 3159 387 3236 privati
406 3158 533 3220 hommes
553 3157 581 3218 in
601 3157 712 3226 silentio
732 3158 904 3232 contineant,
920 3159 1010 3219 donec
1029 3181 1077 3219 eos
1098 3182 1147 3220 sua
1167 3183 1247 3220 manu
1265 3161 1290 3217 in

172 3235 315 3294 theatrmn
341 3227 487 3314 pioducat.
530 3237 621 3296 Porro
640 3225 725 3314 ‘quod
749 3235 882 3296 iubentur
899 3236 996 3295 sedere
1016 3235 1242 3317 Hierosolymae,
1265 3236 1291 3296 id

171 3307 331 3388 intelligere
359 3311 519 3384 convenit,
537 3324 685 3392 postquam
711 3332 744 3370 ex
770 3308 893 3372 Galilaea
921 3309 1026 3372 reversi
1054 3311 1171 3374 suerint.
1221 3313 1293 3381 Nam

173 3385 225 3457 (ut
243 3385 411 3518 paulopost
431 3387 574 3448 audiemus
595 3409 628 3446 ea
647 3387 808 3470 Maepham)
832 3387 954 3468 quamvis
973 3387 1105 3453 llierosol
1127 3408 1188 3448 mae
1206 3410 1236 3448 se
1254 3390 1294 3449 vi·

170 3457 292 3530 dendurn
312 3459 484 3534 exibuerit,
507 3484 565 3540 non
591 3473 683 3522 tameo
708 3462 824 3522 mutavit
845 3463 920 3544 quod
944 3459 1020 3542 plius
1044 3463 1080 3522 de
1100 3411 1225 3524 (ialilaea
1249 3466 1294 3526 tle·

172 3544 330 3621 creverat..
354 3533 428 3620 ideo
456 3557 554 3603 sensus
583 3539 735 3596 verborum
765 3549 820 3610 est,
848 3553 993 3631 postquam
1019 3537 1048 3598 in
1066 3539 1139 3605 loco
1165 3541 1294 3602 condicto

171 3611 299 3683 mandata
321 3607 374 3668 rllts
398 3607 522 3682 dederit,
546 3611 617 3672 velle
642 3624 737 3672 tamen
761 3613 850 3676 adhuc
874 3627 972 3677 tacitos
990 3615 1025 3676 ad
1044 3628 1156 3698 tempus
1174 3639 1295 3696 manem,

172 3705 259 3770 usque
278 3686 463 3752 domnoleni
481 3684 613 3746 virtutem
632 3689 799 3768 suppeditet.
963 3714 972 3752 t

254 3979 366 4062 (221.)
409 3979 580 4060 ΜΑΤΤΗ.
609 3987 751 4051 xxvttt.
797 3987 846 4070 16.
872 3979 1032 4054 Undecim
1066 3999 1172 4056 autern
1205 3989 1291 4058 disci-

160 4078 238 4163 ‚puli
264 4080 412 4154 abierunt
438 4087 473 4148 in
496 4077 672 4154 Gelileeem
694 4092 727 4153 in
754 4089 901 4167 rrtottlem,
924 4088 980 4158 uhi
1001 4095 1214 4160 constituerat
1234 4095 1290 4159 illis

170 4181 268 4244 lesus.
313 4183 364 4246 17.
390 4185 433 4256 Et
454 4188 729 4270 quum·vidtssent
750 4191 848 4271 illuns,
870 4191 1085 4263 adoraverunt
1108 4217 1198 4270 euro:
1226 4197 1288 4282 qui-

112 4357 116 4364 *
145 4273 242 4358 ¹,claro
266 4291 374 4356 autem
400 4281 637 4357 dubitaverunt.
666 4353 670 4366 ,
693 4293 745 4358 18.
771 4291 813 4360 Et
838 4295 1112 4364 accedene'lesus
1140 4297 1286 4386 loquutus

611 4467 620 4504 Ι
682 4464 687 4482 t

703 4511 720 4532 et
