2790 4764
173 265 231 332 teu
453 261 563 326 stet.
582 263 648 322 XV.
686 276 775 325 rasus
793 275 835 322 nr
855 277 1024 346 urscnupr.

175 411 409 500 speculationibus
427 431 479 474 nos
497 411 647 474 dedamus?
673 412 731 475 Sed
751 413 904 495 quaeritur,
924 409 1060 494 qualenam
1079 411 1237 474 certaminis
1251 431 1301 474 ‘oc-

175 495 249 555 casio
267 492 354 552 buerit
371 489 519 570 discipulis.
538 523 541 532 .
557 490 747 569 Respondeo,
770 501 804 548 ut
826 489 949 550 libenter
972 511 1039 550 caro
1063 487 1168 550 excutit
1191 509 1302 550 omnem

87 571 92 580 ’
174 569 339 643 molestiam,
357 567 459 627 omissa
472 563 601 626 tristitiae
614 565 739 638 materia,
759 567 836 645 quod
854 566 890 625 de
904 565 1114 647 resurrectione
1126 566 1232 626 dietum
1247 577 1303 626 erat

173 646 332 727 arripuisse:
357 643 433 703 unde
454 643 530 702 inter
553 661 669 702 secunus
693 653 757 702 orta
780 654 823 702 est
843 641 1004 722 disputatio.
1042 643 1082 702 Et
1099 643 1162 722 quia
1182 643 1304 722 priorem

174 721 319 784 doctrinae
336 729 459 800 partem,
483 739 554 810 quae
572 717 693 778 insuavis
713 729 755 779 est
774 717 866 792 carni,
887 717 1046 800 refugiunt,
1064 719 1144 778 Deus
1163 717 1193 777 in
1211 739 1305 778 resur·
1385 793 1386 798 ἵ

173 799 301 860 rectione
324 817 373 859 eos
396 793 560 856 hallucinari
583 793 703 876 patitur,
726 805 760 854 ut
783 793 926 872 somnient
949 794 1027 874 quud
1045 794 1161 855 minime
1179 793 1305 854 futurum
1385 829 1386 850 2

174 885 246 948 crat,
268 872 413 934 Christum
431 869 485 932 sibi
503 871 578 931 nuda
596 869 803 952 praedicatione
821 889 942 952 regnum
960 869 1119 950 acquirere,
1145 881 1175 930 et
1193 870 1306 950 quidem

173 965 331 1023 terrenum,
356 959 389 1007 ut
410 967 478 1008 mox
500 947 535 1007 ad
558 945 863 1029 beatam'opuleutiam
888 957 1055 1028 mergeret.
1093 949 1135 1006 ‘lu
1159 946 1306 1008 haerere
1385 965 1386 1004 t

172 1025 339 1107 quaestione
360 1023 463 1106 duplex
486 1023 541 1083 init
562 1023 673 1084 vitium:
696 1036 881 1106 praepostere
901 1023 976 1083 enim
995 1021 1142 1115 Apostoli,
1169 1024 1236 1082 dum
1256 1023 1307 1083 ab·

102 1137 106 1160 t
172 1106 246 1164 iectu
262 1099 392 1176 militiae,
414 1101 449 1171 ad
467 1121 548 1180 quam
568 1100 662 1163 vocati
682 1112 776 1174 eraut,
794 1119 861 1160 cura
879 1098 957 1179 quasi
974 1098 1078 1160 milites
1097 1099 1207 1158 emeriti
1225 1101 1307 1180 quie-

173 1193 232 1240 tem
258 1191 287 1240 ct
311 1178 347 1238 sti
367 1178 449 1238 endia
472 1199 536 1238 cun
555 1175 711 1237 honorario
733 1176 788 1238 sibi
809 1188 874 1236 ante
898 1187 1009 1256 tempus
1031 1173 1182 1258 postulant
1232 1179 1307 1236 Per-

173 1277 270 1338 peram
294 1199 401 1316 etim
424 1253 564 1328 secundo,
588 1253 678 1334 quod,
702 1273 788 1333 quum
811 1252 938 1314 certatim
958 1269 1020 1328 uuo
1041 1271 1181 1312 consensu
1202 1249 1312 1324 intenti,
1385 1297 1386 1322 ,

175 1353 236 1394 esse
257 1331 379 1392 debeant
401 1331 436 1390 ad
458 1350 490 1390 se
513 1341 613 1390 munio
637 1328 785 1404 iuvandos,
810 1349 865 1390 nec
888 1327 1020 1389 iratribus
1038 1328 1130 1388 minus
1151 1349 1234 1407 quam
1253 1327 1307 1388 sibi
1385 1337 1386 1376 i

193 1409 292 1470 abnmn
315 1418 464 1486 appetere,
487 1405 609 1488 maligna
635 1405 790 1466 ambitione
816 1405 862 1464 alii
890 1405 959 1464 alios
982 1415 1162 1485 praevertere
1180 1404 1306 1464 student.
1385 1463 1386 1480 ,

173 1431 275 1560 ltume
297 1493 329 1541 ut
351 1481 490 1562 probetur
510 1501 609 1542 cursus
628 1493 726 1544 noster
745 1479 886 1556 Domitio,
912 1481 1048 1542 discamus
1068 1479 1208 1562 patienter
1227 1479 1305 1540 serre
1385 1483 1386 1550 ξ

173 1559 335 1641 impositum
355 1557 441 1618 nobis
465 1551 556 1618 crucis
580 1577 667 1632 onus,
698 1559 793 1616 donec
812 1569 954 1618 maturum
977 1557 1157 1639 recipiendae
1181 1577 1306 1617 coronae

175 1649 284 1728 tempus
304 1631 445 1693 adveniat:
465 1633 566 1692 deinde
585 1633 819 1713 qtremadmodum
838 1633 939 1692 Paulus
957 1633 1095 1708 bortatur,
1115 1633 1161 1692 alii
1179 1632 1247 1692 alios
1261 1633 1305 1694 vi·

174 1713 266 1772 cissrm
285 1709 396 1770 bonore
414 1708 581 1789 praevenire
600 1709 699 1785 (Rom.
721 1712 770 1784 12,
790 1707 860 1786 tlt).
907 1709 1002 1768 Priori
1021 1711 1091 1769 vitio
1110 1709 1202 1770 affinis
1219 1707 1306 1771 hodie

175 1799 218 1848 est
237 1805 306 1848 vana
326 1805 425 1847 eorum
444 1783 603 1856 curiositas,
626 1785 674 1863 qui
693 1785 793 1844 relicto
814 1783 971 1845 vocationis
990 1805 1058 1844 suae
1073 1785 1202 1868 legitimo
1222 1806 1307 1846 cursu
1372 1789 1386 1854 J

173 1883 256 1943 supra
275 1860 370 1922 coelos
392 1861 554 1940 importune
571 1858 680 1919 saltant.
724 1860 866 1920 Dominus
889 1859 920 1919 in
943 1861 1023 1919 Evan
1062 1859 1100 1918 lio
1126 1863 1161 1922 ad
1183 1863 1305 1954 reguum
1385 1931 1386 1940 χ

114 1950 115 1958 ’
173 1959 253 1998 suum
273 1958 326 1996 nus
346 1936 466 1996 invitans
485 1933 567 2008 viam,
587 1955 640 2014 qua
658 1933 724 1994 illuc
743 1935 916 2014 pervenitur,
931 1946 1018 1994 vosten
1040 1937 1068 1994 't
1111 1937 1233 1997 Volaticr
1251 1939 1305 1998 ho-

172 2014 263 2074 mines
282 2013 404 2086 deiide,
429 2010 577 2096 patientia,
600 2010 659 2071 ¹Dei
678 2009 857 2070 invocatione
879 2023 908 2070 et
928 2010 987 2069 aliis
1007 2011 1146 2072 exercitiis
1164 2014 1233 2074 nihil
1252 2034 1305 2075 co·
1385 2021 1386 2028 ’

173 2088 307 2174 girantes,
331 2089 397 2168 quid
416 2089 446 2148 in
465 2085 546 2148 coelo
569 2098 685 2170 geratur
702 2087 857 2177 disputant:
881 2086 938 2146 huc
959 2106 1029 2146 vero
1048 2087 1167 2167 perinde
1186 2103 1228 2150 est
1246 2090 1306 2151 acsi
1385 2109 1386 2164 p

194 2167 235 2226 uis
255 2167 309 2226 iter
328 2167 464 2238 lecturus,
478 2165 522 2224 ‘de
540 2163 655 2244 hospitii
674 2164 729 2223 situ
747 2185 777 2222 m
798 2163 904 2238 uirens,
949 2163 1028 2221 edem
1047 2183 1107 2222 nun
1125 2179 1305 2243 promoveat.

173 2189 248 2303 bam
284 2264 349 2302 uum
369 2241 508 2302 Dominus
526 2239 556 2300 iu
574 2251 650 2300 terra
667 2259 755 2300 uosa
804 2239 885 2308 ulare
900 2183 1002 2312 iuben,
1024 2241 1168 2318 quomodo
1187 2240 1306 2300 sedeant

174 2265 309 2456 ppcoblis
327 2319 447 2393 mortui,
472 2316 595 2398 quisquis
620 2316 731 2380 curiose
750 2317 883 2397 disputet,
909 2337 940 2376 se
963 2315 998 2374 ab
1021 2333 1133 2376 accessu
1157 2315 1304 2376 coelorum
1385 2349 1386 2352 ¹

204 2409 310 2458 o‘ratur.
400 2407 414 2423 “

249 2477 278 2534 2.
311 2469 953 2549 Arcessitumpucllumles.statuitinmed.
987 2466 1102 2527 Summa
1113 2479 1166 2528 est:
1185 2468 1305 2549 quima-
1385 2493 1386 2512 ¹

173 2549 351 2629 gultudinem
364 2558 513 2630 appetunt,
533 2568 587 2627 qua
602 2546 744 2607 emineant
758 2568 790 2607 su
810 2567 841 2605 ra
856 2544 968 2618 fratres,
988 2545 1057 2604 adeo
1079 2565 1140 2626 non
1159 2543 1222 2606 lore
1243 2545 1303 2606 eitn
1385 2589 1386 2628 q

167 2629 329 2704 compotes,
342 2636 375 2682 ut
385 2647 422 2685 ne
431 2631 556 2684 extremo
566 2623 678 2702 quidem
686 2567 914 2704 angellubaerere
923 2632 1034 2701 queant.
1062 2621 1303 2683 Acontrariuuu-
1385 2635 1386 2702 ᾗ

133 2739 136 2748 ·
174 2709 233 2757 tem
247 2698 440 2774 ratiocinatur,
456 2701 520 2792 quia
530 2699 588 2778 sola
601 2716 654 2757 uos
666 2699 804 2758 humilitas
817 2697 938 2758 extollat.
956 2695 1127 2772 ¹Qnittrero
1139 2699 1226 2781 magis
1239 2697 1301 2756 alfr-

175 2773 254 2832 ciunt
263 2773 390 2833 obiectae
399 2770 612 2855 oculrs'species,
627 2786 725 2854 typum
733 2773 894 2834 humilitatis
903 2774 933 2832 in
943 2792 1031 2854 puero
1040 2771 1147 2834 infante
1156 2777 1299 2856 proponit.

173 2850 247 2910 Nam
266 2850 341 2940 quod
359 2849 439 2908 iubet
458 2871 523 2910 suos
544 2849 617 2908 effici
634 2869 724 2928 puero
743 2848 859 2923 similes,
881 2869 948 2908 nun
965 2851 999 2910 ad
1024 2851 1117 2910 omnia
1140 2849 1320 2930 promiscue.
1385 2859 1386 2902 ἰ

174 2926 340 2987 extenditun
383 2925 508 2998 Scimus,
532 2926 562 2982 in
584 2923 678 3004 pueris
701 2924 788 2983 multa
812 2945 873 2984 esse
894 2925 1006 2988 vitiosa:
1037 2947 1122 3005 quare
1148 2939 1176 2986 et
1198 2927 1299 2987 Paulus

173 3023 234 3064 uun
253 3023 350 3074 sensu,
376 3001 425 3062 scd
444 3000 546 3058 malitia
564 3017 667 3079 pueros
687 3021 747 3060 esse
759 2999 839 3077 -vult,
866 3021 937 3081 quos
956 3001 1021 3061 alibi
1040 3003 1074 3062 ad
1092 2994 1216 3068 aetbtem
1229 3003 1298 3063 viri-

173 3077 228 3140 lem
249 3079 317 3140 eniti
335 3077 413 3138 iubet
433 3078 469 3155 (l.
491 3076 559 3136 Cor.
577 3079 627 3147 14,
651 3079 695 3136 10.
726 3077 827 3158 Ephes.
847 3081 879 3150 4,
898 3076 968 3155 13.).
1013 3078 1071 3139 Sed
1091 3079 1153 3158 quia
1174 3079 1297 3138 nondum

131 3153 142 3210 l
172 3165 274 3216 tenent
292 3155 421 3228 infantes,
441 3152 507 3233 quid
526 3151 562 3212 sit
579 3150 638 3210 aliis
656 3152 801 3232 praeferri,
819 3154 905 3213 utde
922 3153 1044 3245 primatu
1060 3166 1179 3228 certent,
1198 3175 1297 3214 eorum

174 3231 302 3312 exemplo
323 3229 450 3292 Christus
469 3227 556 3289 deleri
575 3227 635 3287 vult
655 3250 688 3288 ex
708 3249 822 3289 suorum
845 3229 956 3304 animis,
981 3253 1051 3310 quae
1074 3231 1184 3322 profani
1206 3231 1298 3291 homi-

173 3325 226 3364 nes
249 3319 278 3365 et
301 3307 349 3366 filii
372 3303 474 3366 saeculi
493 3307 535 3364 ,de
554 3301 695 3364 bunortmt
713 3305 859 3368 dulcedine
879 3317 1017 3398 perpetuo
1040 3319 1159 3388 agitant,
1183 3329 1220 3367 ue
1243 3328 1297 3400 qua

174 3401 222 3441 eos
240 3382 334 3443 'titillet
353 3383 477 3442 ambitio.
511 3380 548 3442 'Si
567 3380 628 3461 quis
648 3381 774 3464 excipiat,
793 3382 945 3442 infantibus
965 3403 1078 3474 quoque
1096 3384 1130 3442 ab
1149 3395 1231 3443 uteru
1250 3405 1298 3443 tn-

171 3459 295 3591 peuitnm
315 3469 375 3518 esse
394 3457 561 3540 superbiam,
575 3469 607 3516 ut
626 3457 742 3538 primam
760 3459 802 3520 sui
820 3480 915 3520 curam
934 3471 964 3518 et
981 3472 1118 3520 rationem
1136 3460 1230 3520 haberi
1244 3481 1295 3522 ve·
1385 3503 1386 3518 r

182 3545 232 3607 rut,
251 3533 338 3594 facilis
355 3534 502 3614 responsio
522 3546 576 3608 est,
599 3533 795 3597 similitudines
814 3557 873 3597 non
893 3547 988 3595 exacte
1007 3537 1088 3596 nimis
1107 3557 1160 3598 nec
1178 3557 1296 3617 scrupu-

171 3607 488 3685 lose-debereexcuti,
513 3623 544 3670 ut
569 3611 663 3670 insin
704 3613 735 3672 lis
760 3613 885 3694 partibus
908 3633 962 3671 con
1000 3625 1074 3672 nant.
1123 3607 1198 3688 Quia
1224 3633 1294 3695 ergo

112 3759 115 3766 Ι
170 3697 248 3746 tanta
271 3687 360 3757 adbuc
384 3686 415 3744 in
438 3697 528 3748 aetate
553 3632 751 3748 inlautulbium
775 3701 874 3772 regnat
897 3633 1069 3767 simpbbitas,
1097 3701 1129 3748 ut
1152 3689 1294 3748 bonorum

133 3811 134 3814 ,
205 3763 271 3824 adus
296 3774 326 3822 ct
346 3765 459 3842 quaevis
483 3763 630 3843 superbiae
653 3765 777 3826 lumenta
800 3769 946 3848 ignorent,
976 3786 1025 3826 eos
1051 3767 1153 3826 merito
1177 3777 1207 3826 et
1228 3777 1293 3856 apte

185 3843 195 3872 ³
199 3841 299 3901 hristus
318 3839 347 3898 in
368 3837 523 3920 exemplum
541 3840 685 3924 proponit.
732 3843 828 3923 Atque
847 3841 901 3902 buc
920 3853 1027 3920 spectat
1046 3843 1196 3902 conversio
1214 3861 1291 3902 ciuus

169 3917 309 3992 meminit,
371 3917 408 3974 od
430 3914 537 3975 scilicet
559 3918 594 3980 ad
613 3935 776 3980 connnunes
796 3917 941 3978 huminum
959 3933 1054 3988 mores
1072 3919 1126 3978 iam
1145 3919 1227 3978 nimis
1246 3941 1292 3978 as·
1385 3957 1386 3960 =

168 3994 324 4054 suevissent
361 3989 474 4073 scipuli,
493 3991 614 4073 ideoque
632 4005 665 4052 ut
683 3996 717 4054 ad
736 4007 853 4076 scopum
871 3994 1001 4074 aspirent,
1022 4017 1133 4055 curuum
1147 3995 1199 4056 illis
1212 4008 1290 4055 retro
1385 4009 1386 4064 ζ

167 4066 337 4146 flectendum
357 4089 425 4128 esse.
456 4067 584 4150 Quisque
601 4068 722 4149 primum
741 4071 834 4134 locum
853 4071 897 4132 vel
918 4073 1070 4132 secundum
1088 4071 1141 4132 sibi
1162 4073 1289 4152 optabat:

159 4140 294 4224 ’Christus
318 4167 387 4206 vero
407 4145 550 4206 neminem
574 4147 619 4206 vel
642 4142 739 4206 infimo
762 4147 892 4210 subsellio
912 4148 1055 4228 dignatur,
1080 4149 1133 4208 nisi
1152 4150 1199 4228 qni
1219 4147 1288 4208 cmi·
1385 4151 1386 4166 ¹

130 4285 136 4300 s
167 4218 277 4300 nepetae
295 4220 397 4282 oblitus
416 4243 447 4282 se
464 4219 596 4281 humiliat.
643 4221 754 4286 Contra
778 4247 852 4300 vero
870 4225 1003 4284 maximos
1027 4223 1091 4285 lore
1114 4225 1286 4305 pronuntiat,
1318 4242 1323 4251 ¹

166 4305 260 4373 qutse
278 4294 451 4358 demiserint:
473 4319 509 4358 ne
566 4299 594 4358 id
613 4299 717 4360 scilicet
735 4301 817 4362 uobis
836 4303 972 4364 decedere
992 4315 1130 4380 putemus,
1149 4301 1195 4359 ubi
1211 4302 1285 4358 ultro

165 4359 286 4424 cetrum
303 4371 381 4430 omni
398 4321 598 4456 magnitudibe.
635 4376 820 4458 Atquehiuc
845 4377 942 4462 colligi·
959 4388 1055 4456 potest
1076 4378 1170 4440 brevis
1193 4375 1285 4470 humi·
