2790 4764
176 217 232 318 litt
453 245 564 313 suet.
584 249 650 310 XV.
688 263 777 310 mus
795 263 837 308 rr
856 263 1028 314 orscnuur.

177 405 308 466 duntaxat
331 401 436 463 furtum
459 399 612 462 sanationis
634 397 755 460 initirun.
811 401 979 482 Respondet
1001 400 1102 484 igitur,
1125 419 1156 462 se
1173 399 1301 462 homines

177 479 287 553 videre,
306 479 370 556 quia
389 488 486 538 cernat
504 477 639 556 quosdam
656 475 843 549 ambulantes,
868 478 916 556 qui
937 479 1009 539 recti
1027 490 1094 540 sunt
1111 476 1198 538 instar
1215 476 1302 538 arbo-

176 575 249 614 rum.
295 554 407 628 Quibus
431 553 525 616 verbis
549 551 668 624 fatetur,
696 573 728 612 se
745 551 873 611 nondum
890 552 999 634 pollere
1018 566 1076 614 tarn
1094 553 1213 614 dilucido
1231 553 1303 628 visu,

177 642 210 690 ut
226 629 356 690 homiues
379 629 413 688 ab
433 627 581 690 arboribus
602 629 756 702 discernat,
784 647 815 688 se
834 639 931 688 tameo
948 629 1004 689 iam
1022 630 1113 710 aliqua
1131 629 1244 690 videndi
1260 628 1303 687 sa·
1372 674 1376 690 .

177 705 281 768 onitate
303 705 473 788 praeditum,
497 704 561 786 quia
580 723 615 764 ex
633 715 715 766 motu
733 703 862 764 homiues
882 725 944 764 esse
962 705 1092 778 coniicit,
1116 727 1189 787 quos
1208 716 1303 765 rectae

176 794 298 843 staturae
322 803 382 842 esse
408 782 498 841 uidet:
537 801 595 860 quo
625 781 710 842 etiam
733 779 943 842 seusu‘similes
970 803 1031 842 esse
1054 781 1123 842 diesi
1146 781 1303 842 arboribus.

177 857 276 932 Quare
294 857 428 936 videmus,
447 869 480 917 ut
497 868 607 919 tantum
624 857 791 918 eoniectura
809 877 839 919 se
857 855 985 918 homines
1006 859 1103 918 videre
1120 859 1203 920 dicat.

253 937 301 995 26.
339 937 463 995 Dimisit
482 936 567 993 illum
586 936 776 992 iudeorum·
801 933 890 1009 Quod
910 933 1038 994 Christus
1057 955 1118 994 non
1136 935 1241 1016 patitur
1257 953 1307 995 re·
1340 943 1343 946 ’

176 1009 239 1072 dira
259 1009 449 1086 Bethsaidam,
477 1010 527 1070 ubi
546 1009 711 1072 miraculum
729 1008 833 1071 multos
852 1010 994 1071 habuisset
1010 1022 1111 1086 testes,
1133 1011 1246 1090 quidam
1263 1011 1307 1070 fu-
1379 1057 1383 1084 ,

176 1099 256 1148 ctum
273 1109 334 1150 esse
354 1088 488 1162 divinant,
529 1087 574 1146 nia
594 1084 850 1168 Christuigratiae
868 1107 933 1148 suae
951 1087 1086 1148 fruitione
1106 1086 1164 1147 eius
1183 1085 1240 1146 loci
1259 1087 1307 1146 iu-

178 1163 254 1226 rolas
278 1165 414 1246 privando
437 1165 483 1224 dex
498 1164 536 1223 it·
576 1184 697 1246 poenam
726 1184 839 1224 sumere
867 1162 998 1226 voluerit
1054 1161 1197 1242 Quicquid
1219 1161 1309 1222 suerit
1382 1191 1383 1210 r

178 1262 286 1316 causae,
306 1253 415 1300 certum
437 1251 488 1314 est,
508 1260 568 1300 non
587 1239 673 1300 fuisse
691 1238 726 1298 ab
747 1259 782 1300 eo
802 1239 908 1300 editum
925 1238 1098 1314 miraculum,
1110 1250 1149 1311 ,ut
1166 1250 1309 1319 perpetuo
1382 1235 1383 1264 ³

176 1317 352 1398 sepeliretur,
372 1317 421 1376 sed
439 1315 527 1376 latere
544 1337 611 1378 eum
632 1314 727 1375 multis
746 1314 805 1376 aliis
823 1315 1066 1390 voluisse-donec
1085 1315 1200 1399 expiatis
1212 1323 1310 1376 inorte
1382 1321 1383 1392 J

49 1417 53 1428 ·
98 1443 105 1469 ,
178 1392 342 1461 rotmundi
361 1391 482 1472 peccatis
501 1390 621 1478 glorium
640 1391 731 1464 Patris
754 1393 969 1458 conscenderet

425 1809 826 1958 SECTIQXV,
850 1861 855 1866 -
883 1838 1063 1908 <ru-154.)

319 2054 322 2059 ·
379 1948 1130 2134 1rsus·rririt{ic1rurr
1207 1967 1230 2118 'Z

191 2343 196 2350 .
266 2281 372 2364 (lul.)
414 2279 583 2359 MATTH.
606 2281 691 2349 XVI.
735 2261 918 2366 lid-'Quum
938 2281 1079 2346 venisset
1096 2285 1200 2346 antem
1217 2277 1312 2345 iesus

179 2387 214 2451 iu
235 2381 344 2472 partes
367 2382 546 2452 Caesareae
558 2383 704 2472 Philippi,
726 2385 933 2468 interrogavit
953 2381 1134 2470 discipulos
1150 2369 1238 2462 suos,
1261 2380 1315 2448 di·
1382 2375 1383 2452 ?

181 2509 269 2566 cens,
282 2485 292 2560 s
302 2488 409 2576 Quem
438 2511 488 2554 me
515 2486 627 2554 dicunt
653 2489 799 2552 homines
828 2484 1024 2571 esslessfiiium
1048 2485 1228 2576 bominis?¹
1258 2485 1313 2550 14.

168 2576 232 2650 -Ilii
253 2599 332 2654 v'ero
355 2589 521 2664 dicebaut?
536 2591 602 2655 Alii
624 2589 752 2682 quidem
775 2591 926 2656 ioannem
947 2590 1134 2676 Baptistatu,
1151 2581 1210 2651 'alii
1230 2607 1313 2652 vero

133 2737 139 2744 -
179 2687 298 2765 Elium,
321 2689 376 2752 alii
397 2711 476 2756 vero
498 2693 679 2767 Ieremiam,
700 2699 757 2756 aut
778 2713 877 2777 uuum
899 2715 938 2758 ex
957 2675 1137 2778 Propbetis.
1181 2689 1231 2756 15.
1252 2687 1314 2754 Di·
1382 2675 1383 2704 ¹

180 2791 223 2856 eit
245 2789 319 2867 illis,
342 2791 386 2854 At
407 2813 477 2870 vos,
500 2813 593 2878 quem
616 2815 669 2857 ure
690 2791 793 2860 dicitis
817 2798 904 2858 esse?
947 2793 998 2858 16.
1020 2789 1232 2880 Respondent
1255 2813 1313 2856 au·

180 2901 243 2958 tem
266 2891 378 2956 Simon
399 2881 517 2970 Peiros,
537 2893 627 2972 dixit,
649 2891 702 2958 Tu
725 2915 758 2959 es
782 2889 938 2976 Christus,
959 2895 1062 2961 Pilius
1083 2883 1155 2978 Dei
1166 2895 1312 2964 viventia.

182 2995 232 3064 17.
266 2995 308 3062 Et
335 2991 536 3082 respondeus
564 2997 654 3063 letus
681 2993 758 3060 dixit
784 2995 862 3086 illi,⁸
883 2999 1002 3063 Beatus
1034 2987 1074 3063 'es'
1095 2998 1206 3084 Simon
1232 2998 1314 3062 Bar-

179 3099 272 3166 lona:
294 3100 369 3189 quia
390 3117 466 3162 raro
491 3106 521 3161 et
543 3099 672 3184 sanguis
695 3119 763 3163 uoo
776 3098 929 3164 revelavit
945 3099 1013 3180 tibi,
1035 3098 1093 3166 sed
1106 3099 1312 3180 Patermeus,

180 3202 236 3286 qui
259 3209 306 3266 est
328 3205 362 3266 in
384 3197 494 3265 coelis.
537 3199 589 3266 18.
619 3201 662 3264 At
684 3223 744 3287 ego
766 3199 935 3280 tibidico,
963 3201 1053 3290 quod
1075 3213 1110 3267 tu
1132 3225 1172 3285 es
1188 3203 1322 3284 Petrus,
1356 3245 1363 3264 J

180 3310 213 3364 et
233 3323 331 3388 super
352 3303 434 3367 banc
457 3303 581 3367 Petram
605 3302 785 3370 aedificabo
807 3303 983 3370 Ecclesiam
1006 3299 1118 3370 auram:
1147 3313 1178 3370 et
1198 3317 1313 3394 portae
1382 3305 1383 3314 ’

179 3401 356 3472 interorum
377 3425 444 3498 non
460 3403 701 3492 praevalebunt
722 3407 876 3472 adversus
899 3429 977 3472 eam.
1021 3409 1072 3473 la
1094 3409 1136 3475 Et
1151 3407 1237 3475 dabo
1252 3409 1313 3475 tibi
1382 3415 1383 3430 ¹

180 3503 286 3586 claves
308 3509 408 3592 regui
421 3507 597 3586 coelorum,
620 3519 651 3574 et
673 3509 826 3598 quicquid
848 3509 999 3596 ligaveris
1019 3514 1169 3602 interra,
1191 3513 1253 3576 erit
1273 3511 1312 3575 li-

179 3618 285 3692 gatum
315 3608 349 3672 in
372 3609 484 3702 coelis,
510 3611 874 3702 etquicquidsolveris
896 3615 1050 3696 interra,
1085 3617 1145 3680 erit
1170 3613 1311 3680 solutum
1382 3671 1383 3678 ,

180 3715 213 3784 in
237 3709 346 3779 coelis.

265 3931 408 4002 MARC.
430 3930 519 4024 Vnt
562 3935 615 4000 27.
636 3937 678 4004 Et
699 3939 847 4024 egressus
869 3947 919 4004 est
939 3939 1029 4006 iesus
1052 3947 1089 4006 et
1102 3937 1252 4028 discipuli
1273 3937 1311 4004 il·

149 4032 242 4100 *lius
267 4039 302 4100 in
328 4039 420 4100 vicos
442 4035 634 4118 Caesareae,
663 4062 746 4127 quae
768 4045 1010 4126 cognominatur
1031 4027 1183 4130 Philippi:
1218 4043 1310 4108 etin
1382 4115 1383 4124 χ

178 4137 228 4196 via
250 4139 456 4225 interrogavit
477 4137 653 4226 discipulos
676 4165 762 4223 suus,
784 4141 894 4216 dicens
916 4144 989 4224 illis,
1013 4143 1120 4230 Quem
1133 4167 1183 4211 me
1198 4143 1310 4210 dicunt

135 4317 150 4330 .
179 4227 323 4331 homiues
347 4245 436 4307 esse?
484 4241 536 4306 28.
573 4241 625 4308 lili
647 4267 728 4312 vero
750 4245 999 4334 responderunt,
1025 4245 1178 4324 Ioannem
1199 4242 1310 4336 Bapti-

180 4335 273 4406 θῑᾶΰὶ,
306 4347 337 4404 et
363 4341 418 4410 alii
439 4345 557 4426 Etiam,
587 4346 644 4414 alii
665 4371 777 4420 rursus
796 4369 897 4418 uuum
917 4345 958 4418 de
979 4368 1113 4418 nurnero
1136 4351 1311 4439 Propheta,-
1382 4331 1383 4346 ¹
