2804 4762
136 261 142 276 ·
185 199 193 210 ’
256 251 336 327 (ιιι.
374 245 542 324 rosmari
559 244 666 330 templo
685 245 766 331 puts.
806 245 1093 361 rsus-musar
1166 250 1223 316 eor

92 400 175 464 dicit:
202 401 284 482 quod·
300 411 395 462 antem
418 399 549 472 omberat
571 397 662 461 relatu
685 399 817 484 dignum,
841 409 943 484 postea
960 401 1059 470 refert.
1076 407 1077 410 ’
1097 395 1159 468 Nisi
1174 391 1224 468 ‘cut

92 482 172 539 forte
190 478 277 561 magis
293 477 414 614 placeat,
432 476 461 536 in
477 477 528 546 hac
542 495 655 556 quoque
669 474 785 562 historia
801 475 980 542 observatum
994 480 1079 542 fuisse
1093 500 1110 542 a
1123 482 1222 558 Marco

93 565 217 634 tempus,
236 574 291 634 quo
329 551 375 613 alii
393 555 449 614 duo
467 552 662 635 neglexerant
690 553 753 614 Etsi
771 553 847 615 enim
865 575 918 616 suo
937 566 1073 617 contextu
1090 556 1225 618 videntur

95 631 264 692 continuum
282 641 412 690 tenorem
427 641 540 704 notare,
560 629 623 709 quia
641 639 737 690 tamen
755 631 829 697 diem
849 643 958 692 certum
975 630 1037 696 non
1054 633 1223 726 exprimunt,

94 703 167 766 nihil
185 705 295 767 absurdi
315 717 408 780 esset,
425 704 500 796 quod
525 705 698 766 coniunctim
715 705 745 766 io
762 706 829 786 ipsis
848 706 952 790 legitur
969 707 1104 770 dividere.
1151 709 1224 772 Mihr

9 799 10 802 ’
95 793 194 844 tamen
219 781 276 858 illa,
302 801 383 862 quam
406 801 502 864 priore
527 779 595 842 loco
611 781 706 862 posui,
732 787 894 864 coniectura
916 783 1005 867 magis
1046 784 1130 846 lacet:
1156 805 1223 846 narn

96 857 306 926 verisimile-est
327 878 422 918 coram
442 857 550 940 maiore
572 857 671 936 popuii
698 857 1017 938 i'requentia‘editum'.‘
1038 861 1076 920 nd
1098 860 1224 924 fuisses

98 925 215 996 Christo
231 932 375 1015 potentiae
393 953 459 1005 suae
476 932 627 1014 specimen.
659 933 811 994 Caeterum
829 933 952 1015 quisquis
971 935 1119 1017 expendet,
1140 949 1224 1018 quarn

8 1089 9 1094 η
72 1039 76 1050 ·
96 1031 195 1090 parum
213 1009 315 1072 orariosi
335 1010 444 1072 suerint
461 1007 656 1099 Evangelistae
673 1007 704 1069 in
722 1009 872 1070 notatione
890 1021 1061 1092 temporum,
1080 1021 1148 1072 eura'
1162 1033 1225 1081 non

95 1085 225 1148 'offendet
245 1086 296 1148 ista
311 1085 446 1154 narrandi
461 1085 614 1144 diversitas.
703 1135 706 1144 .

171 1165 222 1242 10..
257 1163 519 1242 Quomjntrosset
538 1161 784 1236 Hierosolymam.
823 1158 1002 1222 Commutato
1021 1159 1106 1224 inisse
1124 1160 1225 1235 urbem

95 1237 250 1301 Matthaeus
271 1237 353 1317 dicit,
376 1249 409 1297 ut
427 1235 559 1310 sciamus,
581 1256 643 1295 rem
662 1253 723 1295 non
741 1235 869 1296 obscure
880 1255 935 1296 nec
953 1235 1052 1298 brrtim
1070 1237 1155 1302 fuisse
1195 1259 1227 1300 e„

94 1325 178 1392 snm,
203 1315 338 1377 sed'toto
355 1312 463 1394 populo
486 1321 646 1402 speqtautc‚
668 1331 722 1372 nec
740 1310 845 1396 ignaris
857 1311 1055 1384 ¹sarcerdotibos
1072 1325 1102 1376 et
1117 1313 1171 1376 srr‘
1193 1313 1225 1376 is.

40 1397 41 1400 ’
94 1389 193 1466 Quare
210 1391 242 1458 in
261 1389 311 1452 illo
330 1386 534 1468 contemptibili
556 1385 647 1448 carrus
669 1381 772 1463 habitu=
783 1387 934 1468 conspicua
952 1386 1008 1452 sust
1025 1389 1147 1472 Spiritus
1165 1411 1228 1450 rna-

74 1464 189 1527 'iestasr
213 1465 362 1545 quomdo
381 1464 457 1525 enin
474 1461 546 1558 passi
566 1483 665 1524 omnes
683 1463 802 1525 fuissent
820 1475 887 1524 num
904 1471 1009 1560 niagno
1028 1487 1080 1530 suo
1120 1464 1228 1529 ericum
1264 1491 1275 1500 ·

93 1543 245 1604 Christum
263 1539 294 1600 in
312 1539 415 1601 urbem
430 1549 639 1622 regrapompa'
652 1539 757 1630 induci,
776 1539 829 1600 nisi
847 1541 961 1602 attoniti
979 1489 1118 1608 fuissenti
1137 1544 1228 1634 dioec
1295 1601 1300 1620 ,

94 1637 167 1700 ergo
186 1633 296 1692 summa
315 1627 365 1692 est,
385 1620 478 1697 nc'que
495 1614 698 1676 'clandestinum
718 1615 801 1677 iursse
822 1615 927 1680 Christi
938 1617 1111 1702 ingressum,
1133 1635 1170 1680 ne
1184 1629 1228 1680 'ue
1257 1623 1260 1634 i

8 1693 9 1706 ¹
93 1693 193 1754 hostes
222 1691 281 1774 eius
305 1691 455 1772 quievisse,
483 1692 547 1773 quia
569 1711 634 1752 eum
659 1703 891 1765 contemnerent,
918 1693 969 1755 sed
991 1695 1087 1776 potius
1110 1638 1227 1757 oceriito

94 1759 178 1836 metri
193 1769 280 1854 fuisse
298 1761 454 1829 cohibitoit
473 1767 536 1848 quia
554 1766 660 1830 scilicet
678 1787 728 1830 eos
747 1768 905 1850 perculerat
918 1770 1006 1846 Dens,
1023 1792 1062 1834 ne
1081 1770 1148 1854 quid
1161 1782 1235 1832 ten-t

92 1855 155 1905 tare
172 1845 318 1906 auderent.
355 1844 475 1910 Interim
494 1843 694 1928 perstringitur
712 1844 810 1925 supina
828 1844 906 1906 urbis
923 1847 1072 1924 securitas,
1085 1859 1124 1909 -et
1141 1847 1229 1911 adve-

8 1977 9 1980 ,
93 1927 196 1983 narum
223 1921 349 1982 laudatur
376 1920 490 2004 religio:
520 1938 585 1982 narn
611 1941 697 2002 quum
722 1921 817 1980 audito
840 1920 959 2004 strepitu
981 1935 1120 2006 quaerunt
1142 1924 1229 2002 eires,
1305 1991 1310 1998 ,

95 1998 224 2080 quisnam
241 1997 277 2058 sit
294 1995 357 2072 itte,
369 2007 447 2078 patet
464 2017 515 2058 eos
534 2017 594 2060 non
609 2018 674 2061 ¹esse
692 2017 727 2072 ex
747 1996 851 2058 Christi
861 1989 1027 2061 mutunus

79 2143 83 2148 ,
172 2079 221 2136 12.
264 2075 397 2150 Introor't
420 2075 506 2136 Iesus
528 2077 561 2132 ιἰι
583 2085 642 2132 tem
661 2075 732 2132 lum.
777 2071 875 2148 Quum
899 2077 1009 2156 saepius
1032 2074 1075 2150 in,
1089 2073 1229 2158 templum

92 2151 273 2225 ascenderet,
293 2149 408 2212 ethaeo
429 2149 590 2232 corruptela
607 2097 725 2210 subinde
742 2147 782 2208 iili
801 2161 876 2222 esset
893 2161 959 2212 arrte
978 2152 1086 2230 oculos,
1104 2151 1148 2213 bis
1163 2164 1229 2212 tau-
1271 2176 1278 2208 ι

96 2235 158 2287 tum
176 2225 213 2286 ad
232 2225 291 2286 eius
310 2225 516 2302 correctionem
534 2237 648 2284 manum
666 2223 801 2287 admovit:
818 2223 907 2284 semel
924 2221 1006 2286 initio
1026 2247 1092 2288 suae
1110 2225 1230 2310 legatio·
1256 2283 1258 2288 ,

97 2299 156 2377 ιιιί,ι
171 2313 203 2362 et
220 2321 298 2362 nunc
314 2321 436 2366 rursrnn.
445 2321 532 2380 quum
550 2317 643 2380 prope
660 2300 812 2358 admotam
824 2311 940 2372 ventum
956 2301 1041 2361 soret.
1070 2301 1129 2364 Sed
1142 2323 1230 2382 quum

97 2379 193 2458 turpis
215 2388 245 2436 et
268 2377 385 2456 profana
407 2375 538 2456 confusio
562 2394 674 2454 prorsus
699 2373 1064 2464 regnaret,'templumque
1086 2397 1151 2436 mum
1174 2375 1232 2438 suis

99 2453 241 2513 sacrificiis
260 2448 369 2512 excidio
389 2449 529 2511 addictum
547 2449 624 2510 foret
663 2449 729 2509 satis
754 2448 851 2508 tatur
869 2449 1008 2524 Chmstts,
1019 2450 1078 2530 cios
1090 2451 1231 2531 ,profanas

99 2528 210 2588 nortem
228 2525 273 2586 bis
290 2526 381 2606 palam
399 2544 564 2608 coarguere.
625 2587 626 2591 ,
646 2543 714 2612 uum
732 2544 803 2606 ergo
815 2545 855 2586 se
869 2524 1006 2659 patefecit
1023 2527 1184 2590 Ductorem
1202 2537 1232 2590 et

100 2601 275 2682 Prophetam
294 2623 316 2660 a·
328 2603 394 2664 Deo
412 2601 541 2675 missum,
563 2610 597 2660 ut
614 2599 734 2660 tunsos
754 2619 877 2683 espurge
888 2611 984 2662 armet
1001 2603 1146 2688 magisque
1164 2603 1233 2666 red-

103 2677 186 2739 deret
204 2687 341 2752 attentos,
364 2675 462 2758 templi
481 2675 618 2760 purgandi
636 2697 737 2752 munus
756 2675 808 2737 sibi
826 2677 958 2759 sumpsitz
981 2691 1065 2762 atque
1082 2680 1154 2743 hauc
1173 2681 1233 2764 pri·
1316 2700 1318 2704 ’

102 2773 185 2814 orem
205 2752 350 2814 historiam
371 2752 446 2816 solus
464 2752 587 2814 Ioannes
604 2751 700 2837 attigit
718 2753 809 2834 capite
827 2755 961 2816 serundo.
989 2758 1075 2819 Nunc
1088 2777 1160 2822 vero
1178 2757 1232 2820 sub

102 2829 189 2890 finem
209 2847 306 2906 cursus
324 2828 368 2891 sui
387 2829 504 2912 eandem
521 2839 688 2912 potestatem
707 2829 810 2892 iterum
827 2829 881 2890 sibi
896 2831 1039 2895 vindicans
1057 2835 1177 2896 Iudaeos
1195 2833 1234 2894 de
1289 2839 1292 2856 '

101 2906 202 2989 templi
220 2905 422 2988 pollutionibus
440 2907 582 2982 admonet,
600 2905 738 2986 smulque
755 2899 885 2982 ostendit,
903 2907 1111 2971 restitutionem
1128 2929 1234 2970 novam
1339 2923 1344 2930 '

8 2973 10 2998 '
57 3053 58 3058 η
102 2981 218 3045 instare.
238 2985 361 3044 interea
374 3001 444 3047 vero
462 2982 578 3065 minime
596 2982 711 3042 dubium
730 2993 781 3057 est,
799 2983 868 3063 quin
886 3003 918 3049 se
933 2995 967 3066 et
978 2989 1090 3069 Regem
1108 2995 1143 3044 et=
1156 3005 1234 3044 surn-

102 3077 182 3120 urum
196 3059 379 3136 Pontificem,
397 3059 495 3141 tempii
512 3079 545 3120 ae
559 3059 646 3120 divini
659 3057 748 3126 cultus
761 3060 916 3150 praesidem
930 3071 1048 3122 testatus
1063 3060 1108 3122 sit.
1144 3059 1234 3152 Quod

103 3133 169 3198 ideo
193 3136 349 3196 nomadum
373 3147 439 3211 esta·
459 3156 497 3195 ne
517 3135 571 3196 sibi
594 3135 853 3216 quilibet'prrretns
876 3135 952 3196 idem
976 3133 1063 3198 licere
1086 3133 1234 3198 existumet.

104 3211 208 3274 Zelurn
228 3212 355 3292 quidem,
383 3219 441 3292 quo
467 3207 599 3274 Christus
619 3212 653 3272 ad
679 3211 735 3272 hoc
760 3211 899 3294 agendum
922 3231 1066 3274 accensus
1081 3210 1153 3289 tuit,
1179 3212 1234 3294 piis

8 3303 10 3314 ’
106 3289 238 3350 omnibus
257 3308 437 3367 communem
453 3308 516 3348 esse
533 3286 628 3348 decet:
657 3287 720 3364 sed,
740 3307 779 3346 ne
801 3286 966 3348 imitationis
989 3299 1136 3370 praetextu
1158 3291 1236 3370 quis·
1265 3343 1268 3358 ,

105 3384 188 3443 quam
208 3377 317 3426 temere
335 3365 437 3441 irruat,
461 3364 612 3427 videndum
631 3374 688 3439 est,
719 3363 785 3444 quid
802 3364 877 3424 ferat
894 3364 1022 3440 roratio,
1048 3376 1078 3425 ct
1097 3377 1235 3448 quatenus

105 3459 160 3503 nos
180 3461 214 3502 ex
231 3442 287 3500 Dei
305 3441 438 3502 mandato
456 3439 600 3524 progredi*
609 3451 748 3522 oporteat.
779 3441 810 3502 Si
830 3438 930 3520 quain
950 3440 1110 3504 uinamenta
1128 3443 1159 3503 in
1178 3444 1237 3504 Ec·

106 3516 219 3578 elesiam
238 3516 294 3578 Dei
312 3517 505 3599 obrepserint,
529 3535 628 3599 omnes
646 3517 702 3577 Dei
722 3515 795 3577 filios
819 3517 884 3576 urai
905 3517 943 3576 do
973 3519 1074 3580 rzssed
1091 3520 1156 3600 quia
1173 3537 1242 3584 non,
1300 3528 1307 3536 ”
1392 3571 1393 3578 ,

107 3593 238 3652 omnibus
257 3593 335 3654 Deus
353 3615 467 3659 manum
485 3589 614 3667 armavit,
641 3593 690 3673 qui
706 3591 807 3676 privati
830 3603 896 3654 sunt
918 3593 1117 3677 ingemiscant,
1141 3597 1235 3656 doneo

107 3667 262 3727 remedium
284 3667 365 3728 Deus
385 3669 518 3736 attulerit.
562 3671 668 3730 Fateor
690 3669 802 3750 quidem
826 3689 887 3730 esse
930 3669 972 3732 lus
995 3691 1079 3752 ῳιιιι
1100 3670 1236 3752 stupidos,

69 3761 76 3783 ⁰
109 3743 209 3824 quibus
228 3763 287 3802 non
305 3743 432 3824 displicet
449 3743 548 3826 templi
566 3744 774 3825 Deipollun'o,
798 3765 851 3805 nec
872 3691 1015 3822 suibcere,
1042 3748 1065 3809 si
1090 3746 1138 3829 qui
1160 3745 1237 3804 intur

109 3818 185 3878 anxii
202 3815 266 3893 sint,
285 3819 337 3879 nisi
355 3841 371 3880 a
391 3821 561 3904 contagione
578 3821 632 3904 ipsi
646 3821 811 3895 abstineant,
832 3821 974 3906 ottingun
995 3833 1146 3896 testentur,
1164 3839 1237 3910 quo,

108 3893 163 3956 ties
182 3894 300 3954 occasio
312 3895 350 3954 ita
366 3895 477 3969 tulerit,
500 3917 531 3957 se
555 3917 659 3978 cupere
681 3907 727 3958 res
750 3898 781 3958 in
799 3897 898 3978 melius
916 3911 1045 3960 nmtatas:
1069 3895 1117 3958 sed
1136 3894 1256 3986 quibas·

109 3969 222 4052 publica
235 3989 294 4028 non
306 3981 348 4030 est
360 3971 519 4045 auctoritas,
538 3973 612 4048 vitia,
622 3974 732 4054 *quibus
746 3995 831 4032 manu
844 3987 991 4056 nequeumt
999 3971 1114 4046 mederI,
1132 3971 1237 4053 lingua,

111 4067 195 4185 quam
213 4045 318 4106 habent
336 4047 468 4121 solutum,
490 4059 665 4188 oppquent.
707 4051 863 4124 Quaeritur
885 4063 994 4124 omen,
1018 4068 1104 4130 quum
1127 4045 1239 4109 videret

51 4153 54 4160 ⁴
130 4123 240 4184 'hristus
265 4121 362 4184 crassis
387 4131 566 4213 superstition
596 4145 628 4186 us
651 4124 788 4186 refertum
812 4142 872 4186 esse
893 4124 1042 4205 ternplum,
1071 4143 1123 4190 eur
1144 4122 1238 4185 levem

113 4197 308 4266 duntaratvel
328 4198 477 4262 comediis
494 4201 582 4282 magis
597 4201 769 4262 tolerabilem
783 4201 950 4272 correxerit.
976 4199 1166 4292 'Respondeq
1183 4216 1238 4257 ne·
1270 4261 1278 4276 ,
1392 4245 1393 4284 1

114 4297 168 4355 que
186 4275 271 4338 fuisse
286 4273 405 4337 Christo
423 4277 610 4359 propositum,
628 4297 718 4340 sacras
737 4285 836 4338 omues
855 4272 1027 4334 ceremonias
1045 4291 1075 4332 ιιι
1092 4273 1237 4356 nonquam
1311 4275 1320 4289 '

8 4371 10 4396 ¹
54 4383 55 4386 ι
114 4371 194 4420 usum
218 4352 379 4432 restituere,
399 4353 510 4416 neceb
530 4348 986 4422 eodclectumsuissehabitum,
1010 4367 1147 4438 werram
1171 4348 1238 4414 vitio

511 4473 518 4538 i
