2796 4774
178 141 239 250 tlt!=
323 143 435 244 suen
453 177 518 240 XX.
557 157 683 239 cenum
701 186 919 238 nnsnnnecrro
936 191 979 236 rr
999 190 1160 240 sscrmsro.
1226 197 1228 211 ⁴

169 323 296 404 'rerunt
320 339 413 400 enirm¹
437 337 468 396 et
494 329 565 416 ipsc
586 329 715 394 evanuit
736 347 774 392 er
796 323 899 396 oculis
921 351 1041 395 eornm.
1083 328 1135 395 32.
1156 331 1201 398 Et
1220 331 1296 400 dixe-

182 451 258 512 runt
278 439 425 511 interae,
446 433 566 500 Nonne
587 453 646 498 cor
666 441 809 496 nostrum
832 430 967 498 ardebat
988 433 1140 518 inprobis,
1163 435 1238 502 dum
1254 438 1298 506 lo·

178 553 334 632 queretur
355 535 450 603 nobis
472 539 506 600 in
527 536 594 613 ris,
621 543 652 597 et
673 536 810 620 aperiret
831 533 927 598 uobis
949 534 1147 622 Scripturas?
1189 537 1241 603 33.
1261 541 1298 604 Et

183 653 347 732 surgentes
374 637 484 706 eadem
510 638 589 702 bora
611 638 748 722 regressi
766 645 844 702 'sunt
864 638 1136 724 Hierosolymam,
1163 650 1194 702 et
1216 643 1298 703 inve·
1366 675 1367 678 π

183 755 296 816 nerunt
306 751 514 827 congregatos
524 737 682 816 undecim,
699 749 806 818 eteos,
819 741 957 828 quicum
971 730 1150 818 illiserunt,
1176 741 1228 806 34.
1244 743 1294 806 Di·

182 858 298 923 centes,
321 843 464 908 Surrexit
474 842 635 908 Dominus
656 862 739 917 rere,
761 852 793 906 et
809 846 953 929 apparuit
967 842 1101 912 Simoni.
1138 844 1189 909 35.
1210 847 1296 909 Tunc

182 950 229 1016 illi
252 958 470 1024 narraverunt,
494 953 686 1034 quaegesta
709 954 799 1010 erant
819 948 852 1008 in
874 947 933 1022 ria,
956 953 987 1008 et
1008 945 1172 1032 quomodo
1193 948 1296 1012 luisset

183 1055 309 1140 agnitus
337 1035 416 1136 ipsis
446 1051 480 1116 in
509 1045 661 1114 lra'ctione
687 1051 788 1132 panis.
830 1045 882 1128 36.
909 1047 994 1114 Dum
1021 1059 1134 1138 nutem*
1152 1048 1228 1114 baec
1252 1049 1297 1114 lo·

184 1165 333 1246 quuntnr,
354 1154 441 1217 stetit
461 1152 550 1216 lesus
572 1153 605 1214 in
627 1147 733 1214 medio
754 1153 912 1236 ipsorum,
935 1161 967 1215 et
989 1149 1064 1216 dicit
1085 1149 1144 1229 eis,
1163 1152 1223 1216 Par
1244 1174 1296 1216 vo

183 1258 245 1326 bis.
287 1256 340 1320 37.
362 1254 567 1341 Erpevelacti
588 1273 666 1316 vero
689 1261 720 1316 et
741 1255 903 1318 conterriti
925 1237 1156 1331 existimabant,
1182 1275 1214 1319 se
1233 1256 1295 1340 spi-

184 1362 279 1428 ritum
300 1356 419 1422 videre.
462 1355 515 1422 38.
538 1355 580 1421 Et
602 1351 678 1418 dixit
699 1357 758 1431 eis,
772 1343 870 1442 ¹Quid
890 1355 1007 1420 turbati
1029 1360 1111 1435 estis,
1135 1367 1166 1422 et
1187 1360 1297 1444 cogita·

184 1463 289 1528 tiones
307 1457 482 1524 ascendunt
498 1461 532 1522 in
547 1455 701 1522 cordibus
717 1461 849 1524 vestris?
890 1459 942 1523 39.
965 1457 1081 1524 Videte
1096 1473 1206 1525 rntnus
1217 1481 1297 1524 meas

185 1573 217 1631 et
237 1561 338 1652 pedes
358 1581 457 1640 meos,
479 1564 552 1648 qnia
576 1567 646 1646 egb,
658 1562 728 1648 ipse
752 1583 846 1653 smne
859 1572 1050 1628 contrectate
1070 1584 1121 1626 me
1142 1573 1173 1627 et
1187 1563 1297 1639 videte,
1366 1605 1367 1612 κ

185 1671 262 1755 quia
289 1665 418 1752 spiritns
446 1680 577 1726 carnem*
600 1673 632 1733 et
660 1683 733 1728 ossa
765 1684 833 1728 non
855 1651 965 1742 habet,
998 1667 1080 1730 sicut
1107 1687 1158 1730 me
1191 1665 1299 1777 vidptis

185 1768 315 1836 habere.
368 1767 419 1830 tu
450 1767 492 1831 Et
524 1782 623 1852 quum
656 1764 737 1830 haec
769 1765 911 1868 dixisset,
951 1767 1090 1832 ostendit
1117 1770 1163 1833 eis
1189 1776 1300 1834 manns

185 1883 218 1938 et
237 1867 346 1956 pedes.
411 1885 414 1894 '
771 1879 775 1888 '
965 1881 1004 1906 ’κ

261 2078 334 2140 Lae.
352 2077 400 2138 31.
438 2072 479 2134 Et
504 2079 613 2153 operti,
626 2087 696 2136 sunt
720 2079 807 2140 oculi,
846 2078 898 2140 llis
920 2079 1014 2140 verbis
1033 2081 1178 2155 doeemur,¹
1200 2079 1300 2140 nullam
1366 2113 1367 2124 κ

150 2205 152 2213 ,
185 2155 272 2222 inisse
294 2154 324 2218 in
347 2151 463 2216 Christo
488 2153 742 2232 metamorphosin,
771 2167 804 2228 nt
827 2153 981 2216 formarum
1001 2157 1138 2218 varietate
1161 2157 1300 2216 hominnm
1366 2167 1367 2226 ἶ

186 2233 284 2298 oculos
303 2229 413 2304 luserit,
434 2228 534 2305 (sirmi
553 2231 686 2291 Proteum
706 2253 786 2292 snum
806 2232 916 2316 fingunt
934 2234 1067 2313 poetae),
1084 2234 1134 2294 sed
1152 2233 1301 2294 videntium
1366 2271 1367 2302 ,

184 2309 284 2374 oculos
303 2308 398 2390 potius
417 2326 530 2376 errasse,
551 2305 715 2386 quiavelati
735 2321 834 2368 essent.
875 2309 963 2368 Sicuti
980 2309 1062 2390 paulo
1082 2321 1147 2388 post
1166 2332 1223 2370 non
1237 2331 1299 2368 eva-
1324 2375 1325 2384 ἵ
1366 2309 1367 2316 '

185 2389 250 2450 nuit
271 2385 306 2446 ab
329 2385 427 2450 iisdem
452 2381 553 2457 oculis,
576 2383 641 2462 quie
664 2403 716 2464 per
734 2406 764 2446 se
783 2385 922 2444 invisibile
940 2386 1024 2446 suern
1043 2386 1099 2446 eius
1119 2407 1232 2467 corpus,
1255 2385 1300 2446 sed

185 2463 250 2546 quia
275 2463 350 2522 Deo
366 2459 495 2541 rigorem
517 2481 597 2519 sunm
616 2460 915 2596 subtrahentpobtnsa
934 2462 991 2522 fnit
1005 2464 1205 2538 eorum-acies.
1242 2465 1299 2523 Nee

184 2553 257 2602 vero
279 2537 381 2597 mtmm
404 2547 459 2609 est,
485 2533 640 2610 Christum,
659 2537 770 2598 simulac
789 2599 791 2602 ,
807 2537 846 2598 nit
870 2539 992 2619 agnitus,
1018 2539 1111 2598 subito
1129 2540 1299 2619 dispamisse:
1366 2561 1367 2566 ¹

180 2616 249 2696 quia
272 2631 446 2692 nequaquam
469 2612 543 2671 utilis
570 2625 631 2672 erat
652 2612 699 2672 lon
724 2616 766 2676 ior
791 2616 849 2677 nius
873 2627 1053 2694 conspectus,
1078 2637 1115 2676 ne
1136 2619 1186 2690 (ut
1204 2630 1301 2696 suopte

109 2712 114 2730 .
184 2689 301 2772 ingenio
326 2687 417 2750 nimis
430 2687 461 2751 in
480 2699 584 2747 terram
602 2637 743 2769 preelides
770 2691 985 2766 ereutii-ursus
1010 2689 1086 2751 illum
1109 2691 1142 2750 ad
1163 2705 1300 2752 terrenam

184 2767 270 2830 vitam
288 2764 436 2826 detrahere
451 2777 603 2845 ¹cuperent.
616 2767 719 2848 “'Ergo
744 2779 878 2846 qnatenus
897 2769 930 2828 ad
949 2769 1101 2828 testandam
1120 2769 1301 2829 resurrectio-

183 2861 251 2904 nem
270 2847 386 2927 nerfsse
412 2851 483 2914 erat,
509 2841 658 2902 videndum
678 2855 707 2903 se
727 2843 863 2904 exhibuit:
888 2843 982 2904 'subito
1001 2855 1096 2904 autem
1114 2843 1232 2906 distessu
1249 2847 1301 2903 do-

184 2922 258 2996 cuit,
280 2939 310 2980 se
331 2914 400 2983 aliti
422 2936 504 2998 quam
529 2917 558 2975 in
582 2921 689 2978 mn'ndo
715 2921 902 3000 quaerendum
927 2941 1002 2995 esse,
1028 2921 1092 3000 qnia
1113 2929 1205 2984 novae
1228 2921 1300 2982 vitae

183 2997 424 3080 complementum
443 3003 502 3054 erat
523 2993 552 3051 in
572 2985 840 3056 coelens'ascensus.
964 3062 965 3066 ,
1109 3019 1119 3032 ³
1366 2999 1367 3004 ’

258 3074 305 3136 32.
343 3073 446 3133 Nonne
469 3091 520 3129 cor
539 3082 682 3132 nostrum.
723 3071 828 3134 Effecit
853 3072 988 3144 Christis
1012 3073 1098 3146 nitio,
1122 3085 1154 3132 nt
1175 3094 1300 3132 arcanam

184 3161 214 3212 et
236 3151 371 3210 latentem
391 3147 512 3228 Spiritus
536 3147 745 3230 gratiam‚'qua
768 3151 844 3230 prius
869 3149 970 3222 donati,
984 3091 1108 3221 iirerant,
1134 3150 1196 3210 vivo
1212 3170 1298 3207 sensu

182 3225 363 3320 perciperent
384 3223 520 3305 discipuli.
559 3223 608 3284 sic
633 3225 707 3285 enim
727 3237 935 3306 nonuunquam·
946 3239 1085 3306 operatur·
1095 3227 1125 3284 in
1142 3225 1192 3286 suis
1210 3225 1299 3298 Dens,

182 3313 220 3360 tlt·
239 3317 304 3362 true
319 3303 440 3382 Spiritus
463 3302 498 3360 ad
520 3311 642 3380 tempus·
657 3303 790 3386 ignorent
804 3303 908 3379 ¹(cnins
927 3315 1020 3364 tamen
1040 3323 1099 3362 non
1117 3303 1178 3362 s'nnt
1196 3303 1300 3381 'exper-

182 3373 325 3449 tee'),vvel
341 3377 453 3438 ‘saltem‘
468 3388 501 3435 ut
523 3397 583 3439 eam
602 3378 733 3438 distincte
756 3400 816 3446 non
841 3393 1005 3462 agnoscent,
1032 3377 1079 3439 sed
1105 3379 1213 3438 tdntnm
1236 3400 1299 3438 sen-

181 3451 255 3512 tient
271 3465 374 3513 arcano
396 3453 541 3515 instinctu.
576 3453 625 3512 sie
643 3453 770 3534 discipuli
780 3456 916 3514 'ardorem
936 3456 1049 3534 quidem
1067 3455 1143 3534 prius
1161 3476 1298 3534 concepe-

180 3539 245 3591 rant
264 3526 360 3604 (cnins
378 3548 455 3586 nune
474 3529 677 3603 recordantur)
696 3531 745 3589 sed
763 3531 824 3592 sine
843 3531 1018 3592 attentionez'
1033 3550 1109 3592 nunc
1128 3553 1162 3590 ex
1181 3551 1238 3608 qno
1258 3533 1299 3589 in-

180 3605 277 3666 notuit
304 3601 356 3663 illis
382 3591 523 3678 Christus,
552 3605 664 3663 demum
691 3619 824 3685 reputare
850 3607 1001 3687 incipiunt,
1030 3629 1111 3687 quam
1140 3607 1216 3686 prins
1241 3608 1299 3668 sine

124 3705 127 3714 ¹
179 3691 264 3772 gustu
282 3683 431 3742 hauserant
448 3673 661 3760 eius'gratiam,·
681 3703 768 3775 seque
785 3683 900 3744 hebetes
919 3683 1003 3762 fnispe
1022 3683 1189 3766 intelligunt.
1228 3685 1298 3744 Nam

180 3779 211 3818 se
230 3759 305 3838 ipsos
323 3753 482 3818 insimulant
499 3756 730 3832 meorumnam
749 3759 889 3820 dicerent:
914 3759 1085 3840 qnilactnm
1105 3773 1156 3834 est,
1176 3772 1209 3820 nt
1227 3761 1299 3820 inter

178 3832 348 3913 loquendum
373 3851 433 3894 non
456 3831 543 3891 inerit
567 3853 582 3892 a
607 3833 688 3895 nobis
714 3835 861 3919 cognitus?
892 3859 957 3896 nam
977 3859 1065 3918 quum
1111 3847 1255 3898 enetraret
1271 3836 1298 3894 in

178 3911 266 3970 eorda
281 3923 386 3986 nostra,
405 3907 550 3993 debuimus
567 3909 789 3974 animadvertere
807 3913 932 3992 quisnam
946 3913 1034 3974 esset.
1117 3923 1227 3974 eternus
1241 3934 1298 3973 non

158 4055 160 4064 ,
177 3983 346 4064 simpliciter
363 4007 398 4048 ex
419 3986 475 4048 hnc
500 3987 618 4047 undosi
640 4005 678 4048 no
700 3989 838 4072 colligunt
856 4007 916 4050 esse
939 3989 1095 4063 Christum,
1113 3989 1183 4068 opta
1203 3991 1239 4050 ad
1258 3991 1298 4047 in-

176 4057 354 4122 flammandas
371 4074 481 4122 mentes
499 4059 596 4123 efficax
611 4009 698 4123 riserit
717 4065 776 4125 eins
794 4085 900 4126 sermo:
918 4066 967 4126 sed
990 4067 1053 4202 puis
1065 4065 1192 4129 debitum
1210 4063 1298 4126 eibo-

174 4151 276 4194 norem
295 4137 438 4208 tribuunt,
457 4139 524 4198 dnm
544 4157 596 4198 ore
615 4139 753 4218 loquitur,
771 4139 921 4222 intusquo
943 4161 978 4204 ue

175 4209 259 4292 cerda
276 4213 440 4293 accendere.
479 4213 627 4275 Gloriatur
684 4215 756 4276 idem
774 4217 889 4287 Paulus,
908 4163 962 4296 sibi
980 4220 1013 4280 da

117 4327 125 4362 ὃ
150 4297 246 4338 -nunr
266 4285 389 4362 Spiritus
407 4290 468 4362 (lla
482 4289 551 4350 Cor.
569 4293 601 4366 ¹³,
618 4294 646 4354 8.
681 4303 712 4352 et
728 4311 811 4372 caepe
831 4293 920 4353 Verbi
933 4293 1083 4356 ministros
1101 4293 1143 4356 hia
1161 4291 1299 4354 encomiis
1366 4359 1367 4380 χ

1015 4141 1117 4278 tisim
1135 4141 1178 4201 sni
1199 4141 1299 4233 pretore

1047 4241 1075 4280 nt
1095 4239 1155 4280 esse
1172 4229 1299 4278 mmste-
