2796 4774
30 229 32 236 *
110 227 114 235 ¹
396 221 475 310 (eos.
513 223 614 284 reum
633 221 727 284 Iesum
745 221 888 309 sugas)
1123 223 1182 288 ata

65 389 120 454 est,
148 375 222 459 quod
245 377 358 452 Petrus,
389 384 537 512 postquam
558 371 675 456 simplici
699 371 884 510 abnegatione
909 373 980 439 elabi
998 395 1059 438 non
1076 373 1180 458 potnit,

64 454 229 534 interposito
247 453 388 514 iureiuran
408 472 426 511 o
444 449 551 511 crimen
569 449 702 532 duplicat:
723 471 804 530 pauo
841 464 887 514 ost
906 452 1004 527 etiam,
1025 473 1111 533 quum
1128 473 1180 516 ve·

66 531 222 591 behrentius
246 540 377 612 urgetur,
409 549 440 588 us
459 547 495 586 ue
518 525 552 586 ad
576 526 792 588 exsecrationem
829 530 960 590 escendit.
997 528 1082 590 Unde
1100 525 1181 590 cohi·

65 607 169 702 gimus,
194 617 343 697 postquam
368 625 426 664 scm
477 601 581 664 excidit
621 615 747 676 escator,
780 602 811 660 in
829 602 948 682 deterius
958 603 1084 666 ‘mbiude
1104 601 1181 686 rapi:

31 751 33 758 ¹
65 695 105 744 uta
124 681 172 774 qui
193 681 330 762 incipiunt
350 701 366 741 a
384 679 583 740 mediocribus
608 678 708 754 elietis,
740 677 905 757 praecipites
927 681 1028 744 deinde
1045 691 1132 742 ruuut
1149 679 1182 741 iu

65 758 223 820 foedissima
241 755 357 831 seelera,
376 775 446 835 quae
464 755 556 836 primo
577 753 793 818 exhorruissent.
836 756 931 832 Atque
948 756 1017 817 haee
1035 757 1106 819 iusta
1122 754 1182 818 Dei

66 835 188 895 vindicta
207 845 263 910 est,
281 853 315 892 ex
335 852 392 913 quo
411 853 464 892 nos
483 831 504 894 S
527 831 604 892 iritus
622 829 710 892 sancti
728 829 828 891 auxilio
846 831 1001 910 privamur,
1025 831 1182 970 rioleqffl

65 911 97 970 in
115 908 338 990 nos'imperium·
353 907 466 968 tandem
510 919 606 968 atanae
629 905 807 986 permittere,
836 915 869 970 nt
892 905 945 968 sibi
967 927 1080 986 prorsum
1156 908 1165 926 ⁶

67 999 130 1048 etos
148 997 177 1046 et
194 985 364 1066 mancipatos
383 984 437 1044 bue
456 995 487 1044 et
505 982 570 1043 illuc
589 983 732 1076 proiiciat:
764 983 799 1042 Id
816 1002 886 1059 uero
905 982 1052 1061 praecipue
1069 983 1100 1047 iu
1117 983 1183 1046 fidei

66 1061 252 1144 abnegatione
278 1060 430 1141 contingit:
467 1059 531 1152 quia
556 1059 605 1118 ub:
628 1060 691 1140 quis
713 1070 790 1120 metu
818 1057 909 1118 crucis
939 1057 1092 1118 deflexita
1134 1078 1184 1120 ura

66 1139 212 1220 Evangelii
236 1135 424 1218 professique,
458 1155 482 1196 su
507 1135 633 1196 nondum
655 1134 781 1196 hostibus
804 1131 971 1196 satisfactum
1001 1153 1060 1194 esse
1082 1079 1185 1211 videet,

66 1213 139 1276 ultra
157 1214 349 1296 progreditur:
381 1221 410 1271 et
434 1211 510 1290 quod
532 1231 591 1270 uon
615 1231 695 1272 ausus
719 1210 811 1272 fuerat
830 1208 1014 1290 praelatui,
1045 1207 1105 1268 sine
1123 1207 1186 1272 ullis

65 1290 264 1370 integumentis
283 1308 398 1368 prorsus
416 1286 532 1348 abiurat.
571 1287 681 1360 Deinde
699 1288 755 1348 hoe
799 1305 892 1366 noque
910 1283 1114 1346 obseruandum
1133 1295 1187 1360 est,

66 1371 142 1447 quod
160 1387 218 1426 uno
239 1365 301 1424 lere
317 1361 450 1442 temporis
469 1373 574 1442 puncto
601 1374 646 1422 ter
666 1363 766 1424 Petrus
780 1308 935 1424 (beseceritr
966 1361 1032 1440 quia
1050 1359 1117 1426 binc
1135 1382 1187 1441 ap-

66 1447 158 1522 paret,
186 1461 269 1520 quam
291 1439 392 1499 lubrici
420 1449 449 1498 et
493 1437 609 1500 coclites
632 1439 716 1500 simus
741 1439 776 1498 ad
801 1438 967 1512 cadendum,
997 1436 1110 1515 quoties
1132 1457 1186 1500 nos

66 1521 154 1580 Satan
173 1515 298 1597 impellit
337 1514 424 1576 Certe
435 1459 602 1590 juuiluserit
627 1515 743 1576 cadendi
761 1516 874 1588 modus,
899 1513 1118 1582 nisiaDominus
1137 1533 1187 1572 ex-

66 1605 148 1654 tenta
166 1613 251 1658 manu
268 1593 322 1654 nos
340 1589 468 1650 retineat.
518 1592 669 1670 Postquam
687 1591 717 1651 in
735 1591 822 1652 Petro
844 1591 992 1651 exstinctus
1009 1587 1062 1648 tuit
1081 1587 1188 1672 gratiae

67 1668 190 1750 Spiritus
209 1667 236 1728 vi
258 1687 304 1739 or,
335 1678 368 1726 ut
387 1665 502 1746 quisque
521 1666 551 1726 in
570 1666 779 1731 eum.incidens
797 1668 833 1731 de
853 1665 967 1727 Christo
986 1678 1126 1747 rogasset,
1153 1664 1189 1726 ad

67 1756 183 1807 eentum
202 1767 220 1805 v
266 1741 339 1802 mrlle
358 1741 558 1824 abrogationes
576 1735 675 1805 fuisset
693 1757 810 1825 paratus.
849 1742 1016 1822 Quanquam
1034 1761 1066 1802 er
1087 1763 1105 1802 o
1124 1753 1190 1802 tur-⁶

89 1811 213 1882 issimhm
236 1817 276 1880 illi
299 1817 354 1878 brit
378 1831 422 1880 ter
445 1815 557 1896 emere,
585 1820 724 1881 Dominus
742 1831 837 1882 tamen
855 1817 893 1882 illi
911 1816 1051 1910 pepercit,
1066 1761 1190 1900 qinguas
1264 1876 1272 1895 ‚

66 1845 192 1960 hostiani
210 1895 357 1970 cohibens,
381 1915 419 1956 ne
442 1895 534 1987 plures
559 1896 677 1958 insultus
695 1906 852 1960 moverent.
891 1895 940 1955 Sre
961 1893 1042 1978 etiam
1065 1895 1191 1974 quotidie

67 1979 199 2038 Satanam
214 1971 330 2052 abipso
350 1971 455 2032 frenan
473 1967 588 2046 n'ecesse
607 1985 662 2049 est,
689 1993 727 2033 ne
746 1970 898 2034 innumeris
917 1969 1117 2032 tentationibus
1132 1993 1189 2045 nos

69 2052 181 2114 obruat.
218 2049 278 2110 Eut
296 2047 371 2108 enim
390 2047 483 2108 multis
502 2048 635 2109 machinis
654 2069 707 2112 nos
726 2049 861 2129 impetere
879 2068 940 2110 non
957 2057 1057 2121 ‚cessat
1075 2046 1129 2108 nisi
1147 2059 1191 2108 tae

68 2147 137 2188 men
160 2123 313 2196 Dominus,
342 2123 495 2182 infirmitati
519 2137 631 2196 nostrae
654 2125 815 2198 consulens,
844 2124 979 2202 impetum
1003 2123 1106 2182 furoris
1129 2125 1191 2184 eius

26 2232 33 2242 ¹
68 2211 192 2274 arceret,
213 2221 276 2260 cum
295 2199 428 2261 immensa
445 2201 633 2260 tentationum
652 2199 729 2260 mole
746 2199 829 2260 uobis
848 2199 1009 2258 certandum
1028 2197 1112 2260 soret.
1131 2201 1191 2258 Ita,
1235 2239 1238 2244 -
1264 2204 1266 2210 '

69 2298 127 2360 qne
151 2275 314 2342 celebranda
337 2274 420 2336 nobis
445 2286 488 2335 est
509 2274 562 2335 hac
587 2275 616 2334 in
637 2288 718 2355 parte
739 2271 1083 2348 misericordia‘Domini,
1114 2274 1191 2354 quod

69 2353 158 2416 bostis
178 2352 270 2414 nostri
292 2349 436 2411 libidinem
458 2351 505 2412 uix
527 2351 678 2412 centesima
707 2369 742 2410 ex
764 2362 845 2430 parte
868 2350 901 2410 in
924 2369 978 2411 nos
1001 2349 1203 2434 grassari‘pa-'

67 2432 147 2493 titur.
219 2449 223 2455 '
512 2491 517 2496 .
871 2469 875 2476 ·

146 2508 192 2568 74.
214 2505 295 2564 limo
313 2525 344 2563 eo
380 2505 406 2562 it
425 2505 586 2564 exsecrari.
615 2503 679 2564 Hae
697 2501 783 2583 tertia
798 2499 986 2584 abnegatione
1003 2501 1034 2562 in
1053 2519 1192 2564 summum

71 2580 213 2644 cumulmn
237 2579 329 2659 erupit
377 2578 430 2640 etri
453 2599 520 2660 erga
542 2579 706 2662 magistrum
724 2577 876 2642 infidelitas.
914 2578 987 2640 Nam
1013 2578 1191 2645 iureiurando

70 2661 139 2718 uou'
167 2666 315 2717 contentus
346 2655 381 2716 ad
409 2655 627 2718 exsecrationem
651 2655 782 2732 transilit,
813 2675 867 2737 qua
890 2675 993 2736 corpus
1019 2667 1049 2718 et
1070 2655 1191 2720 animem
1234 2710 1238 2727 ,

70 2755 149 2795 suam
173 2732 258 2794 exitio
282 2731 416 2795 deuoret:
454 2730 507 2792 sibi
529 2731 605 2794 euim
627 2731 853 2796 maledictionem
876 2731 932 2796 Dei
955 2731 1138 2815 imprecatur,
1169 2731 1193 2794 si

72 2809 216 2874 Christum
234 2809 354 2872 noverit.
392 2807 488 2888 Atque
506 2808 622 2888 perinde
639 2809 696 2884 hoc
715 2809 790 2872 ualet
808 2808 864 2870 acsi
882 2807 1003 2888 dixisset,
1019 2808 1091 2870 male
1109 2829 1194 2888 pere-

72 2907 135 2960 am,
169 2883 192 2947 si
210 2885 277 2964 quid
294 2883 362 2944 mibi
386 2904 536 2945 commune
559 2897 603 2946 est
620 2907 684 2946 cum
702 2885 789 2948 salute
807 2885 873 2946 Deir
912 2883 981 2958 Quo
999 2885 1088 2966 magis
1106 2883 1194 2944 adrni-

66 2963 159 3038 ‚randa
179 2972 221 3025 est
241 2959 348 3038 Christi
366 2959 491 3036 bonitas,
517 2961 564 3040 qui
583 2960 747 3044 discipulum
767 2983 783 3026 e
801 2961 881 3036 ruina
900 2972 957 3028 tam
976 2959 1050 3024 letali
1069 2970 1195 3028 erectum

73 3039 188 3106 sanauit.
229 3037 381 3099 Caeterum
403 3035 449 3097 hie
467 3035 545 3098 locus
564 3037 659 3113 docet,
687 3059 750 3098 non
765 3037 895 3118 protinus
919 3058 978 3100 esse
995 3034 1195 3116 blasphemiam
1289 3043 1290 3052 ’

72 3115 103 3175 in
123 3114 274 3196 Spirltum,
304 3113 327 3174 si
346 3112 406 3192 quis
424 3113 583 3185 infirmitate
606 3112 696 3175 carnis
714 3112 803 3194 lapsus
830 3112 977 3175 ueritatem
1001 3111 1068 3174 licet
1094 3109 1196 3196 cogni-

75 3203 135 3251 tam
153 3191 285 3272 abneget.
323 3189 460 3251 Audierat
478 3201 556 3250 certe
575 3190 676 3262 Petrus
694 3209 729 3250 ex
749 3209 800 3251 ore
817 3187 947 3262 Domini,
973 3209 1056 3268 quam
1074 3187 1196 3250 detesta-

74 3265 138 3342 hills
157 3267 193 3327 sit
210 3265 324 3350 perfidis
343 3285 437 3326 coram
455 3265 616 3342 hominibus
636 3266 726 3346 ipsum
743 3285 861 3349 negare:
898 3275 929 3326 et
952 3273 1034 3344 qu‘am
1057 3263 1198 3328 horribilis
1217 3275 1220 3284 “

78 3362 129 3403 eos
151 3342 221 3403 ultio
247 3363 341 3404 coram
365 3341 430 3402 Deo
454 3353 483 3403 et
507 3362 541 3401 an
564 3341 612 3404 elis
635 3352 760 3418 maneat,
799 3339 874 3421 quii
895 3361 967 3401 navo
987 3339 1076 3402 crucis
1093 3342 1199 3405 timore

76 3416 142 3477 fidei
162 3419 366 3482 confessionem
383 3418 529 3490 deserupt:
544 3363 606 3480 luno
625 3439 686 3478 non
703 3417 805 3478 frustra
842 3360 905 3476 auio
925 3429 1006 3490 ante,
1029 3429 1150 3481 mortem
1169 3431 1201 3481 et

67 3493 196 3574 ‘quodvis
215 3504 388 3556 tormentum
409 3494 515 3556 Christi
530 3494 711 3578 abnegationi
727 3437 905 3575 praetulerat.
947 3495 1032 3560 Nune
1054 3517 1086 3556 er
1106 3517 1124 3558 o
1143 3497 1200 3558 sei-
1227 3568 1230 3576 y

80 3589 132 3630 ens
152 3579 181 3628 et
199 3571 437 3634 antemdmonitus
456 3591 487 3639 se
505 3571 682 3654 praecipitat:
695 3570 818 3630 'venum
841 3581 935 3645 umen
957 3582 1054 3652 postea
1073 3515 1198 3654 obtiuet:

76 3644 153 3706 unde
172 3643 308 3723 sequitur,
327 3645 501 3724 infirmitate,
519 3669 579 3708 non
598 3661 691 3709 autem
702 3645 852 3714 ,insanabili
870 3647 972 3714 malitia
990 3669 1130 3729 peccasse.
1148 3647 1200 3706 Li-

77 3721 182 3782 benter
200 3719 273 3780 enim
294 3720 408 3782 Christo
426 3725 606 3801 praestitisset
624 3723 749 3784 debitum
768 3718 877 3804 pietatis
896 3723 1030 3802 officium,
1049 3723 1103 3786 nisi
1120 3732 1199 3783 metu

79 3795 230 3858 exstirmm
247 3795 320 3856 recti
338 3795 457 3856 allectus
475 3799 608 3860 scintillae
629 3799 755 3860 subrent.

155 3875 218 3934 75.¹
241 3873 282 3930 Et
302 3873 475 3938 recordatus
493 3886 539 3942 ert
557 3876 676 3936 Patrue.
714 3875 761 3952 Ad
778 3897 879 3938 vocem
897 3875 962 3960 galli
984 3872 1098 3936 accessit
1117 3869 1219 3941 etittm'¹

12 4017 13 4024 χ
81 3947 187 4013 Christi
206 3946 338 4024 intuitus,
357 3957 431 4008 teste
451 3947 541 4010 Luca:
567 3971 632 4010 nam
650 3949 727 4027 prins
746 3963 893 4016 canentem
911 3952 1012 4036 gallum
1031 3948 1179 4031 neglexere

82 4021 165 4088 sicuti
184 4043 218 4084 ex
236 4025 335 4084 Marco
353 4023 516 4085 audiuimus.
554 4023 584 4085 A
602 4025 718 4086 Christo
735 4025 822 4108 igitur
839 4029 940 4108 respici
960 4025 1100 4104 oportuit,
1117 4037 1149 4086 ut

81 4099 245 4168 :erudiret
282 4100 363 4161 Idem
382 4099 458 4161 etin
477 4099 559 4162 nobis
577 4100 679 4183 singuli
697 4103 866 4183 experimur:
902 4102 961 4183 quis
981 4100 1055 4161 enim
1072 4112 1202 4174 nostrum

82 4197 182 4242 secure
205 4195 265 4238 non
288 4175 423 4258 praeterit
447 4176 535 4238 surdis
553 4177 764 4248 auribus‚,non
789 4181 852 4240 dico
871 4177 963 4240 vanos
987 4188 1018 4237 et
1036 4176 1203 4262 multiplices

85 4253 178 4314 avium
198 4263 294 4314 cantus
314 4251 488 4334 (quitamen
512 4273 564 4316 nos
588 4253 622 4316 ad
640 4255 734 4315 Deum
752 4251 961 4336 glorificandum
979 4251 1127 4330 incitant),
1154 4253 1204 4318 sed

12 4333 14 4366 .
85 4329 172 4430 ipsam
191 4329 247 4399 Dei
266 4349 377 4410 vocem,
397 4351 468 4428 quae
486 4325 561 4410 clare
578 4341 608 4410 et
626 4329 771 4402 articulate
790 4330 820 4390 in
839 4331 923 4414 Legis
941 4339 971 4399 et
988 4330 1134 4418 Evangelii
1151 4331 1204 4398 do-
