2804 4762
196 211 258 278 m
358 209 468 274 swr-
485 205 584 304 Μ
621 219 875 272 annumerans
892 215 1164 272 uacnmarroms.

198 371 230 426 et
250 377 358 422 nomen
375 356 428 420 {tn
445 355 499 434 fuit
515 353 691 437 impon'tnma
722 375 787 418 nam
805 355 957 424 etenim
969 355 1036 421 dicti
1053 364 1118 420 suot
1135 351 1212 436 quast
1228 351 1322 416 inter-

124 489 131 502 ,
196 445 299 522 pestes.
338 435 506 526 Qqanqnam
529 442 623 522 autern
645 432 702 494 suis
728 433 896 521 commentis
919 445 1008 526 teum
1026 433 1199 526 Sepipturam
1221 429 1324 522 foeda-

196 520 333 648 tur
375 507 1123 674 ,minimae-ss
1136 527 1327 669 estate.

196 683 259 726 mm
276 667 434 720 auctoritas·
472 657 543 718 Ideo
562 677 602 718 sce
620 655 725 718 resolvi
746 656 832 718 dehet
849 656 994 740 loquutio,
1014 660 1155 723 Pharisaei
1173 672 1202 722 et
1219 659 1327 744 reliqui

112 769 121 776 -
196 733 310 809 uibar,
327 733 375 795 rel
391 731 509 810 smirne,
525 733 602 794 inter
620 753 691 824 quos
710 731 848 796 Pharisaei
869 753 979 795 summo
999 733 1111 798 honore
1130 736 1250 818 pollent,
1271 732 1328 799 rsi-

194 809 238 876 hia
258 808 325 872 dum
350 805 520 891 loquuntur,
543 819 735 872 retunsius
758 807 842 891 probi
865 819 929 870 aunt
954 809 1098 894 magistri,
1117 812 1208 894 impiis
1227 825 1328 874 autem

193 887 329 970 operibcrs
345 886 463 968 pessime
481 906 534 948 vos
552 883 711 949 instituunt:
731 892 816 968 quart
835 883 869 948 ad
887 907 984 966 eorum
1005 905 1055 947 ora
1075 889 1172 966 potius
1189 911 1277 972 quam
1293 887 1329 949 ad

194 983 294 1025 manus
311 964 456 1026 attendite.
493 963 580 1024 Nune
597 961 755 1045 quaeritur,
777 960 909 1045 quicquid
925 959 1094 1044 praecipiant
1112 963 1261 1042 demeres,
1291 985 1329 1026 an

193 1037 257 1104 siae
275 1038 436 1104 d'uerimine
453 1039 608 1122 parendum
625 1039 669 1101 sit.
706 1039 779 1100 Nam
797 1037 862 1099 satis
879 1049 996 1116 masur,
1013 1039 1109 1098 aetatis
1126 1039 1199 1103 illico
1217 1041 1332 1112 scribas

193 1115 328 1200 nequiter
357 1127 389 1180 et
422 1115 557 1178 scelerate
579 1113 736 1202 corrupisse
760 1113 868 1198 Legem
889 1114 978 1197 pravis
999 1109 1157 1206 tigmentis,
1187 1135 1332 1179 onerasse

194 1189 297 1276 iniquis
323 1191 432 1278 legibus
459 1191 574 1256 mheras
600 1191 719 1267 animas,
738 1189 845 1252 ‘multis
866 1213 898 1252 su
918 1189 1104 1252 erstitionihus
1128 1189 1241 1254 vitiasse
1264 1191 1332 1255 Dei

195 1271 316 1332 onltunu
333 1269 411 1364 atqui
426 1269 532 1332 arrad
549 1265 612 1331 vult
629 1267 760 1330 Christus
777 1287 876 1328 eorum
893 1211 1055 1342 doctrinam,
1072 1265 1140 1327 acsi¹
1150 1285 1251 1356 eorum
1273 1280 1331 1350 ty-

195 1346 306 1408 rannidi
327 1356 459 1410 resistere
481 1343 523 1406 ias
544 1363 605 1406 non
627 1355 710 1408 esset.
759 1341 859 1404 Facilis
876 1353 919 1404 est
939 1341 1056 1418 solutio,
1077 1361 1138 1402 non
1154 1341 1332 1422 simpliciter

196 1421 323 1486 mnirari
345 1419 498 1502 qramlbet
520 1418 677 1482 doctrinam
700 1433 765 1481 cum
783 1419 860 1496 viu,
877 1417 926 1482 sed
941 1417 997 1480 hoc
1016 1417 1130 1480 Christo
1147 1417 1229 1481 tuisse
1247 1439 1327 1499 pro-

225 1493 1329 1654 ‚tm“tttttt‘rtttl'bltttt‘t‘titillatu

194 1650 322 1725 tradere,
345 1647 489 1729 quonmdn
506 1648 657 1710 vivendum
676 1648 721 1709 sit
750 1671 753 1676 ·
770 1647 939 1729 Quanquam
963 1613 1057 1710 alutem
1075 1645 1144 1718 mihi
1161 1666 1221 1706 non
1240 1660 1327 1707 certo

195 1735 315 1800 constat,
343 1723 420 1786 cande
437 1735 547 1804 sumpta
565 1725 602 1784 sit
619 1723 647 1784 lo
668 1723 759 1800 ontio,
783 1723 934 1804 probabilis
952 1736 1048 1785 tamen
1067 1734 1229 1786 esteorum
1249 1742 1326 1784 eon-

193 1798 613 1953 resumeres
626 1745 755 1936 eta
773 1817 856 1934 istc
874 1798 1325 1936 seruitutem·
1389 1891 1390 1898 ψ

192 1963 304 2026 rerem,
327 1917 429 2013 ordine
446 1915 599 2033 subgehaul
614 1917 665 2031 qui
686 1971 720 2012 ex
738 1897 870 2012 coirsusu
888 1963 969 2012 erant
986 1951 1073 2012 verba
1094 1893 1204 2012 seclusi.
1260 1951 1320 2010 Le·
1389 1947 1390 1996 ἴ

192 2047 259 2123 gem
277 2045 348 2090 vero
366 2027 454 2108 ipsam
473 2045 507 2088 ex
527 2024 644 2087 editiore
662 2025 727 2088 loco
744 2025 918 2123 promulgari
933 2027 1010 2088 forte
1028 2027 1116 2088 moris
1136 2025 1321 2112 luitlusedet

192 2103 278 2190 igitur
295 2103 326 2164 in
345 2102 473 2166 cathedra
490 2102 593 2179 Mosis,
613 2103 737 2182 quinon
758 2116 793 2162 ex
810 2121 841 2164 se
859 2123 919 2196 ipso
949 2103 995 2166 vel
1011 2125 1065 2186 pro
1085 2104 1129 2162 rio
1148 2123 1245 2179 sensu,
1270 2103 1318 2164 sed

69 2172 75 2195 ¹
193 2203 229 2244 ex
244 2181 302 2242 -Dei
321 2179 490 2257 auctoritate
508 2191 538 2239 et
554 2177 643 2248 uerbo
662 2177 808 2270 praecipit
843 2146 933 2242 Simul
951 2193 1044 2242 tamen
1063 2125 1186 2262 ligitime
1205 2180 1317 2268 voratio

193 2259 240 2322 bic
258 2267 387 2320 noutnr:
406 2256 469 2338 quia
487 2254 551 2318 ideo
570 2255 657 2336 audiri
678 2255 781 2318 scribas
798 2253 878 2318 rubet
897 2253 1034 2333 Christus,
1053 2255 1130 2338 quod
1149 2254 1251 2334 publici
1270 2276 1317 2316 es-

194 2349 258 2400 sent
282 2333 421 2398 Ecclesiae
445 2333 585 2396 doctores.
644 2329 760 2414 Papistis
783 2332 848 2394 satis
867 2343 909 2394 est
925 2331 1163 2412 titudotpraeditos
1182 2349 1255 2406 esse,
1280 2352 1315 2390 ae

192 2413 288 2476 locum
312 2430 465 2493 occupare,
493 2407 541 2490 qui
562 2409 640 2490 leges
665 2411 823 2489 imponunt.
881 2410 947 2470 Huc
969 2408 1045 2483 enin
1069 2416 1204 2488 torquent
1227 2405 1315 2468 verba

198 2488 314 2563 Christi,
374 2489 412 2550 asi
431 2505 547 2550 necesse
565 2485 602 2548 sit
622 2485 786 2548 obedienter
802 2485 930 2566 recipere
950 2484 1080 2566 quicquid
1097 2483 1316 2544 mandantordi-

192 2565 264 2624 narii
282 2567 340 2626 Eoc
351 2565 423 2626 esiae
440 2561 589 2654 praesules.
639 2559 729 2643 Atqui
748 2563 813 2624 satis
830 2582 969 2643 superque
987 2557 1056 2637 haec
1074 2559 1210 2621 utnnnia
1229 2559 1313 2620 refel-

191 2637 259 2698 litur
273 2638 363 2697 altero
381 2637 486 2700 Christi
504 2639 606 2730 edicto,
625 2639 675 2700 uhi
692 2661 708 2700 a
728 2639 869 2699 sarmento
887 2637 1098 2699 Pharisaeorum
1117 2635 1211 2698 caveri
1229 2633 1313 2696 iubet.

192 2711 367 2802 Siroiipere
389 2713 646 2805 auetoreChrutq
667 2732 728 2774 non
750 2725 860 2774 tantum
886 2713 927 2806 ζει
953 2725 1007 2788 est,
1031 2713 1182 2806 sedetiam
1203 2719 1313 2790 oportet

132 2851 138 2872 ·
191 2786 443 2952 iiiiiiellmh
465 2864 495 2952 a
514 2789 1314 2958 callidii?{oiiiiliiciliissiifssiiidil
1388 2819 1389 2830 '

190 2938 294 3002 buerit.
331 2937 442 3001 Dente
460 2959 484 2999 ει
502 2937 823 3030 bominumpraeceptis
841 2963 956 3005 suorum
976 2949 1157 3004 conscientias
1173 2935 1311 3028 hichri-

151 3059 161 3080 a
190 3029 250 3082 atus
275 3016 481 3110 obstringeret,
507 3011 577 3076 falso
597 3013 661 3076 abbr
680 3018 889 3096 pronuntiaret,
913 3019 1014 3080 frustra
1036 3019 1127 3088 Deum
1145 3013 1199 3074 coh
1219 3014 1311 3074 bomi-

189 3115 259 3153 num
277 3094 421 3156 mandatis.
460 3088 536 3150 Hinc
553 3103 679 3170 apparet,
705 3092 850 3155 Christum
872 3105 986 3156 eatenus
1006 3092 1136 3186 populum
1155 3090 1260 3150 hortari
1279 3103 1310 3151 ut

123 3203 125 3208 ·
190 3168 289 3230 scribis
312 3182 422 3251 pareat,
440 3249 441 3252 Ἴ
459 3165 621 3248 quantisper
649 3167 678 3228 in
703 3189 771 3248 pura
795 3183 826 3230 et
843 3170 960 3252 simplici
978 3171 1062 3254 Legis
1080 3165 1310 3246 interpretatione

188 3256 314 3304 manent
371 3245 450 3310 Scite
479 3241 554 3304 enim
582 3242 758 3328 Augustinus
787 3257 817 3305 et
844 3247 968 3328 apposite
991 3248 1025 3308 ad
1051 3243 1154 3306 Christi
1177 3245 1310 3319 mentem,

100 3332 103 3338 ’
188 3317 293 3380 scribas
311 3342 399 3403 super
417 3319 576 3382 cathedram
592 3320 679 3383 Musis
698 3320 821 3382 sedendo
840 3323 948 3416 Legem
966 3323 1022 3384 Dei
1039 3320 1165 3394 domuisse
1184 3320 1309 3400 exponit:

188 3391 309 3471 ideoque
327 3415 395 3458 oves
417 3397 544 3457 debuisse
562 3417 662 3458 rocem
680 3396 798 3479 pastoris
818 3419 868 3477 per
886 3421 961 3475 ipsos
982 3397 1088 3472 audire,
1113 3407 1245 3477 terimam
1260 3417 1309 3478 per

187 3470 385 3608 bilbili*
407 3472 550 3609 puppo
563 3472 1247 3611 qugcgopqpqp0spprpp,enepflggp
1260 3493 1308 3608 tt

205 3661 216 3716 '.
231 3629 338 3714 reptatu
356 3589 385 3682 in
398 3623 535 3714 loannem
550 3622 619 3702 46.).
645 3571 933 3690 Cuisebtentilenibs
952 3572 1060 3699 'irridebr
1080 3593 1089 3626 ⁹
1108 3571 1153 3697 orl
1163 3571 1306 3686 idemlra-

208 3711 231 3760 rt
248 3697 321 3758 libro
339 3701 367 3788 d.
387 3697 422 3759 de
441 3699 569 3790 doctrina
588 3701 759 3764 Christiana:
825 3701 916 3764 oniam
934 3647 1006 3764 boni
1027 3649 1121 3762 fidilis
1139 3721 1197 3761 non
1214 3722 1305 3780 quem·
1387 3759 1388 3780 ,

186 3775 256 3838 libet
275 3775 426 3849 hommem,
445 3776 495 3836 sed
512 3797 602 3868 ipsum
617 3779 711 3840 Deum
730 3778 785 3840 obe
806 3778 895 3840 ’enter
918 3779 1042 3855 audiunt,
1059 3777 1124 3838 ideo
1144 3777 1249 3836 utiliter
1261 3797 1305 3835 au·
1387 3799 1388 3809 ¹

148 3910 161 3932 χ
187 3853 305 3916 duntur
324 3851 371 3931 qui
390 3851 474 3911 etiam
492 3851 598 3915 utiliter
614 3875 674 3916 non
693 3869 789 3938 agunt.
822 3854 961 3918 Catbedra
980 3875 1049 3938 ergo
1070 3873 1129 3913 non
1150 3852 1304 3925 scribarum,

187 3930 238 3992 sed
258 3922 346 3989 Moris
365 3927 487 4012 cogebat
505 3947 554 3991 eos
572 3930 648 3993 bona
665 3933 784 4008 docere,
804 3929 886 3992 etiam
905 3953 964 3993 non
982 3931 1056 3990 bona
1074 3929 1216 3990 iacientes.
1254 3931 1305 3988 Sua

187 4004 264 4140 eurippi
285 4027 300 4065 a
318 4003 411 4096 ebant
429 4003 459 4065 in
483 4003 540 4068 sita
563 4025 624 4068 sua:
660 4009 764 4084 docere
787 4019 879 4069 autem
897 4029 959 4085 sna,
978 4005 1108 4068 cathedra
1127 4025 1177 4066 eos
1195 4025 1254 4066 nou
1270 4001 1304 4064 si-

186 4098 224 4138 ne
261 4091 274 4139 t
327 4100 387 4140 ena.
584 4109 588 4118 ·
957 4115 961 4123 ·

261 4158 289 4213 4.
331 4157 482 4238 Colligeret
500 4159 576 4216 enim
592 4177 691 4218 ema.
734 4159 802 4218 Non
821 4169 931 4220 accusat
950 4158 1069 4233 scribas,
1089 4155 1165 4238 quasi
1188 4155 1260 4217 duris
1277 4167 1304 4216 et
1386 4197 1387 4206 a

187 4219 289 4310 §niquis
312 4229 422 4314 legibus
444 4232 547 4295 animas
572 4234 719 4314 tyrannice
742 4233 909 4314 opprimant.
955 4233 1081 4294 Tametsi
1106 4231 1180 4292 enim
1206 4232 1304 4314 multos
1386 4227 1387 4242 ¹

187 4296 355 4365 induerant
379 4325 567 4390 supervacuos
588 4307 657 4370 ritus
683 4310 732 4386 (ut
755 4319 834 4390 patet
857 4328 892 4369 ex
914 4307 973 4370 aliis
995 4308 1096 4386 loeis),
1121 4329 1197 4368 nune
1215 4318 1302 4368 tamen
