2804 4762
147 133 228 248 litt
442 183 553 250 SEU·
572 183 654 247 xvt
691 199 768 246 arsa
786 200 821 247 m
839 169 1030 245 mussans.
1090 192 1094 204 ·

173 347 206 406 ot
224 336 269 400 ait
290 335 369 402 illia:
414 332 465 400 18.
486 333 572 400 eece
592 333 837 400 conscendimus
857 333 1126 423 Hierosolymam,
1147 337 1178 397 et
1196 329 1301 398 Filius

174 437 314 505 bominis
336 435 479 502 tradetur
498 433 703 524 principibus
724 435 934 504 Sacerdotem
957 447 988 504 ct
1009 433 1146 514 Scribis,
1172 444 1204 500 et
1224 453 1300 500 eun-

172 533 369 606 demnabuut
381 559 453 604 eum
465 546 579 604 morte.
607 537 657 602 19.
670 535 711 602 Et
723 535 849 604 tradent
859 559 933 604 euru
939 537 1098 605 Gentibus
1111 535 1153 604 etl
1164 535 1300 612 illuden-

174 639 259 734 dmu,
279 647 312 704 et
328 635 564 726 flagellandum,
584 637 616 704 et
634 636 901 726 crucifigendum:
924 651 957 708 et
970 645 1062 708 tertis
1080 640 1133 708 die
1147 650 1301 729 resurget.

256 831 402 906 Maec.
422 837 464 906 X.
506 833 559 904 32
579 833 683 902 Erant
704 845 808 903 autem
829 837 934 922 invia
956 833 1166 904 ascendentes
1188 839 1311 904 Hiero-

172 933 346 1024 solymam,
372 949 405 1007 et
428 935 642 1027 praecedebat
666 937 742 1008 illos
767 941 873 1021 lesus,
901 948 1054 1026 erantque
1075 939 1247 1026 pavefacti,
1272 949 1315 1006 et

172 1052 343 1129 sequentes
368 1039 534 1125 timebanta
568 1051 600 1108 et
626 1042 796 1131 assumptis
822 1064 950 1110 rursum
980 1038 1165 1122 duodecim,
1200 1047 1316 1129 coepit

172 1141 237 1216 illis
258 1145 378 1226 dicere,
405 1166 488 1234 quae
509 1141 574 1212 sibi
595 1154 745 1212 eventius
768 1157 865 1214 erant.
913 1145 967 1213 33.
994 1144 1081 1210 Ecce
1101 1131 1315 1210 ascendimus

172 1245 447 1334 Hierosolymam,
473 1257 506 1314 et
524 1245 629 1314 Filius
650 1247 788 1315 bominis
809 1247 952 1316 tradetur
971 1243 1170 1338 principibus
1192 1244 1314 1310 Sacer-

173 1347 285 1417 dotum
308 1357 339 1416 et
361 1347 508 1426 Scribis,
527 1357 559 1415 et
580 1346 776 1418 damnabunt
797 1373 868 1418 euna
890 1361 1006 1432 morte,
1031 1359 1064 1416 et
1083 1346 1210 1416 tradent
1231 1367 1312 1412 eum

172 1451 345 1520 Gentibus:
388 1451 442 1519 34.
469 1453 512 1519 Et
538 1449 675 1518 illudent
702 1455 746 1533 ei,
773 1463 806 1519 et
826 1451 1036 1541 flagellabunt
1056 1475 1142 1533 cum,
1170 1462 1202 1516 et
1227 1472 1311 1519 cou-

172 1564 293 1646 rpuent
312 1555 348 1620 in
369 1574 455 1635 eum,
480 1564 513 1622 et
533 1553 724 1622 interficient
744 1577 829 1622 eum:
858 1567 890 1622 et
909 1561 1003 1625 tertia
1024 1555 1078 1622 die
1098 1563 1252 1642 resurget

257 1747 359 1818 LUC.
374 1748 500 1814 'XVllL
544 1747 1037 1836 31.Assumpsitaurem10eus
1060 1747 1245 1828 duodecim,
1275 1759 1310 1815 et
1336 1815 1338 1820 .

172 1855 217 1920 eit
236 1851 310 1931 illis,
331 1852 418 1918 Ecce
438 1847 639 1924 ascendimus
659 1847 924 1936 Hierosolymam,
947 1863 980 1918 et
999 1835 1307 1916 consummabuntur

171 1958 292 2035 omnia,
324 1967 407 2042 qnae
438 1954 555 2040 scripta
586 1961 662 2016 sunt
687 1974 745 2040 per
771 1937 946 2040 Prophetes
976 1952 1017 2019 de
1044 1949 1128 2018 Filio
1154 1950 1306 2018 bominis.

170 2057 223 2126 32.
252 2055 414 2124 Tradetur
435 2057 519 2136 enim
541 2051 701 2120 Gentibus
724 2063 755 2120 et
774 2053 943 2134 illudetur,
956 2063 1004 2140 ³et
1031 2053 1232 2121 contumeliis
1259 2041 1309 2120 ai-

169 2161 298 2230 lieietur
320 2170 352 2226 et
372 2167 583 2252 conspuetur:
626 2157 679 2224 33.
700 2159 743 2224 Et
762 2169 931 2246 postquam
950 2155 1196 2244 flagellaverint,
1218 2160 1308 2224 ceei-

171 2261 250 2348 dent
276 2281 363 2332 eume
390 2285 428 2328 ac
453 2264 546 2343 tertia
573 2260 627 2327 die
651 2257 805 2353 resurget.
848 2259 901 2326 34.
925 2261 969 2326 Et
993 2259 1056 2348 ipsi
1082 2256 1164 2324 nibil
1189 2259 1306 2327 borum

171 2359 405 2450 intellexerunt,
428 2373 459 2432 et
480 2374 548 2432 erat
566 2361 701 2430 verbum
722 2363 786 2432 hoe
805 2360 1028 2432 absconditum
1048 2359 1090 2430 ab
1112 2364 1169 2446 eis,
1189 2372 1222 2430 et
1236 2384 1306 2430 uon

171 2469 407 2559 intelligebant,
435 2491 518 2558 quse
538 2465 737 2536 dicebantur.
1287 2475 1293 2488 '

248 2689 384 2750 Tametsi.
396 2689 533 2750 admoniti
548 2687 635 2770 ,prius
659 2676 770 2748 inerant
789 2683 934 2766 Apostoli,
956 2685 1018 2768 quis
1041 2685 1129 2750 exitus
1147 2684 1302 2747 Dominum

171 2773 308 2838 maneret,
327 2765 391 2844 quia
409 2776 505 2826 manen
523 2786 584 2825 nou
597 2763 661 2825 satis
674 2763 864 2843 profecerant,
882 2763 958 2842 quod
970 2763 1078 2844 saepius
1092 2763 1206 2836 dixerat,
1225 2782 1302 2840 nune

172 2840 208 2900 de
226 2840 342 2921 integro
361 2840 474 2930 repetit.
517 2840 605 2898 Videt
623 2839 726 2898 instare
745 2837 819 2898 diem
838 2839 948 2900 mortis:
975 2840 1032 2899 imo
1051 2841 1106 2900 iam
1125 2831 1214 2899 ert'id
1231 2845 1302 2917 pro-'

173 2916 276 2992 cinctu
296 2925 329 2976 ut
346 2936 377 2976 se
395 2936 487 2997 ipsum
504 2913 705 2976 immolandum
723 2911 838 2973 usserat:
860 2913 928 2976 disci
949 2914 1009 2976 ulos
1027 2927 1120 2976 autem
1135 2933 1195 2974 nun
1212 2913 1300 2972 modu

171 2993 295 3068 timidos,
315 2991 365 3054 sed
381 3010 468 3052 coeca
486 2989 636 3052 inuuidine
655 2988 789 3050 attonitos
809 2988 892 3063 videt
962 3003 1071 3052 erutor
1090 3009 1158 3073 ergo
1176 2987 1209 3048 ad
1225 3009 1301 3050 eou-

119 3097 124 3112 ¹
171 3069 315 3144 stantiam,
338 3063 375 3130 ne
393 3087 460 3128 mox
477 3062 529 3126 sub
547 3063 706 3126 tentatione
726 3063 862 3126 deficiant.
905 3066 997 3128 Porro
1016 3067 1124 3129 duobus
1142 3065 1232 3127 modis
1252 3085 1302 3126 eos

172 3145 332 3206 confirmat:
361 3165 425 3204 uam
445 3141 523 3223 quod
541 3140 666 3201 futurum
686 3153 751 3202 erat
764 3142 942 3223 praedicens,
965 3165 1025 3204 non
1044 3153 1151 3204 tantuin
1171 3162 1220 3204 eos
1238 3163 1302 3212 mu-

172 3217 228 3308 nit,
250 3241 287 3280 ne
308 3221 402 3284 subito
421 3219 624 3300 malupraeter
644 3218 807 3298 opinionem
826 3219 1013 3282 ¹circumventi
1028 3218 1227 3290 succumbant,
1247 3218 1302 3283 sed
1391 3295 1392 3302 ἵ

172 3293 294 3356 Deitatis
318 3319 384 3358 suae
408 3295 551 3378 specimen
574 3296 695 3375 opponit
717 3296 807 3357 erucis
831 3295 973 3371 scandalo,
1001 3318 1037 3358 ne
1060 3295 1300 3358 brevis'deiectio

163 3390 223 3453 xeus
243 3372 395 3448 exanimet,-
417 3371 465 3434 ubi
488 3372 614 3508 persuasi
635 3370 740 3431 luerint
762 3372 854 3452 ipsum
876 3393 938 3434 esse
960 3373 1018 3434 Dei
1038 3371 1157 3446 Filium,
1181 3371 1314 3453 ideoque·

172 3445 273 3506 mortis
292 3449 439 3509 victorem.
514 3445 621 3510 ecuuda
641 3447 858 3508 confirmationis
876 3449 947 3526 ratio
966 3462 1010 3510 est
1026 3471 1062 3512 ex
1080 3447 1237 3530 propinqua
1254 3468 1301 3508 re-
1390 3479 1391 3518 ᾗ

173 3521 371 3592 surrectione.¹
396 3515 454 3584 Sed
471 3523 558 3584 verba
575 3523 690 3604 propius
710 3525 868 3607 expendere
887 3526 1029 3588 convenit.
1066 3529 1188 3586 Marcus
1208 3523 1300 3604 expri-

172 3597 234 3670 mit,
252 3597 329 3678 quod
346 3593 382 3658 ab
401 3599 459 3662 eliis¹
479 3599 587 3662 duobus
606 3611 722 3676 tacetur,
741 3601 900 3694 priusquam
917 3603 1057 3664 Dominus
1076 3611 1202 3664 seorsum
1217 3601 1301 3681 Apo-

173 3671 253 3736 stolis
271 3673 423 3750 indicaret,
453 3691 484 3736 se
507 3687 586 3736 reeta
613 3677 646 3736 ad
672 3691 771 3739 mortu
793 3677 956 3740 sacrificium
980 3695 1115 3762 pergere,
1143 3689 1202 3738 tam
1225 3677 1300 3757 ipsos

173 3771 258 3832 quam
280 3750 402 3832 reliquos
427 3751 545 3826 comites
570 3751 654 3822 inisse
677 3765 855 3836 moestoset
880 3755 1001 3834 pavidos.
1045 3755 1105 3817 Cur
1126 3765 1221 3815 autem
1247 3751 1299 3814 boc

172 3838 252 3887 metu
275 3848 357 3888 corre
377 3827 403 3900 ti
421 3827 527 3890 suerint
548 3829 689 3894 incertum
712 3842 769 3907 cst,
791 3831 847 3900 nisi
869 3831 934 3911 quia
952 3833 1030 3924 prim
1050 3831 1159 3912 experti
1181 3828 1298 3901 luerent,
1389 3867 1390 3876 κ

172 3923 274 3994 graves
293 3903 346 3966 sibi
394 3903 579 3986 ierosolymae¹
598 3927 659 3966 esse
677 3905 858 3970 adversarios.
891 3907 1121 3992 Christumergo
1139 3903 1298 3969 maluissent
1389 3933 1390 3936 ¹

173 4000 203 4038 sn
228 3999 342 4043 recessu
370 3981 463 4062 alique
485 3993 568 4052 ¹extra
596 3981 721 4043 telorum
746 3983 850 4046 iactum
877 3985 1037 4066 quiescere,-
1067 4000 1150 4076 quam
1170 3983 1245 4052 ultro
1268 4001 1297 4042 se

174 4053 300 4118 obiicere
318 4068 377 4119 tant
394 4057 505 4120 infestis
519 4057 654 4120 hostibus.
706 4059 874 4141 Quanquam
892 4062 1050 4124 autemtbie
1068 4073 1154 4138 timor
1172 4055 1295 4142 pluribus

173 4131 265 4213 modis
284 4133 401 4198 vitiosus
419 4134 480 4213 init,-
499 4136 685 4229 quodiameu'
705 4135 846 4201 Christum
864 4149 1027 4218 sequuntur,
1050 4131 1183 4202 beenon
1201 4133 1297 4228 pulga-
1388 4171 1389 4178 κ

175 4217 215 4284 ”⁸
234 4203 427 4292 observantiae
445 4223 474 4273 et
490 4213 601 4306 pretatis
619 4212 730 4296 signiam
750 4225 799 4275 este
832 4213 942 4276 Fuisset
960 4215 1071 4295 quidem
1088 4205 1174 4298 longe
1191 4211 1296 4284 melius,

175 4267 310 4344 menses·
326 4298 356 4348 et
378 4288 573 4360 siuetmstitia
595 4299 769 4374 properare,
792 4301 960 4374 quoeunque
984 4291 1088 4374 dutere
1112 4291 1190 4374 ipses
1213 4285 1297 4355 vellet
