<?xml version="1.0" encoding="UTF-8"?>
<!DOCTYPE html PUBLIC "-//W3C//DTD XHTML 1.0 Transitional//EN"
    "http://www.w3.org/TR/xhtml1/DTD/xhtml1-transitional.dtd">
<html xmlns="http://www.w3.org/1999/xhtml" xml:lang="en" lang="en">
 <head>
  <title>
</title>
<meta http-equiv="Content-Type" content="text/html;charset=utf-8" />
  <meta name='ocr-system' content='tesseract 3.04.00' />
  <meta name='ocr-capabilities' content='ocr_page ocr_carea ocr_par ocr_line ocrx_word'/>
</head>
<body>
  <div class='ocr_page' id='page_1' title='image "./novumtestamentu00calvgoog_0338.png"; bbox 0 0 2830 4772; ppageno 0'>
   <div class='ocr_carea' id='block_1_1' title="bbox 458 169 463 182">
    <p class='ocr_par' dir='ltr' id='par_1_1' title="bbox 458 169 463 182">
     <span class='ocr_line' id='line_1_1' title="bbox 458 169 463 182; baseline 0 0"><span class='ocrx_word' id='word_1_1' title='bbox 458 169 463 182; x_wconf 78' lang='grc' dir='ltr'>Ι</span> 
     </span>
    </p>
   </div>
   <div class='ocr_carea' id='block_1_2' title="bbox 458 163 1264 296">
    <p class='ocr_par' dir='ltr' id='par_1_2' title="bbox 458 163 1264 296">
     <span class='ocr_line' id='line_1_2' title="bbox 458 163 1264 296; baseline -0.002 -22"><span class='ocrx_word' id='word_1_2' title='bbox 458 210 603 296; x_wconf 53' lang='lat' dir='ltr'><strong>(uolut</strong></span> <span class='ocrx_word' id='word_1_3' title='bbox 642 203 722 273; x_wconf 73' lang='lat' dir='ltr'><strong>lesui</strong></span> <span class='ocrx_word' id='word_1_4' title='bbox 742 211 874 294; x_wconf 86' lang='lat' dir='ltr'><strong>capitur.)</strong></span> <span class='ocrx_word' id='word_1_5' title='bbox 901 241 904 248; x_wconf 60' lang='grc'><em>’</em></span> <span class='ocrx_word' id='word_1_6' title='bbox 1169 210 1228 272; x_wconf 74' lang='lat'><strong>829</strong></span> <span class='ocrx_word' id='word_1_7' title='bbox 1256 163 1264 186; x_wconf 42' lang='lat' dir='ltr'><strong>l</strong></span> 
     </span>
    </p>
   </div>
   <div class='ocr_carea' id='block_1_3' title="bbox 102 357 1345 447">
    <p class='ocr_par' dir='ltr' id='par_1_3' title="bbox 102 357 1345 447">
     <span class='ocr_line' id='line_1_3' title="bbox 102 357 1345 447; baseline 0.006 -29"><span class='ocrx_word' id='word_1_8' title='bbox 102 358 162 422; x_wconf 90' lang='lat' dir='ltr'><strong>acsi</strong></span> <span class='ocrx_word' id='word_1_9' title='bbox 180 357 279 422; x_wconf 85' lang='lat' dir='ltr'><strong>luisset</strong></span> <span class='ocrx_word' id='word_1_10' title='bbox 301 361 451 422; x_wconf 87' lang='lat' dir='ltr'><strong>continuus</strong></span> <span class='ocrx_word' id='word_1_11' title='bbox 477 363 607 443; x_wconf 87' lang='lat' dir='ltr'><strong>precandi</strong></span> <span class='ocrx_word' id='word_1_12' title='bbox 630 373 722 426; x_wconf 88' lang='lat' dir='ltr'><strong>tenor.</strong></span> <span class='ocrx_word' id='word_1_13' title='bbox 765 365 872 424; x_wconf 84' lang='lat' dir='ltr'><strong>Vrrum</strong></span> <span class='ocrx_word' id='word_1_14' title='bbox 898 361 1013 440; x_wconf 82' lang='lat' dir='ltr'><strong>scimus,</strong></span> <span class='ocrx_word' id='word_1_15' title='bbox 1037 361 1227 447; x_wconf 72' lang='lat' dir='ltr'><strong>Evangelistas</strong></span> <span class='ocrx_word' id='word_1_16' title='bbox 1341 385 1345 394; x_wconf 87' lang='grc'><em>·</em></span> 
     </span>
    </p>
   </div>
   <div class='ocr_carea' id='block_1_4' title="bbox 17 435 1229 760">
    <p class='ocr_par' dir='ltr' id='par_1_4' title="bbox 17 435 1229 760">
     <span class='ocr_line' id='line_1_4' title="bbox 103 435 1228 524; baseline 0.004 -29"><span class='ocrx_word' id='word_1_17' title='bbox 103 435 246 498; x_wconf 86' lang='lat' dir='ltr'><strong>interdum</strong></span> <span class='ocrx_word' id='word_1_18' title='bbox 265 439 373 501; x_wconf 87' lang='lat' dir='ltr'><strong>omissis</strong></span> <span class='ocrx_word' id='word_1_19' title='bbox 389 439 604 502; x_wconf 52' lang='lat' dir='ltr'><strong>,circinnstantiis</strong></span> <span class='ocrx_word' id='word_1_20' title='bbox 629 461 762 501; x_wconf 86' lang='lat' dir='ltr'><strong>summam</strong></span> <span class='ocrx_word' id='word_1_21' title='bbox 791 452 897 502; x_wconf 85' lang='lat' dir='ltr'><strong>tantum</strong></span> <span class='ocrx_word' id='word_1_22' title='bbox 917 441 1119 524; x_wconf 85' lang='lat' dir='ltr'><strong>perstringere.</strong></span> <span class='ocrx_word' id='word_1_23' title='bbox 1139 438 1228 515; x_wconf 88' lang='lat' dir='ltr'><strong>Quod</strong></span> 
     </span>
     <span class='ocr_line' id='line_1_5' title="bbox 105 514 1229 602; baseline 0.002 -30"><span class='ocrx_word' id='word_1_24' title='bbox 105 532 176 594; x_wconf 87' lang='lat' dir='ltr'><strong>ergo</strong></span> <span class='ocrx_word' id='word_1_25' title='bbox 199 515 311 572; x_wconf 90' lang='lat' dir='ltr'><strong>tandem</strong></span> <span class='ocrx_word' id='word_1_26' title='bbox 333 514 361 574; x_wconf 92' lang='lat' dir='ltr'><strong>in</strong></span> <span class='ocrx_word' id='word_1_27' title='bbox 382 515 438 576; x_wconf 86' lang='lat' dir='ltr'><strong>fine</strong></span> <span class='ocrx_word' id='word_1_28' title='bbox 457 515 536 591; x_wconf 85' lang='lat' dir='ltr'><strong>dicit,</strong></span> <span class='ocrx_word' id='word_1_29' title='bbox 558 515 675 576; x_wconf 75' lang='lat' dir='ltr'><strong>¹venisse</strong></span> <span class='ocrx_word' id='word_1_30' title='bbox 702 516 846 577; x_wconf 80' lang='lat' dir='ltr'><strong>Christum</strong></span> <span class='ocrx_word' id='word_1_31' title='bbox 869 519 901 582; x_wconf 84' lang='lat' dir='ltr'><strong>atl</strong></span> <span class='ocrx_word' id='word_1_32' title='bbox 922 515 1083 602; x_wconf 83' lang='lat' dir='ltr'><strong>discipulps&#39;,</strong></span> <span class='ocrx_word' id='word_1_33' title='bbox 1109 527 1152 576; x_wconf 89' lang='lat' dir='ltr'><strong>est</strong></span> <span class='ocrx_word' id='word_1_34' title='bbox 1174 514 1229 598; x_wconf 84' lang='lat' dir='ltr'><strong>hy·</strong></span> 
     </span>
     <span class='ocr_line' id='line_1_6' title="bbox 104 590 1227 676; baseline 0.001 -28"><span class='ocrx_word' id='word_1_35' title='bbox 104 597 204 648; x_wconf 87' lang='lat' dir='ltr'><strong>steron</strong></span> <span class='ocrx_word' id='word_1_36' title='bbox 224 601 375 669; x_wconf 79' lang='lat' dir='ltr'><strong>proteron:</strong></span> <span class='ocrx_word' id='word_1_37' title='bbox 413 591 486 654; x_wconf 88' lang='lat' dir='ltr'><strong>sicut</strong></span> <span class='ocrx_word' id='word_1_38' title='bbox 504 603 532 654; x_wconf 89' lang='lat' dir='ltr'><strong>et</strong></span> <span class='ocrx_word' id='word_1_39' title='bbox 551 591 580 652; x_wconf 92' lang='lat' dir='ltr'><strong>in</strong></span> <span class='ocrx_word' id='word_1_40' title='bbox 599 592 687 654; x_wconf 87' lang='lat' dir='ltr'><strong>altero</strong></span> <span class='ocrx_word' id='word_1_41' title='bbox 710 592 855 654; x_wconf 74' lang='lat' dir='ltr'><strong>membro,</strong></span> <span class='ocrx_word' id='word_1_42' title='bbox 883 592 930 655; x_wconf 89' lang='lat' dir='ltr'><strong>ubi</strong></span> <span class='ocrx_word' id='word_1_43' title='bbox 954 596 1030 672; x_wconf 89' lang='lat' dir='ltr'><strong>prius</strong></span> <span class='ocrx_word' id='word_1_44' title='bbox 1055 590 1186 676; x_wconf 82' lang='lat' dir='ltr'>angelum</span> <span class='ocrx_word' id='word_1_45' title='bbox 1210 611 1227 651; x_wconf 91' lang='lat' dir='ltr'><strong>e</strong></span> 
     </span>
     <span class='ocr_line' id='line_1_7' title="bbox 17 663 1229 760; baseline 0 -36"><span class='ocrx_word' id='word_1_46' title='bbox 17 695 18 738; x_wconf 62' lang='grc' dir='ltr'><strong>ς</strong></span> <span class='ocrx_word' id='word_1_47' title='bbox 105 663 190 725; x_wconf 90' lang='lat' dir='ltr'><strong>coelo</strong></span> <span class='ocrx_word' id='word_1_48' title='bbox 210 665 369 746; x_wconf 80' lang='lat' dir='ltr'><strong>apparuisse</strong></span> <span class='ocrx_word' id='word_1_49' title='bbox 387 677 493 743; x_wconf 90' lang='lat' dir='ltr'><strong>narrat,</strong></span> <span class='ocrx_word' id='word_1_50' title='bbox 519 690 600 748; x_wconf 86' lang='lat' dir='ltr'><strong>quam</strong></span> <span class='ocrx_word' id='word_1_51' title='bbox 623 669 659 728; x_wconf 87' lang='lat' dir='ltr'><strong>de</strong></span> <span class='ocrx_word' id='word_1_52' title='bbox 678 689 786 760; x_wconf 76' lang='lat' dir='ltr'><strong>apgore</strong></span> <span class='ocrx_word' id='word_1_53' title='bbox 805 667 913 728; x_wconf 84' lang='lat' dir='ltr'><strong>Christi</strong></span> <span class='ocrx_word' id='word_1_54' title='bbox 933 667 1070 749; x_wconf 85' lang='lat' dir='ltr'><strong>loquatur.</strong></span> <span class='ocrx_word' id='word_1_55' title='bbox 1106 668 1164 740; x_wconf 83' lang='lat' dir='ltr'><strong>Sed</strong></span> <span class='ocrx_word' id='word_1_56' title='bbox 1182 665 1229 758; x_wconf 70' lang='lat' dir='ltr'><strong>in-</strong></span> 
     </span>
    </p>
   </div>
   <div class='ocr_carea' id='block_1_5' title="bbox 17 742 1265 824">
    <p class='ocr_par' dir='ltr' id='par_1_5' title="bbox 17 742 1265 824">
     <span class='ocr_line' id='line_1_8' title="bbox 17 742 1265 824; baseline 0.006 -25"><span class='ocrx_word' id='word_1_57' title='bbox 17 753 18 764; x_wconf 60' lang='lat'>³</span> <span class='ocrx_word' id='word_1_58' title='bbox 104 760 203 802; x_wconf 88' lang='lat' dir='ltr'><strong>versus</strong></span> <span class='ocrx_word' id='word_1_59' title='bbox 223 743 294 802; x_wconf 91' lang='lat' dir='ltr'><strong>ordo</strong></span> <span class='ocrx_word' id='word_1_60' title='bbox 315 743 384 804; x_wconf 92' lang='lat' dir='ltr'><strong>nihil</strong></span> <span class='ocrx_word' id='word_1_61' title='bbox 401 742 489 805; x_wconf 84' lang='lat' dir='ltr'><strong>habet</strong></span> <span class='ocrx_word' id='word_1_62' title='bbox 504 744 627 806; x_wconf 84' lang='lat' dir='ltr'><strong>absurdi:</strong></span> <span class='ocrx_word' id='word_1_63' title='bbox 656 765 720 824; x_wconf 90' lang='lat' dir='ltr'><strong>qma</strong></span> <span class='ocrx_word' id='word_1_64' title='bbox 738 745 938 817; x_wconf 74' lang='lat' dir='ltr'><strong>suscitemus,</strong></span> <span class='ocrx_word' id='word_1_65' title='bbox 960 767 1021 806; x_wconf 88' lang='lat' dir='ltr'><strong>uon</strong></span> <span class='ocrx_word' id='word_1_66' title='bbox 1039 745 1141 808; x_wconf 81' lang='lat' dir='ltr'><strong>frustra</strong></span> <span class='ocrx_word' id='word_1_67' title='bbox 1159 761 1227 806; x_wconf 78' lang='lat' dir='ltr'><strong>mrs-</strong></span> <span class='ocrx_word' id='word_1_68' title='bbox 1261 794 1265 806; x_wconf 83' lang='grc'><strong>.</strong></span> 
     </span>
    </p>
   </div>
   <div class='ocr_carea' id='block_1_6' title="bbox 15 815 1314 2814">
    <p class='ocr_par' dir='ltr' id='par_1_6' title="bbox 104 815 1257 1282">
     <span class='ocr_line' id='line_1_9' title="bbox 104 815 1230 904; baseline 0.005 -30"><span class='ocrx_word' id='word_1_69' title='bbox 104 837 168 875; x_wconf 86' lang='lat' dir='ltr'><strong>sum</strong></span> <span class='ocrx_word' id='word_1_70' title='bbox 193 815 231 875; x_wconf 92' lang='lat' dir='ltr'><strong>illi</strong></span> <span class='ocrx_word' id='word_1_71' title='bbox 255 815 340 879; x_wconf 86' lang='lat' dir='ltr'><strong>fuisse</strong></span> <span class='ocrx_word' id='word_1_72' title='bbox 363 819 507 902; x_wconf 89' lang='lat' dir='ltr'><strong>angelum,</strong></span> <span class='ocrx_word' id='word_1_73' title='bbox 535 820 683 882; x_wconf 69' lang='lat' dir='ltr'><strong>necessitas</strong></span> <span class='ocrx_word' id='word_1_74' title='bbox 706 819 806 881; x_wconf 88' lang='lat' dir='ltr'><strong>deinde</strong></span> <span class='ocrx_word' id='word_1_75' title='bbox 831 819 1000 902; x_wconf 78' lang='lat' dir='ltr'><strong>exprimitur.</strong></span> <span class='ocrx_word' id='word_1_76' title='bbox 1037 821 1081 882; x_wconf 92' lang='lat' dir='ltr'><strong>Ita</strong></span> <span class='ocrx_word' id='word_1_77' title='bbox 1104 819 1230 904; x_wconf 81' lang='lat' dir='ltr'><strong>narratiq</strong></span> 
     </span>
     <span class='ocr_line' id='line_1_10' title="bbox 105 892 1228 978; baseline 0.007 -28"><span class='ocrx_word' id='word_1_78' title='bbox 105 892 250 972; x_wconf 86' lang='lat' dir='ltr'><strong>posterior</strong></span> <span class='ocrx_word' id='word_1_79' title='bbox 272 907 314 954; x_wconf 91' lang='lat' dir='ltr'><strong>est</strong></span> <span class='ocrx_word' id='word_1_80' title='bbox 338 895 414 956; x_wconf 80' lang='lat' dir='ltr'><strong>velut</strong></span> <span class='ocrx_word' id='word_1_81' title='bbox 438 917 536 957; x_wconf 85' lang='lat' dir='ltr'><strong>causae</strong></span> <span class='ocrx_word' id='word_1_82' title='bbox 560 895 690 957; x_wconf 84' lang='lat' dir='ltr'><strong>redditio.</strong></span> <span class='ocrx_word' id='word_1_83' title='bbox 748 895 919 978; x_wconf 83' lang='lat' dir='ltr'><strong>Quanquam</strong></span> <span class='ocrx_word' id='word_1_84' title='bbox 942 907 1036 956; x_wconf 89' lang='lat' dir='ltr'><strong>autem</strong></span> <span class='ocrx_word' id='word_1_85' title='bbox 1059 917 1119 958; x_wconf 92' lang='lat' dir='ltr'><strong>non</strong></span> <span class='ocrx_word' id='word_1_86' title='bbox 1138 897 1228 958; x_wconf 88' lang='lat' dir='ltr'><strong>nisia</strong></span> 
     </span>
     <span class='ocr_line' id='line_1_11' title="bbox 106 966 1229 1064; baseline 0.004 -36"><span class='ocrx_word' id='word_1_87' title='bbox 106 966 170 1030; x_wconf 86' lang='lat' dir='ltr'><strong>solo</strong></span> <span class='ocrx_word' id='word_1_88' title='bbox 190 969 245 1030; x_wconf 89' lang='lat' dir='ltr'><strong>Dei</strong></span> <span class='ocrx_word' id='word_1_89' title='bbox 264 971 367 1050; x_wconf 87' lang='lat' dir='ltr'><strong>Spiritu</strong></span> <span class='ocrx_word' id='word_1_90' title='bbox 386 971 525 1032; x_wconf 83' lang='lat' dir='ltr'><strong>fortitudo</strong></span> <span class='ocrx_word' id='word_1_91' title='bbox 543 972 717 1056; x_wconf 86' lang='lat' dir='ltr'><strong>suggeritur,</strong></span> <span class='ocrx_word' id='word_1_92' title='bbox 740 971 768 1032; x_wconf 89' lang='lat' dir='ltr'><strong>id</strong></span> <span class='ocrx_word' id='word_1_93' title='bbox 786 993 845 1034; x_wconf 91' lang='lat' dir='ltr'><strong>non</strong></span> <span class='ocrx_word' id='word_1_94' title='bbox 863 971 958 1034; x_wconf 87' lang='lat' dir='ltr'><strong>obstat</strong></span> <span class='ocrx_word' id='word_1_95' title='bbox 996 971 1123 1033; x_wconf 86' lang='lat' dir='ltr'><strong>uominus</strong></span> <span class='ocrx_word' id='word_1_96' title='bbox 1141 993 1229 1064; x_wconf 86' lang='lat' dir='ltr'><strong>ange-</strong></span> 
     </span>
     <span class='ocr_line' id='line_1_12' title="bbox 106 993 1231 1132; baseline 0.005 -30"><span class='ocrx_word' id='word_1_97' title='bbox 106 1041 141 1103; x_wconf 85' lang='lat' dir='ltr'><strong>lis</strong></span> <span class='ocrx_word' id='word_1_98' title='bbox 161 1045 216 1106; x_wconf 87' lang='lat' dir='ltr'><strong>suis</strong></span> <span class='ocrx_word' id='word_1_99' title='bbox 239 1047 371 1109; x_wconf 82' lang='lat' dir='ltr'><strong>ministris</strong></span> <span class='ocrx_word' id='word_1_100' title='bbox 390 1049 468 1108; x_wconf 90' lang='lat' dir='ltr'><strong>Deus</strong></span> <span class='ocrx_word' id='word_1_101' title='bbox 486 1059 589 1110; x_wconf 86' lang='lat' dir='ltr'><strong>utatur.</strong></span> <span class='ocrx_word' id='word_1_102' title='bbox 636 1050 674 1109; x_wconf 83' lang='lat' dir='ltr'><strong>At</strong></span> <span class='ocrx_word' id='word_1_103' title='bbox 696 1069 732 1109; x_wconf 92' lang='lat' dir='ltr'><strong>ue</strong></span> <span class='ocrx_word' id='word_1_104' title='bbox 750 1048 816 1110; x_wconf 90' lang='lat' dir='ltr'><strong>binc</strong></span> <span class='ocrx_word' id='word_1_105' title='bbox 836 993 1066 1132; x_wconf 77' lang='lat' dir='ltr'><strong>colligerelicet,</strong></span> <span class='ocrx_word' id='word_1_106' title='bbox 1085 1067 1167 1126; x_wconf 89' lang='lat' dir='ltr'><strong>quam</strong></span> <span class='ocrx_word' id='word_1_107' title='bbox 1184 1069 1231 1107; x_wconf 89' lang='lat' dir='ltr'><strong>m-</strong></span> 
     </span>
     <span class='ocr_line' id='line_1_13' title="bbox 106 1069 1229 1208; baseline 0.003 -28"><span class='ocrx_word' id='word_1_108' title='bbox 106 1132 207 1202; x_wconf 89' lang='lat' dir='ltr'><strong>gentes</strong></span> <span class='ocrx_word' id='word_1_109' title='bbox 229 1123 378 1202; x_wconf 88' lang='lat' dir='ltr'><strong>pertulerit</strong></span> <span class='ocrx_word' id='word_1_110' title='bbox 398 1125 535 1184; x_wconf 77' lang='lat' dir='ltr'><strong>cruciarus</strong></span> <span class='ocrx_word' id='word_1_111' title='bbox 559 1123 646 1186; x_wconf 85' lang='lat' dir='ltr'><strong>Filius</strong></span> <span class='ocrx_word' id='word_1_112' title='bbox 669 1069 739 1201; x_wconf 71' lang='lat' dir='ltr'><strong>liet,</strong></span> <span class='ocrx_word' id='word_1_113' title='bbox 768 1124 844 1208; x_wconf 91' lang='lat' dir='ltr'><strong>quod</strong></span> <span class='ocrx_word' id='word_1_114' title='bbox 872 1122 978 1187; x_wconf 88' lang='lat' dir='ltr'><strong>oculari</strong></span> <span class='ocrx_word' id='word_1_115' title='bbox 999 1135 1154 1204; x_wconf 88' lang='lat' dir='ltr'><strong>conspectu</strong></span> <span class='ocrx_word' id='word_1_116' title='bbox 1173 1123 1229 1186; x_wconf 81' lang='lat' dir='ltr'><strong>uei</strong></span> 
     </span>
     <span class='ocr_line' id='line_1_14' title="bbox 106 1196 1257 1282; baseline 0 -26"><span class='ocrx_word' id='word_1_117' title='bbox 106 1196 238 1258; x_wconf 85' lang='lat' dir='ltr'><strong>auxilium</strong></span> <span class='ocrx_word' id='word_1_118' title='bbox 257 1199 283 1258; x_wconf 88' lang='lat' dir='ltr'><strong>ei</strong></span> <span class='ocrx_word' id='word_1_119' title='bbox 304 1199 427 1282; x_wconf 88' lang='lat' dir='ltr'><strong>proponi</strong></span> <span class='ocrx_word' id='word_1_120' title='bbox 446 1200 581 1280; x_wconf 90' lang='lat' dir='ltr'><strong>oportuit.</strong></span> <span class='ocrx_word' id='word_1_121' title='bbox 1152 1229 1156 1236; x_wconf 88' lang='lat'>·</span> <span class='ocrx_word' id='word_1_122' title='bbox 1249 1249 1257 1256; x_wconf 87' lang='lat'><strong><em>.</em></strong></span> 
     </span>
    </p>

    <p class='ocr_par' dir='ltr' id='par_1_7' title="bbox 15 1272 1314 2814">
     <span class='ocr_line' id='line_1_15' title="bbox 183 1272 1314 1354; baseline 0.001 -19"><span class='ocrx_word' id='word_1_123' title='bbox 183 1277 231 1336; x_wconf 88' lang='grc'><strong>43.</strong></span> <span class='ocrx_word' id='word_1_124' title='bbox 269 1277 389 1354; x_wconf 72' lang='lat' dir='ltr'><strong>Repetit</strong></span> <span class='ocrx_word' id='word_1_125' title='bbox 414 1280 522 1336; x_wconf 77' lang='lat' dir='ltr'><strong>iterum</strong></span> <span class='ocrx_word' id='word_1_126' title='bbox 545 1279 730 1337; x_wconf 71' lang='lat' dir='ltr'><strong>donnicatas.</strong></span> <span class='ocrx_word' id='word_1_127' title='bbox 764 1275 847 1337; x_wconf 83' lang='lat' dir='ltr'><strong>Haec</strong></span> <span class='ocrx_word' id='word_1_128' title='bbox 872 1272 1117 1338; x_wconf 75' lang='lat' dir='ltr'><strong>somnolentiam</strong></span> <span class='ocrx_word' id='word_1_129' title='bbox 1149 1293 1173 1354; x_wconf 86' lang='lat' dir='ltr'><strong>¹e</strong></span> <span class='ocrx_word' id='word_1_130' title='bbox 1197 1293 1232 1336; x_wconf 88' lang='lat' dir='ltr'><strong>ex</strong></span> <span class='ocrx_word' id='word_1_131' title='bbox 1271 1327 1281 1334; x_wconf 83' lang='lat'><strong>.</strong></span> <span class='ocrx_word' id='word_1_132' title='bbox 1311 1281 1314 1288; x_wconf 88' lang='lat'>&#39;</span> 
     </span>
     <span class='ocr_line' id='line_1_16' title="bbox 99 1349 1232 1434; baseline 0.006 -26"><span class='ocrx_word' id='word_1_133' title='bbox 99 1349 233 1430; x_wconf 82' lang='lat' dir='ltr'><strong>crapula,</strong></span> <span class='ocrx_word' id='word_1_134' title='bbox 257 1371 351 1431; x_wconf 88' lang='lat' dir='ltr'><strong>neque</strong></span> <span class='ocrx_word' id='word_1_135' title='bbox 375 1370 409 1417; x_wconf 75' lang='lat' dir='ltr'><strong>ea</strong></span> <span class='ocrx_word' id='word_1_136' title='bbox 432 1371 524 1414; x_wconf 86' lang='lat' dir='ltr'><strong>crasso</strong></span> <span class='ocrx_word' id='word_1_137' title='bbox 549 1365 678 1434; x_wconf 88' lang='lat' dir='ltr'><strong>stupore,</strong></span> <span class='ocrx_word' id='word_1_138' title='bbox 700 1371 804 1433; x_wconf 70' lang='lat' dir='ltr'><strong>‘neque</strong></span> <span class='ocrx_word' id='word_1_139' title='bbox 828 1374 862 1412; x_wconf 79' lang='lat' dir='ltr'><strong>ex</strong></span> <span class='ocrx_word' id='word_1_140' title='bbox 885 1353 960 1414; x_wconf 86' lang='lat' dir='ltr'><strong>fluxa</strong></span> <span class='ocrx_word' id='word_1_141' title='bbox 983 1351 1074 1412; x_wconf 90' lang='lat' dir='ltr'><strong>carnis</strong></span> <span class='ocrx_word' id='word_1_142' title='bbox 1094 1350 1123 1410; x_wconf 92' lang='lat' dir='ltr'><strong>hi</strong></span> <span class='ocrx_word' id='word_1_143' title='bbox 1134 1349 1232 1415; x_wconf 75' lang='lat' dir='ltr'><strong>oritate</strong></span> 
     </span>
     <span class='ocr_line' id='line_1_17' title="bbox 106 1417 1231 1518; baseline 0.002 -34"><span class='ocrx_word' id='word_1_144' title='bbox 106 1417 177 1497; x_wconf 84' lang='lat' dir='ltr'><strong>luit,</strong></span> <span class='ocrx_word' id='word_1_145' title='bbox 202 1425 250 1486; x_wconf 92' lang='lat' dir='ltr'><strong>sed</strong></span> <span class='ocrx_word' id='word_1_146' title='bbox 269 1427 363 1518; x_wconf 91' lang='lat' dir='ltr'><strong>potius</strong></span> <span class='ocrx_word' id='word_1_147' title='bbox 384 1447 417 1485; x_wconf 79' lang='lat' dir='ltr'><strong>ex</strong></span> <span class='ocrx_word' id='word_1_148' title='bbox 436 1425 586 1488; x_wconf 88' lang='lat' dir='ltr'><strong>immodico</strong></span> <span class='ocrx_word' id='word_1_149' title='bbox 606 1449 750 1503; x_wconf 89' lang='lat' dir='ltr'><strong>moerore,</strong></span> <span class='ocrx_word' id='word_1_150' title='bbox 776 1429 1009 1509; x_wconf 85' lang='lat' dir='ltr'><strong>quemadmodum</strong></span> <span class='ocrx_word' id='word_1_151' title='bbox 1028 1427 1113 1489; x_wconf 89' lang='lat' dir='ltr'><strong>docet</strong></span> <span class='ocrx_word' id='word_1_152' title='bbox 1131 1427 1231 1488; x_wconf 88' lang='lat' dir='ltr'><strong>Lucas.</strong></span> 
     </span>
     <span class='ocr_line' id='line_1_18' title="bbox 108 1501 1234 1585; baseline 0.003 -27"><span class='ocrx_word' id='word_1_153' title='bbox 108 1501 196 1560; x_wconf 90' lang='lat' dir='ltr'><strong>Unde</strong></span> <span class='ocrx_word' id='word_1_154' title='bbox 215 1502 313 1562; x_wconf 75' lang='lat' dir='ltr'><strong>melius</strong></span> <span class='ocrx_word' id='word_1_155' title='bbox 332 1502 529 1582; x_wconf 85' lang='lat' dir='ltr'><strong>perspicimus,</strong></span> <span class='ocrx_word' id='word_1_156' title='bbox 552 1525 634 1584; x_wconf 91' lang='lat' dir='ltr'><strong>quarn</strong></span> <span class='ocrx_word' id='word_1_157' title='bbox 653 1504 784 1585; x_wconf 90' lang='lat' dir='ltr'><strong>proclivis</strong></span> <span class='ocrx_word' id='word_1_158' title='bbox 805 1505 839 1564; x_wconf 90' lang='lat' dir='ltr'><strong>ad</strong></span> <span class='ocrx_word' id='word_1_159' title='bbox 861 1511 1009 1584; x_wconf 84' lang='lat' dir='ltr'><strong>torporem</strong></span> <span class='ocrx_word' id='word_1_160' title='bbox 1031 1505 1066 1566; x_wconf 91' lang='lat' dir='ltr'><strong>sit</strong></span> <span class='ocrx_word' id='word_1_161' title='bbox 1089 1523 1155 1565; x_wconf 89' lang='lat' dir='ltr'><strong>caro</strong></span> <span class='ocrx_word' id='word_1_162' title='bbox 1178 1523 1234 1562; x_wconf 89' lang='lat' dir='ltr'><strong>no-</strong></span> 
     </span>
     <span class='ocr_line' id='line_1_19' title="bbox 108 1577 1234 1662; baseline 0.003 -26"><span class='ocrx_word' id='word_1_163' title='bbox 108 1587 180 1650; x_wconf 82' lang='lat' dir='ltr'><strong>stra,</strong></span> <span class='ocrx_word' id='word_1_164' title='bbox 205 1577 250 1637; x_wconf 90' lang='lat' dir='ltr'><strong>cui</strong></span> <span class='ocrx_word' id='word_1_165' title='bbox 276 1578 447 1640; x_wconf 84' lang='lat' dir='ltr'><strong>oblivionem</strong></span> <span class='ocrx_word' id='word_1_166' title='bbox 467 1581 522 1642; x_wconf 90' lang='lat' dir='ltr'><strong>Dei</strong></span> <span class='ocrx_word' id='word_1_167' title='bbox 547 1579 671 1660; x_wconf 86' lang='lat' dir='ltr'><strong>pericula</strong></span> <span class='ocrx_word' id='word_1_168' title='bbox 694 1581 754 1662; x_wconf 90' lang='lat' dir='ltr'><strong>ipsa</strong></span> <span class='ocrx_word' id='word_1_169' title='bbox 777 1579 921 1641; x_wconf 88' lang='lat' dir='ltr'><strong>inducunt.</strong></span> <span class='ocrx_word' id='word_1_170' title='bbox 964 1581 1009 1642; x_wconf 91' lang='lat' dir='ltr'><strong>Ita</strong></span> <span class='ocrx_word' id='word_1_171' title='bbox 1026 1580 1152 1661; x_wconf 85' lang='lat' dir='ltr'><strong>undique</strong></span> <span class='ocrx_word' id='word_1_172' title='bbox 1169 1590 1234 1659; x_wconf 86' lang='lat' dir='ltr'><strong>apta</strong></span> 
     </span>
     <span class='ocr_line' id='line_1_20' title="bbox 15 1652 1233 1748; baseline 0.002 -36"><span class='ocrx_word' id='word_1_173' title='bbox 15 1675 17 1700; x_wconf 56' lang='grc' dir='ltr'><strong><em>ι</em></strong></span> <span class='ocrx_word' id='word_1_174' title='bbox 108 1653 229 1712; x_wconf 73' lang='lat' dir='ltr'><strong>Sauone</strong></span> <span class='ocrx_word' id='word_1_175' title='bbox 254 1652 365 1715; x_wconf 84' lang='lat' dir='ltr'><strong>occasio</strong></span> <span class='ocrx_word' id='word_1_176' title='bbox 390 1666 420 1715; x_wconf 88' lang='lat' dir='ltr'><strong>et</strong></span> <span class='ocrx_word' id='word_1_177' title='bbox 442 1667 572 1748; x_wconf 88' lang='lat' dir='ltr'><strong>prompta</strong></span> <span class='ocrx_word' id='word_1_178' title='bbox 599 1667 641 1718; x_wconf 88' lang='lat' dir='ltr'><strong>est</strong></span> <span class='ocrx_word' id='word_1_179' title='bbox 665 1657 703 1718; x_wconf 91' lang='lat' dir='ltr'><strong>ad·</strong></span> <span class='ocrx_word' id='word_1_180' title='bbox 722 1656 875 1718; x_wconf 85' lang='lat' dir='ltr'><strong>tendendas</strong></span> <span class='ocrx_word' id='word_1_181' title='bbox 900 1655 982 1717; x_wconf 89' lang='lat' dir='ltr'><strong>nobis</strong></span> <span class='ocrx_word' id='word_1_182' title='bbox 1001 1655 1121 1718; x_wconf 90' lang='lat' dir='ltr'><strong>insidias.</strong></span> <span class='ocrx_word' id='word_1_183' title='bbox 1158 1657 1233 1718; x_wconf 88' lang='lat' dir='ltr'><strong>Nam</strong></span> 
     </span>
     <span class='ocr_line' id='line_1_21' title="bbox 109 1727 1233 1815; baseline 0.001 -26"><span class='ocrx_word' id='word_1_184' title='bbox 109 1727 134 1789; x_wconf 82' lang='lat' dir='ltr'><strong>ri</strong></span> <span class='ocrx_word' id='word_1_185' title='bbox 151 1727 220 1791; x_wconf 93' lang='lat' dir='ltr'><strong>nihil</strong></span> <span class='ocrx_word' id='word_1_186' title='bbox 238 1731 345 1792; x_wconf 84' lang='lat' dir='ltr'><strong>adversi</strong></span> <span class='ocrx_word' id='word_1_187' title='bbox 366 1745 527 1808; x_wconf 73' lang='lat' dir='ltr'><strong>metuimus,</strong></span> <span class='ocrx_word' id='word_1_188' title='bbox 552 1732 632 1795; x_wconf 88' lang='lat' dir='ltr'><strong>ebrio</strong></span> <span class='ocrx_word' id='word_1_189' title='bbox 656 1753 762 1815; x_wconf 82' lang='lat' dir='ltr'><strong>sopore</strong></span> <span class='ocrx_word' id='word_1_190' title='bbox 784 1753 837 1794; x_wconf 91' lang='lat' dir='ltr'><strong>nos</strong></span> <span class='ocrx_word' id='word_1_191' title='bbox 860 1731 1016 1814; x_wconf 79' lang='lat' dir='ltr'><strong>perfundit:</strong></span> <span class='ocrx_word' id='word_1_192' title='bbox 1041 1732 1145 1794; x_wconf 87' lang='lat' dir='ltr'><strong>timore</strong></span> <span class='ocrx_word' id='word_1_193' title='bbox 1162 1751 1233 1793; x_wconf 83' lang='lat' dir='ltr'><strong>vero</strong></span> 
     </span>
     <span class='ocr_line' id='line_1_22' title="bbox 73 1807 1235 1890; baseline 0.007 -25"><span class='ocrx_word' id='word_1_194' title='bbox 73 1869 76 1878; x_wconf 31' lang='grc' dir='ltr'>Ι</span> <span class='ocrx_word' id='word_1_195' title='bbox 110 1815 141 1865; x_wconf 89' lang='lat' dir='ltr'><strong>et</strong></span> <span class='ocrx_word' id='word_1_196' title='bbox 160 1807 312 1883; x_wconf 87' lang='lat' dir='ltr'><strong>moestitia,</strong></span> <span class='ocrx_word' id='word_1_197' title='bbox 332 1807 432 1887; x_wconf 90' lang='lat' dir='ltr'><strong>quibus</strong></span> <span class='ocrx_word' id='word_1_198' title='bbox 451 1811 485 1870; x_wconf 91' lang='lat' dir='ltr'><strong>ad</strong></span> <span class='ocrx_word' id='word_1_199' title='bbox 504 1808 676 1890; x_wconf 89' lang='lat' dir='ltr'><strong>precandum</strong></span> <span class='ocrx_word' id='word_1_200' title='bbox 694 1808 829 1872; x_wconf 88' lang='lat' dir='ltr'><strong>stimulari</strong></span> <span class='ocrx_word' id='word_1_201' title='bbox 848 1831 903 1869; x_wconf 84' lang='lat' dir='ltr'><strong>nos</strong></span> <span class='ocrx_word' id='word_1_202' title='bbox 920 1807 1046 1885; x_wconf 81' lang='lat' dir='ltr'><strong>decebat,</strong></span> <span class='ocrx_word' id='word_1_203' title='bbox 1065 1831 1160 1872; x_wconf 85' lang='lat' dir='ltr'><strong>sensus</strong></span> <span class='ocrx_word' id='word_1_204' title='bbox 1178 1827 1235 1868; x_wconf 79' lang='lat'><strong>¹1⁰-</strong></span> 
     </span>
     <span class='ocr_line' id='line_1_23' title="bbox 109 1883 1234 1958; baseline 0.001 -16"><span class='ocrx_word' id='word_1_205' title='bbox 109 1892 183 1942; x_wconf 82' lang='lat' dir='ltr'><strong>stros</strong></span> <span class='ocrx_word' id='word_1_206' title='bbox 201 1883 304 1958; x_wconf 87' lang='lat' dir='ltr'><strong>obruit,</strong></span> <span class='ocrx_word' id='word_1_207' title='bbox 325 1906 362 1945; x_wconf 90' lang='lat' dir='ltr'><strong>ne</strong></span> <span class='ocrx_word' id='word_1_208' title='bbox 382 1887 416 1946; x_wconf 90' lang='lat' dir='ltr'><strong>ad</strong></span> <span class='ocrx_word' id='word_1_209' title='bbox 435 1887 527 1947; x_wconf 85' lang='lat' dir='ltr'><strong>Deum</strong></span> <span class='ocrx_word' id='word_1_210' title='bbox 547 1907 623 1947; x_wconf 89' lang='lat' dir='ltr'><strong>assur</strong></span> <span class='ocrx_word' id='word_1_211' title='bbox 643 1897 704 1946; x_wconf 82' lang='lat' dir='ltr'><strong>ant:</strong></span> <span class='ocrx_word' id='word_1_212' title='bbox 723 1886 762 1944; x_wconf 90' lang='lat' dir='ltr'><strong>ita</strong></span> <span class='ocrx_word' id='word_1_213' title='bbox 781 1885 870 1946; x_wconf 89' lang='lat' dir='ltr'><strong>modis</strong></span> <span class='ocrx_word' id='word_1_214' title='bbox 889 1884 1019 1946; x_wconf 88' lang='lat' dir='ltr'><strong>omnibus</strong></span> <span class='ocrx_word' id='word_1_215' title='bbox 1039 1885 1162 1946; x_wconf 84' lang='lat' dir='ltr'><strong>eliluunt</strong></span> <span class='ocrx_word' id='word_1_216' title='bbox 1179 1884 1234 1944; x_wconf 89' lang='lat' dir='ltr'><strong>ho-</strong></span> 
     </span>
     <span class='ocr_line' id='line_1_24' title="bbox 111 1907 1235 2098; baseline 0.004 -83"><span class='ocrx_word' id='word_1_217' title='bbox 111 1957 214 2047; x_wconf 83' lang='lat' dir='ltr'><strong>mines,</strong></span> <span class='ocrx_word' id='word_1_218' title='bbox 240 1970 310 2020; x_wconf 81' lang='lat' dir='ltr'><strong>eta</strong></span> <span class='ocrx_word' id='word_1_219' title='bbox 332 1961 397 2022; x_wconf 86' lang='lat' dir='ltr'><strong>Deo</strong></span> <span class='ocrx_word' id='word_1_220' title='bbox 417 1961 587 2038; x_wconf 84' lang='lat' dir='ltr'><strong>alienantur,</strong></span> <span class='ocrx_word' id='word_1_221' title='bbox 623 1907 715 2023; x_wconf 74' lang='lat' dir='ltr'><strong>donec</strong></span> <span class='ocrx_word' id='word_1_222' title='bbox 739 1961 814 2098; x_wconf 78' lang='lat' dir='ltr'><strong>ipsos</strong></span> <span class='ocrx_word' id='word_1_223' title='bbox 840 1959 960 2039; x_wconf 89' lang='lat' dir='ltr'><strong>colligat.</strong></span> <span class='ocrx_word' id='word_1_224' title='bbox 997 1961 1126 2022; x_wconf 89' lang='lat' dir='ltr'><strong>Notanda</strong></span> <span class='ocrx_word' id='word_1_225' title='bbox 1150 1963 1235 2024; x_wconf 86' lang='lat' dir='ltr'><strong>etiam</strong></span> 
     </span>
     <span class='ocr_line' id='line_1_25' title="bbox 112 2036 1235 2118; baseline 0.004 -26"><span class='ocrx_word' id='word_1_226' title='bbox 112 2036 318 2096; x_wconf 77' lang='lat' dir='ltr'><strong>circumstantia</strong></span> <span class='ocrx_word' id='word_1_227' title='bbox 338 2049 395 2112; x_wconf 90' lang='lat' dir='ltr'><strong>est,</strong></span> <span class='ocrx_word' id='word_1_228' title='bbox 422 2040 497 2118; x_wconf 91' lang='lat' dir='ltr'><strong>quod</strong></span> <span class='ocrx_word' id='word_1_229' title='bbox 520 2050 577 2098; x_wconf 88' lang='lat' dir='ltr'><strong>tam</strong></span> <span class='ocrx_word' id='word_1_230' title='bbox 602 2039 705 2102; x_wconf 86' lang='lat' dir='ltr'><strong>acriter</strong></span> <span class='ocrx_word' id='word_1_231' title='bbox 728 2059 747 2099; x_wconf 92' lang='lat' dir='ltr'><strong>o</strong></span> <span class='ocrx_word' id='word_1_232' title='bbox 767 2037 868 2118; x_wconf 88' lang='lat' dir='ltr'><strong>iurgati</strong></span> <span class='ocrx_word' id='word_1_233' title='bbox 892 2036 1018 2118; x_wconf 87' lang='lat' dir='ltr'><strong>discipuli</strong></span> <span class='ocrx_word' id='word_1_234' title='bbox 1049 2037 1150 2098; x_wconf 91' lang='lat' dir='ltr'><strong>eodem</strong></span> <span class='ocrx_word' id='word_1_235' title='bbox 1173 2037 1235 2097; x_wconf 84' lang='lat' dir='ltr'><strong>lere</strong></span> 
     </span>
     <span class='ocr_line' id='line_1_26' title="bbox 112 2111 1236 2193; baseline 0.005 -25"><span class='ocrx_word' id='word_1_236' title='bbox 112 2123 261 2172; x_wconf 88' lang='lat' dir='ltr'><strong>momento</strong></span> <span class='ocrx_word' id='word_1_237' title='bbox 281 2114 315 2174; x_wconf 91' lang='lat' dir='ltr'><strong>ad</strong></span> <span class='ocrx_word' id='word_1_238' title='bbox 334 2133 464 2174; x_wconf 91' lang='lat' dir='ltr'><strong>somnum</strong></span> <span class='ocrx_word' id='word_1_239' title='bbox 482 2115 619 2175; x_wconf 88' lang='lat' dir='ltr'><strong>recidunt.</strong></span> <span class='ocrx_word' id='word_1_240' title='bbox 657 2116 758 2193; x_wconf 87' lang='lat' dir='ltr'><strong>Neque</strong></span> <span class='ocrx_word' id='word_1_241' title='bbox 778 2113 833 2175; x_wconf 87' lang='lat' dir='ltr'><strong>hoc</strong></span> <span class='ocrx_word' id='word_1_242' title='bbox 852 2114 888 2174; x_wconf 87' lang='lat' dir='ltr'><strong>de</strong></span> <span class='ocrx_word' id='word_1_243' title='bbox 906 2123 968 2173; x_wconf 85' lang='lat' dir='ltr'><strong>tota</strong></span> <span class='ocrx_word' id='word_1_244' title='bbox 987 2111 1106 2174; x_wconf 84' lang='lat' dir='ltr'><strong>cohorte</strong></span> <span class='ocrx_word' id='word_1_245' title='bbox 1125 2113 1236 2183; x_wconf 84' lang='lat' dir='ltr'><strong>dicitur,</strong></span> 
     </span>
     <span class='ocr_line' id='line_1_27' title="bbox 112 2184 1236 2272; baseline 0.003 -27"><span class='ocrx_word' id='word_1_246' title='bbox 112 2184 162 2246; x_wconf 87' lang='lat' dir='ltr'><strong>sed</strong></span> <span class='ocrx_word' id='word_1_247' title='bbox 181 2186 216 2247; x_wconf 89' lang='lat' dir='ltr'><strong>de</strong></span> <span class='ocrx_word' id='word_1_248' title='bbox 235 2187 336 2264; x_wconf 92' lang='lat' dir='ltr'><strong>tribus,</strong></span> <span class='ocrx_word' id='word_1_249' title='bbox 356 2209 428 2270; x_wconf 91' lang='lat' dir='ltr'><strong>quos</strong></span> <span class='ocrx_word' id='word_1_250' title='bbox 447 2190 500 2250; x_wconf 92' lang='lat' dir='ltr'><strong>sibi</strong></span> <span class='ocrx_word' id='word_1_251' title='bbox 519 2189 683 2272; x_wconf 86' lang='lat' dir='ltr'><strong>praecipuos</strong></span> <span class='ocrx_word' id='word_1_252' title='bbox 703 2189 819 2250; x_wconf 87' lang='lat' dir='ltr'><strong>comites</strong></span> <span class='ocrx_word' id='word_1_253' title='bbox 839 2188 968 2251; x_wconf 82' lang='lat' dir='ltr'><strong>Christus</strong></span> <span class='ocrx_word' id='word_1_254' title='bbox 987 2187 1142 2271; x_wconf 84' lang='lat' dir='ltr'><strong>delegerat:</strong></span> <span class='ocrx_word' id='word_1_255' title='bbox 1167 2187 1236 2267; x_wconf 82' lang='lat' dir='ltr'><strong>quid</strong></span> 
     </span>
     <span class='ocr_line' id='line_1_28' title="bbox 114 2261 1236 2348; baseline -0.002 -22"><span class='ocrx_word' id='word_1_256' title='bbox 114 2283 184 2342; x_wconf 85' lang='lat' dir='ltr'><strong>ergo</strong></span> <span class='ocrx_word' id='word_1_257' title='bbox 209 2261 259 2324; x_wconf 85' lang='lat' dir='ltr'><strong>liet</strong></span> <span class='ocrx_word' id='word_1_258' title='bbox 282 2264 431 2348; x_wconf 85' lang='lat' dir='ltr'><strong>gregariis,</strong></span> <span class='ocrx_word' id='word_1_259' title='bbox 457 2287 541 2345; x_wconf 89' lang='lat' dir='ltr'><strong>quum</strong></span> <span class='ocrx_word' id='word_1_260' title='bbox 570 2265 624 2327; x_wconf 90' lang='lat' dir='ltr'><strong>boc</strong></span> <span class='ocrx_word' id='word_1_261' title='bbox 648 2265 677 2325; x_wconf 91' lang='lat' dir='ltr'><strong>in</strong></span> <span class='ocrx_word' id='word_1_262' title='bbox 702 2266 777 2326; x_wconf 88' lang='lat' dir='ltr'><strong>flore</strong></span> <span class='ocrx_word' id='word_1_263' title='bbox 803 2263 952 2326; x_wconf 78' lang='lat' dir='ltr'><strong>acciderit?</strong></span> <span class='ocrx_word' id='word_1_264' title='bbox 1006 2263 1100 2326; x_wconf 89' lang='lat' dir='ltr'><strong>Porro</strong></span> <span class='ocrx_word' id='word_1_265' title='bbox 1123 2263 1236 2324; x_wconf 87' lang='lat' dir='ltr'><strong>iteratio</strong></span> 
     </span>
     <span class='ocr_line' id='line_1_29' title="bbox 113 2337 1247 2432; baseline 0.001 -34"><span class='ocrx_word' id='word_1_266' title='bbox 113 2337 238 2400; x_wconf 88' lang='lat' dir='ltr'><strong>eiusdem</strong></span> <span class='ocrx_word' id='word_1_267' title='bbox 262 2340 400 2401; x_wconf 88' lang='lat' dir='ltr'><strong>sermonis</strong></span> <span class='ocrx_word' id='word_1_268' title='bbox 424 2341 563 2425; x_wconf 29' lang='lat' dir='ltr'><strong>nonxluit</strong></span> <span class='ocrx_word' id='word_1_269' title='bbox 587 2339 740 2423; x_wconf 83' lang='lat' dir='ltr'><strong>battologia</strong></span> <span class='ocrx_word' id='word_1_270' title='bbox 764 2341 860 2432; x_wconf 82' lang='lat' dir='ltr'><strong>(quam</strong></span> <span class='ocrx_word' id='word_1_271' title='bbox 884 2361 967 2421; x_wconf 86' lang='lat' dir='ltr'><strong>supra</strong></span> <span class='ocrx_word' id='word_1_272' title='bbox 991 2340 1131 2402; x_wconf 87' lang='lat' dir='ltr'><strong>damnavit</strong></span> <span class='ocrx_word' id='word_1_273' title='bbox 1153 2338 1247 2404; x_wconf 69' lang='lat' dir='ltr'><strong>Chri:</strong></span> 
     </span>
     <span class='ocr_line' id='line_1_30' title="bbox 113 2413 1238 2500; baseline 0 -25"><span class='ocrx_word' id='word_1_274' title='bbox 113 2425 172 2476; x_wconf 84' lang='lat' dir='ltr'><strong>stus</strong></span> <span class='ocrx_word' id='word_1_275' title='bbox 191 2415 221 2476; x_wconf 91' lang='lat' dir='ltr'><strong>in</strong></span> <span class='ocrx_word' id='word_1_276' title='bbox 241 2415 406 2500; x_wconf 85' lang='lat' dir='ltr'><strong>hypocritis,</strong></span> <span class='ocrx_word' id='word_1_277' title='bbox 437 2418 485 2498; x_wconf 90' lang='lat' dir='ltr'><strong>qui</strong></span> <span class='ocrx_word' id='word_1_278' title='bbox 507 2416 578 2478; x_wconf 84' lang='lat' dir='ltr'><strong>sutili</strong></span> <span class='ocrx_word' id='word_1_279' title='bbox 602 2416 710 2500; x_wconf 84' lang='lat' dir='ltr'><strong>garritu</strong></span> <span class='ocrx_word' id='word_1_280' title='bbox 732 2437 763 2478; x_wconf 89' lang='lat' dir='ltr'><strong>se</strong></span> <span class='ocrx_word' id='word_1_281' title='bbox 787 2426 984 2500; x_wconf 75' lang='lat' dir='ltr'><strong>impetraturos</strong></span> <span class='ocrx_word' id='word_1_282' title='bbox 1003 2427 1131 2497; x_wconf 86' lang='lat' dir='ltr'><strong>sperant:</strong></span> <span class='ocrx_word' id='word_1_283' title='bbox 1161 2413 1238 2495; x_wconf 90' lang='lat' dir='ltr'><strong>quod</strong></span> 
     </span>
     <span class='ocr_line' id='line_1_31' title="bbox 113 2491 1237 2569; baseline 0.003 -20"><span class='ocrx_word' id='word_1_284' title='bbox 113 2511 172 2550; x_wconf 90' lang='lat' dir='ltr'><strong>nun</strong></span> <span class='ocrx_word' id='word_1_285' title='bbox 194 2513 255 2551; x_wconf 90' lang='lat' dir='ltr'><strong>uam</strong></span> <span class='ocrx_word' id='word_1_286' title='bbox 275 2494 385 2554; x_wconf 86' lang='lat' dir='ltr'><strong>sincere</strong></span> <span class='ocrx_word' id='word_1_287' title='bbox 411 2504 441 2553; x_wconf 91' lang='lat' dir='ltr'><strong>et</strong></span> <span class='ocrx_word' id='word_1_288' title='bbox 460 2493 606 2554; x_wconf 82' lang='lat' dir='ltr'><strong>exanimo</strong></span> <span class='ocrx_word' id='word_1_289' title='bbox 646 2491 755 2569; x_wconf 83' lang='lat' dir='ltr'><strong>ctum),</strong></span> <span class='ocrx_word' id='word_1_290' title='bbox 777 2493 827 2554; x_wconf 85' lang='lat' dir='ltr'><strong>sed</strong></span> <span class='ocrx_word' id='word_1_291' title='bbox 852 2492 948 2554; x_wconf 90' lang='lat' dir='ltr'><strong>docuit</strong></span> <span class='ocrx_word' id='word_1_292' title='bbox 966 2492 1095 2556; x_wconf 81' lang='lat' dir='ltr'><strong>Christus</strong></span> <span class='ocrx_word' id='word_1_293' title='bbox 1117 2511 1169 2553; x_wconf 86' lang='lat' dir='ltr'><strong>suo</strong></span> <span class='ocrx_word' id='word_1_294' title='bbox 1189 2512 1237 2552; x_wconf 83' lang='lat' dir='ltr'><strong>er-</strong></span> 
     </span>
     <span class='ocr_line' id='line_1_32' title="bbox 113 2513 1313 2652; baseline 0 -24"><span class='ocrx_word' id='word_1_295' title='bbox 113 2513 220 2646; x_wconf 83' lang='lat' dir='ltr'><strong>emplo,</strong></span> <span class='ocrx_word' id='word_1_296' title='bbox 240 2588 299 2629; x_wconf 90' lang='lat' dir='ltr'><strong>non</strong></span> <span class='ocrx_word' id='word_1_297' title='bbox 318 2568 420 2630; x_wconf 87' lang='lat' dir='ltr'><strong>decere</strong></span> <span class='ocrx_word' id='word_1_298' title='bbox 438 2589 492 2630; x_wconf 91' lang='lat' dir='ltr'><strong>nos</strong></span> <span class='ocrx_word' id='word_1_299' title='bbox 510 2569 608 2630; x_wconf 88' lang='lat' dir='ltr'><strong>animis</strong></span> <span class='ocrx_word' id='word_1_300' title='bbox 625 2515 733 2652; x_wconf 86' lang='lat' dir='ltr'><strong>lrangi,</strong></span> <span class='ocrx_word' id='word_1_301' title='bbox 753 2589 807 2630; x_wconf 92' lang='lat' dir='ltr'><strong>nec</strong></span> <span class='ocrx_word' id='word_1_302' title='bbox 825 2568 935 2650; x_wconf 80' lang='lat' dir='ltr'><strong>fatigari</strong></span> <span class='ocrx_word' id='word_1_303' title='bbox 954 2567 1112 2652; x_wconf 88' lang='lat' dir='ltr'><strong>precando,</strong></span> <span class='ocrx_word' id='word_1_304' title='bbox 1135 2568 1159 2630; x_wconf 84' lang='lat' dir='ltr'><strong>si</strong></span> <span class='ocrx_word' id='word_1_305' title='bbox 1177 2589 1238 2628; x_wconf 91' lang='lat' dir='ltr'><strong>non</strong></span> <span class='ocrx_word' id='word_1_306' title='bbox 1310 2566 1313 2572; x_wconf 73' lang='grc'>’</span> 
     </span>
     <span class='ocr_line' id='line_1_33' title="bbox 113 2643 1239 2730; baseline 0.002 -26"><span class='ocrx_word' id='word_1_307' title='bbox 113 2643 207 2704; x_wconf 86' lang='lat' dir='ltr'><strong>statim</strong></span> <span class='ocrx_word' id='word_1_308' title='bbox 229 2643 324 2704; x_wconf 86' lang='lat' dir='ltr'><strong>fiamus</strong></span> <span class='ocrx_word' id='word_1_309' title='bbox 348 2657 481 2706; x_wconf 87' lang='lat' dir='ltr'><strong>votorum</strong></span> <span class='ocrx_word' id='word_1_310' title='bbox 506 2657 661 2726; x_wconf 87' lang='lat' dir='ltr'><strong>compotes.</strong></span> <span class='ocrx_word' id='word_1_311' title='bbox 707 2645 785 2707; x_wconf 86' lang='lat' dir='ltr'><strong>llaec</strong></span> <span class='ocrx_word' id='word_1_312' title='bbox 807 2645 894 2730; x_wconf 92' lang='lat' dir='ltr'><strong>igitur</strong></span> <span class='ocrx_word' id='word_1_313' title='bbox 919 2659 960 2708; x_wconf 83' lang='lat' dir='ltr'><strong>est</strong></span> <span class='ocrx_word' id='word_1_314' title='bbox 983 2665 1044 2706; x_wconf 90' lang='lat' dir='ltr'><strong>non</strong></span> <span class='ocrx_word' id='word_1_315' title='bbox 1067 2665 1239 2726; x_wconf 81' lang='lat' dir='ltr'><strong>supervacua</strong></span> 
     </span>
     <span class='ocr_line' id='line_1_34' title="bbox 114 2711 1239 2814; baseline -0.001 -32"><span class='ocrx_word' id='word_1_316' title='bbox 114 2721 252 2782; x_wconf 86' lang='lat' dir='ltr'><strong>sermonis</strong></span> <span class='ocrx_word' id='word_1_317' title='bbox 270 2720 417 2812; x_wconf 85' lang='lat' dir='ltr'><strong>repetitio,</strong></span> <span class='ocrx_word' id='word_1_318' title='bbox 438 2711 469 2784; x_wconf 78' lang='lat' dir='ltr'><strong>’si</strong></span> <span class='ocrx_word' id='word_1_319' title='bbox 493 2721 612 2784; x_wconf 88' lang='lat' dir='ltr'><strong>tentatio</strong></span> <span class='ocrx_word' id='word_1_320' title='bbox 636 2721 762 2802; x_wconf 90' lang='lat' dir='ltr'><strong>repulsae</strong></span> <span class='ocrx_word' id='word_1_321' title='bbox 789 2742 848 2784; x_wconf 88' lang='lat' dir='ltr'><strong>non</strong></span> <span class='ocrx_word' id='word_1_322' title='bbox 868 2722 1025 2808; x_wconf 87' lang='lat' dir='ltr'><strong>exstinguat</strong></span> <span class='ocrx_word' id='word_1_323' title='bbox 1042 2720 1176 2814; x_wconf 87' lang='lat' dir='ltr'><strong>precandi</strong></span> <span class='ocrx_word' id='word_1_324' title='bbox 1193 2741 1239 2782; x_wconf 90' lang='lat' dir='ltr'><strong>ar-</strong></span> 
     </span>
    </p>
   </div>
   <div class='ocr_carea' id='block_1_7' title="bbox 114 2795 1364 2889">
    <p class='ocr_par' dir='ltr' id='par_1_8' title="bbox 114 2795 1364 2889">
     <span class='ocr_line' id='line_1_35' title="bbox 114 2795 1364 2889; baseline 0.002 -33"><span class='ocrx_word' id='word_1_325' title='bbox 114 2795 228 2874; x_wconf 89' lang='lat' dir='ltr'><strong>dorem,</strong></span> <span class='ocrx_word' id='word_1_326' title='bbox 253 2819 322 2880; x_wconf 88' lang='lat' dir='ltr'><strong>qum</strong></span> <span class='ocrx_word' id='word_1_327' title='bbox 345 2797 432 2860; x_wconf 90' lang='lat' dir='ltr'><strong>tertio</strong></span> <span class='ocrx_word' id='word_1_328' title='bbox 452 2809 481 2860; x_wconf 88' lang='lat' dir='ltr'><strong>et</strong></span> <span class='ocrx_word' id='word_1_329' title='bbox 505 2810 605 2880; x_wconf 82' lang='lat' dir='ltr'><strong>quarto</strong></span> <span class='ocrx_word' id='word_1_330' title='bbox 624 2809 765 2882; x_wconf 87' lang='lat' dir='ltr'><strong>petamus,</strong></span> <span class='ocrx_word' id='word_1_331' title='bbox 794 2798 870 2881; x_wconf 87' lang='lat' dir='ltr'><strong>quod</strong></span> <span class='ocrx_word' id='word_1_332' title='bbox 888 2797 963 2862; x_wconf 84' lang='lat' dir='ltr'><strong>risus</strong></span> <span class='ocrx_word' id='word_1_333' title='bbox 985 2797 1071 2870; x_wconf 73' lang='lat' dir='ltr'><strong>luerit</strong></span> <span class='ocrx_word' id='word_1_334' title='bbox 1088 2797 1167 2870; x_wconf 88' lang='lat' dir='ltr'><strong>Deus</strong></span> <span class='ocrx_word' id='word_1_335' title='bbox 1186 2817 1239 2858; x_wconf 89' lang='lat' dir='ltr'><strong>ue·</strong></span> <span class='ocrx_word' id='word_1_336' title='bbox 1355 2868 1364 2889; x_wconf 82' lang='lat'><strong>.</strong></span> 
     </span>
    </p>
   </div>
   <div class='ocr_carea' id='block_1_8' title="bbox 114 2893 202 2956">
    <p class='ocr_par' dir='ltr' id='par_1_9' title="bbox 114 2893 202 2956">
     <span class='ocr_line' id='line_1_36' title="bbox 114 2893 202 2956; baseline -0.011 -20"><span class='ocrx_word' id='word_1_337' title='bbox 114 2893 202 2956; x_wconf 85' lang='lat' dir='ltr'><strong>gasse.</strong></span> 
     </span>
    </p>
   </div>
   <div class='ocr_carea' id='block_1_9' title="bbox 13 3145 1266 4366">
    <p class='ocr_par' dir='ltr' id='par_1_10' title="bbox 13 3145 1266 4366">
     <span class='ocr_line' id='line_1_37' title="bbox 13 3145 1240 3252; baseline -0.007 -30"><span class='ocrx_word' id='word_1_338' title='bbox 13 3219 14 3222; x_wconf 74' lang='grc'>,</span> <span class='ocrx_word' id='word_1_339' title='bbox 124 3147 130 3162; x_wconf 84' lang='grc'><strong>’</strong></span> <span class='ocrx_word' id='word_1_340' title='bbox 201 3153 301 3236; x_wconf 74' lang='lat' dir='ltr'><strong>mut.)</strong></span> <span class='ocrx_word' id='word_1_341' title='bbox 342 3151 512 3220; x_wconf 71' lang='lat' dir='ltr'><strong>mortu.</strong></span> <span class='ocrx_word' id='word_1_342' title='bbox 535 3153 651 3219; x_wconf 86' lang='lat' dir='ltr'><strong>xxvl.</strong></span> <span class='ocrx_word' id='word_1_343' title='bbox 693 3151 746 3220; x_wconf 72' lang='lat' dir='ltr'><strong>tt.</strong></span> <span class='ocrx_word' id='word_1_344' title='bbox 772 3153 866 3220; x_wconf 82' lang='lat' dir='ltr'><strong>&#39;l&#39;uno</strong></span> <span class='ocrx_word' id='word_1_345' title='bbox 886 3153 974 3220; x_wconf 87' lang='lat' dir='ltr'><strong>venit</strong></span> <span class='ocrx_word' id='word_1_346' title='bbox 1000 3147 1042 3216; x_wconf 90' lang='lat' dir='ltr'><strong>ad</strong></span> <span class='ocrx_word' id='word_1_347' title='bbox 1063 3145 1240 3252; x_wconf 78' lang='lat' dir='ltr'><strong>discipulos</strong></span> 
     </span>
     <span class='ocr_line' id='line_1_38' title="bbox 117 3241 1241 3346; baseline -0.001 -27"><span class='ocrx_word' id='word_1_348' title='bbox 117 3241 212 3336; x_wconf 81' lang='lat' dir='ltr'><strong>auos,</strong></span> <span class='ocrx_word' id='word_1_349' title='bbox 234 3268 266 3322; x_wconf 88' lang='lat' dir='ltr'><strong>ot</strong></span> <span class='ocrx_word' id='word_1_350' title='bbox 282 3255 364 3346; x_wconf 66' lang='lat' dir='ltr'><strong>‘dicit</strong></span> <span class='ocrx_word' id='word_1_351' title='bbox 384 3255 466 3336; x_wconf 85' lang='lat' dir='ltr'><strong>illis,</strong></span> <span class='ocrx_word' id='word_1_352' title='bbox 486 3257 635 3324; x_wconf 87' lang='lat' dir='ltr'><strong>Dormite</strong></span> <span class='ocrx_word' id='word_1_353' title='bbox 656 3255 726 3337; x_wconf 86' lang='lat' dir='ltr'><strong>iam,</strong></span> <span class='ocrx_word' id='word_1_354' title='bbox 748 3261 779 3322; x_wconf 88' lang='lat' dir='ltr'><strong>et</strong></span> <span class='ocrx_word' id='word_1_355' title='bbox 799 3256 1005 3342; x_wconf 84' lang='lat' dir='ltr'><strong>requiescite:</strong></span> <span class='ocrx_word' id='word_1_356' title='bbox 1028 3273 1102 3331; x_wconf 78' lang='lat' dir='ltr'><strong>ecce</strong></span> <span class='ocrx_word' id='word_1_357' title='bbox 1124 3272 1241 3340; x_wconf 83' lang='lat' dir='ltr'><strong>appro-</strong></span> 
     </span>
     <span class='ocr_line' id='line_1_39' title="bbox 13 3355 1266 3444; baseline 0 -24"><span class='ocrx_word' id='word_1_358' title='bbox 13 3409 14 3436; x_wconf 72' lang='lat'><strong>,</strong></span> <span class='ocrx_word' id='word_1_359' title='bbox 117 3358 284 3444; x_wconf 85' lang='lat' dir='ltr'><strong>pinqoavit</strong></span> <span class='ocrx_word' id='word_1_360' title='bbox 305 3360 399 3439; x_wconf 88' lang='lat' dir='ltr'><strong>bora,</strong></span> <span class='ocrx_word' id='word_1_361' title='bbox 439 3368 471 3424; x_wconf 89' lang='lat' dir='ltr'><strong>ct</strong></span> <span class='ocrx_word' id='word_1_362' title='bbox 490 3359 595 3426; x_wconf 87' lang='lat' dir='ltr'><strong>Filius</strong></span> <span class='ocrx_word' id='word_1_363' title='bbox 623 3359 761 3426; x_wconf 82' lang='lat' dir='ltr'><strong>bominis</strong></span> <span class='ocrx_word' id='word_1_364' title='bbox 788 3355 923 3424; x_wconf 86' lang='lat' dir='ltr'><strong>traditur</strong></span> <span class='ocrx_word' id='word_1_365' title='bbox 943 3359 978 3424; x_wconf 88' lang='lat' dir='ltr'><strong>iu</strong></span> <span class='ocrx_word' id='word_1_366' title='bbox 998 3375 1110 3428; x_wconf 85' lang='lat' dir='ltr'><strong>manus</strong></span> <span class='ocrx_word' id='word_1_367' title='bbox 1129 3376 1242 3444; x_wconf 80' lang='lat' dir='ltr'><strong>peoor-</strong></span> <span class='ocrx_word' id='word_1_368' title='bbox 1264 3437 1266 3444; x_wconf 28' lang='grc' dir='ltr'>Ι</span> 
     </span>
     <span class='ocr_line' id='line_1_40' title="bbox 13 3443 1242 3550; baseline -0.004 -25"><span class='ocrx_word' id='word_1_369' title='bbox 13 3443 15 3524; x_wconf 63' lang='lat' dir='ltr'><strong>l</strong></span> <span class='ocrx_word' id='word_1_370' title='bbox 118 3468 235 3525; x_wconf 88' lang='lat' dir='ltr'><strong>torum.</strong></span> <span class='ocrx_word' id='word_1_371' title='bbox 278 3461 329 3527; x_wconf 82' lang='grc'><strong>46.</strong></span> <span class='ocrx_word' id='word_1_372' title='bbox 352 3463 492 3550; x_wconf 76' lang='lat' dir='ltr'><strong>surgite,</strong></span> <span class='ocrx_word' id='word_1_373' title='bbox 513 3483 634 3528; x_wconf 84' lang='lat' dir='ltr'><strong>eamus:</strong></span> <span class='ocrx_word' id='word_1_374' title='bbox 666 3483 740 3528; x_wconf 85' lang='lat' dir='ltr'><strong>ecce</strong></span> <span class='ocrx_word' id='word_1_375' title='bbox 762 3461 1009 3550; x_wconf 84' lang='lat' dir='ltr'><strong>appropinquat,</strong></span> <span class='ocrx_word' id='word_1_376' title='bbox 1030 3460 1086 3547; x_wconf 86' lang='lat' dir='ltr'><strong>qui</strong></span> <span class='ocrx_word' id='word_1_377' title='bbox 1105 3478 1157 3544; x_wconf 79' lang='lat' dir='ltr'><strong>mc</strong></span> <span class='ocrx_word' id='word_1_378' title='bbox 1177 3466 1242 3526; x_wconf 84' lang='lat' dir='ltr'><strong>tra·</strong></span> 
     </span>
     <span class='ocr_line' id='line_1_41' title="bbox 24 3559 1242 3652; baseline -0.005 -24"><span class='ocrx_word' id='word_1_379' title='bbox 24 3566 27 3574; x_wconf 85' lang='grc'><strong>’</strong></span> <span class='ocrx_word' id='word_1_380' title='bbox 117 3561 175 3629; x_wconf 91' lang='lat' dir='ltr'><strong>dit.</strong></span> <span class='ocrx_word' id='word_1_381' title='bbox 218 3561 270 3628; x_wconf 83' lang='grc'><strong>47.</strong></span> <span class='ocrx_word' id='word_1_382' title='bbox 291 3562 405 3630; x_wconf 77' lang='lat' dir='ltr'><strong>Adhuc</strong></span> <span class='ocrx_word' id='word_1_383' title='bbox 426 3586 467 3632; x_wconf 89' lang='lat' dir='ltr'><strong>eo</strong></span> <span class='ocrx_word' id='word_1_384' title='bbox 488 3563 655 3652; x_wconf 86' lang='lat' dir='ltr'><strong>loquente,</strong></span> <span class='ocrx_word' id='word_1_385' title='bbox 676 3585 766 3644; x_wconf 87' lang='lat' dir='ltr'><strong>ecce,</strong></span> <span class='ocrx_word' id='word_1_386' title='bbox 789 3561 884 3630; x_wconf 88' lang='lat' dir='ltr'><strong>ludas</strong></span> <span class='ocrx_word' id='word_1_387' title='bbox 905 3583 989 3628; x_wconf 83' lang='lat' dir='ltr'><strong>unus</strong></span> <span class='ocrx_word' id='word_1_388' title='bbox 1011 3583 1050 3630; x_wconf 86' lang='lat' dir='ltr'><strong>cx</strong></span> <span class='ocrx_word' id='word_1_389' title='bbox 1071 3559 1242 3630; x_wconf 81' lang='lat' dir='ltr'><strong>duodecim</strong></span> 
     </span>
     <span class='ocr_line' id='line_1_42' title="bbox 119 3650 1241 3754; baseline -0.005 -26"><span class='ocrx_word' id='word_1_390' title='bbox 119 3665 222 3744; x_wconf 75' lang='lat' dir='ltr'><strong>venit,</strong></span> <span class='ocrx_word' id='word_1_391' title='bbox 244 3673 276 3730; x_wconf 87' lang='lat' dir='ltr'><strong>et</strong></span> <span class='ocrx_word' id='word_1_392' title='bbox 298 3650 368 3732; x_wconf 80' lang='lat' dir='ltr'><strong>cuin</strong></span> <span class='ocrx_word' id='word_1_393' title='bbox 391 3686 432 3732; x_wconf 83' lang='lat' dir='ltr'><strong>ao</strong></span> <span class='ocrx_word' id='word_1_394' title='bbox 454 3665 550 3734; x_wconf 84' lang='lat' dir='ltr'><strong>turba</strong></span> <span class='ocrx_word' id='word_1_395' title='bbox 570 3667 668 3734; x_wconf 84' lang='lat' dir='ltr'><strong>multa</strong></span> <span class='ocrx_word' id='word_1_396' title='bbox 690 3687 762 3734; x_wconf 89' lang='lat' dir='ltr'><strong>oum</strong></span> <span class='ocrx_word' id='word_1_397' title='bbox 784 3665 896 3754; x_wconf 85' lang='lat' dir='ltr'><strong>gladiis</strong></span> <span class='ocrx_word' id='word_1_398' title='bbox 918 3676 950 3732; x_wconf 92' lang='lat' dir='ltr'><strong>et</strong></span> <span class='ocrx_word' id='word_1_399' title='bbox 971 3662 1122 3742; x_wconf 80' lang='lat' dir='ltr'><strong>fustibus,</strong></span> <span class='ocrx_word' id='word_1_400' title='bbox 1150 3683 1170 3724; x_wconf 85' lang='lat' dir='ltr'><strong>a</strong></span> <span class='ocrx_word' id='word_1_401' title='bbox 1191 3679 1241 3724; x_wconf 83' lang='lat' dir='ltr'><strong>aa·</strong></span> 
     </span>
     <span class='ocr_line' id='line_1_43' title="bbox 121 3757 1244 3856; baseline -0.004 -26"><span class='ocrx_word' id='word_1_402' title='bbox 121 3763 307 3834; x_wconf 79' lang='lat' dir='ltr'><strong>cardotihns</strong></span> <span class='ocrx_word' id='word_1_403' title='bbox 334 3775 365 3831; x_wconf 85' lang='lat' dir='ltr'><strong>et</strong></span> <span class='ocrx_word' id='word_1_404' title='bbox 391 3767 572 3834; x_wconf 85' lang='lat' dir='ltr'><strong>senioribus</strong></span> <span class='ocrx_word' id='word_1_405' title='bbox 601 3767 724 3856; x_wconf 83' lang='lat' dir='ltr'><strong>populi.</strong></span> <span class='ocrx_word' id='word_1_406' title='bbox 797 3770 849 3836; x_wconf 85' lang='grc'><strong>48.</strong></span> <span class='ocrx_word' id='word_1_407' title='bbox 877 3767 946 3856; x_wconf 87' lang='lat' dir='ltr'><strong>Qui</strong></span> <span class='ocrx_word' id='word_1_408' title='bbox 972 3785 1052 3833; x_wconf 83' lang='lat' dir='ltr'><strong>vero</strong></span> <span class='ocrx_word' id='word_1_409' title='bbox 1083 3757 1244 3850; x_wconf 84' lang='lat' dir='ltr'><strong>prodebat</strong></span> 
     </span>
     <span class='ocr_line' id='line_1_44' title="bbox 123 3861 1242 3958; baseline -0.007 -24"><span class='ocrx_word' id='word_1_410' title='bbox 123 3887 212 3946; x_wconf 84' lang='lat' dir='ltr'><strong>eum,</strong></span> <span class='ocrx_word' id='word_1_411' title='bbox 245 3865 376 3943; x_wconf 84' lang='lat' dir='ltr'><strong>dederat</strong></span> <span class='ocrx_word' id='word_1_412' title='bbox 397 3866 462 3933; x_wconf 87' lang='lat' dir='ltr'><strong>illis</strong></span> <span class='ocrx_word' id='word_1_413' title='bbox 483 3869 630 3956; x_wconf 81' lang='lat' dir='ltr'><strong>signum,</strong></span> <span class='ocrx_word' id='word_1_414' title='bbox 651 3869 789 3950; x_wconf 83' lang='lat' dir='ltr'><strong>diceus,</strong></span> <span class='ocrx_word' id='word_1_415' title='bbox 821 3867 1054 3955; x_wconf 87' lang='lat' dir='ltr'><strong>Quemcunque</strong></span> <span class='ocrx_word' id='word_1_416' title='bbox 1081 3861 1242 3958; x_wconf 77' lang='lat' dir='ltr'><strong>osculatus</strong></span> 
     </span>
     <span class='ocr_line' id='line_1_45' title="bbox 123 3961 1244 4058; baseline -0.005 -24"><span class='ocrx_word' id='word_1_417' title='bbox 123 3967 232 4048; x_wconf 81' lang='lat' dir='ltr'><strong>fuero,</strong></span> <span class='ocrx_word' id='word_1_418' title='bbox 265 3971 336 4058; x_wconf 89' lang='lat' dir='ltr'><strong>ipse</strong></span> <span class='ocrx_word' id='word_1_419' title='bbox 358 3979 421 4049; x_wconf 86' lang='lat' dir='ltr'><strong>est,</strong></span> <span class='ocrx_word' id='word_1_420' title='bbox 443 3980 547 4036; x_wconf 86' lang='lat' dir='ltr'><strong>tenete</strong></span> <span class='ocrx_word' id='word_1_421' title='bbox 569 3992 649 4036; x_wconf 88' lang='lat' dir='ltr'><strong>eum.</strong></span> <span class='ocrx_word' id='word_1_422' title='bbox 690 3971 743 4036; x_wconf 86' lang='grc'><strong>49.</strong></span> <span class='ocrx_word' id='word_1_423' title='bbox 763 3972 807 4038; x_wconf 89' lang='lat' dir='ltr'><strong>Et</strong></span> <span class='ocrx_word' id='word_1_424' title='bbox 823 3973 989 4044; x_wconf 82' lang='lat' dir='ltr'><strong>contestim</strong></span> <span class='ocrx_word' id='word_1_425' title='bbox 1010 3963 1178 4043; x_wconf 76' lang='lat' dir='ltr'><strong>accedens,</strong></span> <span class='ocrx_word' id='word_1_426' title='bbox 1200 3961 1244 4029; x_wconf 88' lang='lat' dir='ltr'><strong>ad</strong></span> 
     </span>
     <span class='ocr_line' id='line_1_46' title="bbox 122 4067 1243 4150; baseline -0.004 -14"><span class='ocrx_word' id='word_1_427' title='bbox 122 4071 228 4145; x_wconf 82' lang='lat' dir='ltr'><strong>Iesum</strong></span> <span class='ocrx_word' id='word_1_428' title='bbox 250 4071 343 4150; x_wconf 88' lang='lat' dir='ltr'><strong>dixit,</strong></span> <span class='ocrx_word' id='word_1_429' title='bbox 365 4071 434 4137; x_wconf 77' lang='lat' dir='ltr'><strong>Are</strong></span> <span class='ocrx_word' id='word_1_430' title='bbox 454 4067 572 4138; x_wconf 84' lang='lat' dir='ltr'><strong>Rabhi.</strong></span> <span class='ocrx_word' id='word_1_431' title='bbox 626 4072 669 4140; x_wconf 86' lang='lat' dir='ltr'><strong>Et</strong></span> <span class='ocrx_word' id='word_1_432' title='bbox 690 4071 851 4140; x_wconf 80' lang='lat' dir='ltr'><strong>osculatus</strong></span> <span class='ocrx_word' id='word_1_433' title='bbox 874 4082 922 4138; x_wconf 89' lang='lat' dir='ltr'><strong>est</strong></span> <span class='ocrx_word' id='word_1_434' title='bbox 942 4069 1023 4136; x_wconf 80' lang='lat' dir='ltr'><strong>eum.</strong></span> <span class='ocrx_word' id='word_1_435' title='bbox 1065 4067 1119 4132; x_wconf 80' lang='lat'><strong>50.</strong></span> <span class='ocrx_word' id='word_1_436' title='bbox 1140 4067 1243 4132; x_wconf 84' lang='lat' dir='ltr'><strong>Dixit·</strong></span> 
     </span>
     <span class='ocr_line' id='line_1_47' title="bbox 123 4165 1244 4262; baseline 0.003 -25"><span class='ocrx_word' id='word_1_437' title='bbox 123 4191 189 4258; x_wconf 91' lang='lat' dir='ltr'><strong>que</strong></span> <span class='ocrx_word' id='word_1_438' title='bbox 211 4171 261 4240; x_wconf 87' lang='lat' dir='ltr'><strong>illi</strong></span> <span class='ocrx_word' id='word_1_439' title='bbox 281 4173 387 4254; x_wconf 83' lang='lat' dir='ltr'><strong>Iesus,</strong></span> <span class='ocrx_word' id='word_1_440' title='bbox 414 4173 542 4256; x_wconf 83' lang='lat' dir='ltr'><strong>Amice,</strong></span> <span class='ocrx_word' id='word_1_441' title='bbox 570 4171 611 4244; x_wconf 89' lang='lat' dir='ltr'><strong>ad</strong></span> <span class='ocrx_word' id='word_1_442' title='bbox 632 4171 711 4262; x_wconf 87' lang='lat' dir='ltr'><strong>qnid</strong></span> <span class='ocrx_word' id='word_1_443' title='bbox 731 4173 825 4240; x_wconf 83' lang='lat' dir='ltr'><strong>ades?</strong></span> <span class='ocrx_word' id='word_1_444' title='bbox 866 4171 961 4240; x_wconf 82' lang='lat' dir='ltr'><strong>Tunc</strong></span> <span class='ocrx_word' id='word_1_445' title='bbox 990 4165 1176 4248; x_wconf 71' lang='lat' dir='ltr'><strong>accedentes</strong></span> <span class='ocrx_word' id='word_1_446' title='bbox 1195 4170 1244 4244; x_wconf 86' lang='lat' dir='ltr'><strong>iu·</strong></span> 
     </span>
     <span class='ocr_line' id='line_1_48' title="bbox 106 4276 923 4366; baseline -0.005 -24"><span class='ocrx_word' id='word_1_447' title='bbox 106 4276 268 4364; x_wconf 26' lang='lat' dir='ltr'><strong>‚iecerunt</strong></span> <span class='ocrx_word' id='word_1_448' title='bbox 287 4297 401 4354; x_wconf 81' lang='lat' dir='ltr'><strong>manns</strong></span> <span class='ocrx_word' id='word_1_449' title='bbox 422 4277 458 4344; x_wconf 90' lang='lat' dir='ltr'><strong>iu</strong></span> <span class='ocrx_word' id='word_1_450' title='bbox 476 4277 595 4360; x_wconf 79' lang='lat' dir='ltr'><strong>tesan,</strong></span> <span class='ocrx_word' id='word_1_451' title='bbox 616 4287 648 4350; x_wconf 83' lang='lat' dir='ltr'><strong>et</strong></span> <span class='ocrx_word' id='word_1_452' title='bbox 668 4285 823 4366; x_wconf 83' lang='lat' dir='ltr'><strong>ceperunt</strong></span> <span class='ocrx_word' id='word_1_453' title='bbox 843 4293 923 4344; x_wconf 83' lang='lat' dir='ltr'><strong>eum.</strong></span> 
     </span>
    </p>
   </div>
   <div class='ocr_carea' id='block_1_10' title="bbox 0 0 1444 4772">
    <p class='ocr_par' dir='ltr' id='par_1_11' title="bbox 0 0 1444 4772">
     <span class='ocr_line' id='line_1_49' title="bbox 0 0 1444 4772; baseline 0 0"><span class='ocrx_word' id='word_1_454' title='bbox 0 0 1444 4772; x_wconf 95' lang='lat' dir='ltr'><strong> </strong></span> 
     </span>
    </p>
   </div>
  </div>
 </body>
</html>
