2796 4774
288 231 432 326 (wi-8.
469 223 599 292 Christos
616 221 712 332 comm
730 225 837 289 Pontio
854 225 974 305 Pilato.)
1134 231 1193 296 stt

54 387 232 456 mentione
253 382 433 462 Galilaeae,
455 381 673 467 interrogavit,
694 395 770 462 npnr
792 379 889 446 homo
912 378 1085 448 Galilaeae.
1098 391 1191 449 esset

58 493 92 558 7.
117 493 229 576 Atque
250 475 285 552 ut
306 485 468 573 cognovit,
501 483 591 574 quod
613 481 656 548 ad
676 481 816 548 Herodis
837 483 988 550 ditionem
1009 485 1192 572 pertineret,
1253 549 1256 555 ,

57 575 285 660 remisit‘eum
306 587 347 654 ad
362 585 532 666 Herodem,
554 585 609 672 qui
630 595 661 650 et
682 587 753 672 ipse
774 585 1007 674 Hierosolymis
1029 595 1097 653 erat
1117 595 1193 652 tunc

51 679 232 782 temporis.
273 690 305 756 8.
327 689 472 756 Herodes
494 697 599 754 autem
619 687 691 752 viso
705 689 781 776 lesu
798 688 923 771 gavisus
946 701 994 756 est
1015 689 1124 756 valde:
1146 699 1193 756 te-

56 796 207 864 nebatur
234 793 319 859 enim
345 794 407 858 iarn
426 790 535 864 'multo
564 800 708 876 tempore
739 787 909 876 cupiditate
930 789 1062 858 'videndi
1090 792 1191 874 illurn,

5 919 6 922 ’
60 923 106 967 eo
137 895 229 984 quod
254 895 378 964 audiret
403 893 503 960 multa'
531 881 648 961 de'eo:
685 899 717 956 et
737 889 897 978 sperabat,
930 913 966 958 se
990 895 1115 980 signum
1135 895 1193 962 ali-

59 1000 163 1090 quod
182 1002 324 1066 visurum
347 996 389 1063 ab
412 1017 452 1062 eo
474 995 554 1062 fieri.
601 995 633 1058 9.
653 991 875 1079 Interrogabat
894 989 1092 1060 autemeam
1112 998 1194 1065 mul.

61 1107 108 1169 tis
143 1099 359 1168 sermonibus:
391 1109 423 1165 at
451 1087 524 1185 i'pse
550 1095 630 1162 nihil
657 1098 689 1162 ei
713 1095 937 1183 respondebat.
980 1097 1033 1162 lor
1061 1098 1194 1166 Stabant

61 1218 175 1272 autem
205 1204 366 1292 principes
399 1199 600 1269 sacerdotum
636 1207 667 1264 et
706 1197 830 1264 scribae
862 1201 975 1264 acriter
1010 1217 1194 1268 accusantes

62 1331 154 1374 eum.
199 1307 249 1370 ll:
272 1305 399 1392 Sprevit
420 1291 524 1368 autem
547 1323 618 1367 eum
640 1301 788 1368 Herodes
810 1323 882 1366 cnm
903 1301 1092 1392 exercitibus
1111 1307 1195 1370 suis:
1245 1309 1249 1318 “

62 1430 236 1500 quumque
257 1394 421 1484 illusisset,
442 1404 588 1470 indutum
608 1412 698 1468 veste
719 1403 888 1492 splendida
908 1408 1031 1472 remisit
1050 1404 1092 1472 ad
1112 1407 1196 1474 Pila-

43 1524 149 1588 ium.
182 1511 233 1574 12.
253 1510 297 1574 Et
318 1507 392 1572 facti
413 1517 488 1572 sunt
509 1507 602 1572 amici
621 1507 704 1572 inter
724 1527 760 1572 se
781 1505 900 1572 Pilatus
921 1508 953 1573 et
970 1508 1118 1576 Herodes
1140 1531 1196 1580 eo·

64 1615 148 1682 dem·
166 1609 228 1678 die.
259 1611 343 1678 Nam
362 1619 454 1676 antea
474 1607 618 1676 simultas
638 1609 721 1676 inter
743 1629 799 1678 eos
819 1611 1050 1680 intercesserat.
1289 1594 1291 1604 ¹

145 1899 248 1961 Matth.
270 1902 315 1962 11.
352 1899 439 1960 Iesus
458 1907 560 1960 eutem
577 1902 673 1960 stetit.
718 1898 802 1975 Quen
841 1920 885 1960 arn
912 1899 1116 1964 delorme'luit
1139 1901 1195 1964 hoc

63 1973 448 2132 testati-entius
467 1974 591 2112 tatu
612 1974 803 2115 &litigii
823 1976 1067 2134 ttlt‘tuut
1089 1991 1196 2116 ‘till‘

597 2093 606 2125 ‚
1181 2092 1196 2104 .

65 2154 119 2194 cus
141 2149 179 2188 ex
197 2126 454 2188 vinculissdiceret:
491 2127 646 2188 tenendum
666 2139 759 2188 tamen
778 2129 915 2188 memoria
939 2131 1044 2204 est,-in
1068 2131 1197 2192 doctrina

66 2205 165 2270 crucis
185 2204 270 2282 (quae
289 2203 406 2262 Graccis
424 2200 537 2262 stultitia
557 2213 608 2276 est,
628 2209 657 2262 et
675 2203 784 2264 ludaeis
802 2203 973 2278 scandalum)
993 2217 1123 2268 constare
1140 2227 1196 2266 no-

65 2285 113 2346 bis
132 2279 260 2342 salutem.
298 2277 397 2336 Voluit
416 2276 490 2338 enim
510 2278 595 2338 Filius
615 2277 671 2338 Dei
689 2277 800 2339 vinctus
824 2277 882 2338 sisti
903 2299 998 2346 eoram
1016 2292 1133 2342 terreno
1151 2283 1196 2341 iu·
1272 2305 1274 2312 ’

67 2361 151 2432 dice,
176 2367 205 2417 et
229 2355 283 2416 illic
305 2354 400 2416 subire
419 2353 534 2432 capitale
553 2353 705 2426 iudicium,
728 2363 761 2411 nt
783 2373 836 2414 nos
858 2367 937 2414 reatu
960 2354 1045 2416 soluti
1069 2357 1104 2416 ad
1127 2377 1196 2436 coe-

67 2436 174 2497 lestem
191 2431 248 2494 Dei
265 2431 398 2491 thronum
416 2429 505 2490 libere
523 2429 657 2492 accedere
677 2449 736 2488 non
752 2428 933 2490 dubitemus·
964 2429 1044 2513 Ergo
1063 2431 1086 2490 si
1104 2451 1149 2492 res
1170 2431 1196 2492 i-

69 2513 176 2583 cimur,
194 2506 260 2588 quid
278 2505 361 2566 nobis
381 2504 521 2584 profuerit
538 2503 679 2570 Christum
698 2503 812 2566 iudicari
832 2505 883 2566 sub
902 2504 1002 2581 Pilato,
1020 2505 1112 2572 statim
1166 2531 1196 2569 s·
1285 2565 1288 2572 .

68 2601 182 2648 tersum
201 2583 255 2642 erit
272 2581 407 2661 probrum
425 2591 484 2640 tarn
502 2579 633 2716 indiqnae
651 2579 839 2642 subiectionis.
883 2582 921 2641 Et
942 2593 1018 2646 certe
1038 2583 1131 2661 nullos
1149 2583 1196 2646 ol·
1242 2630 1245 2634 -

70 2657 166 2725 tendit
185 2657 290 2721 Christi
308 2657 448 2717 damnatio
470 2655 522 2718 nisi
539 2678 575 2718 ve
603 2656 739 2737 superbos
758 2656 934 2738 hypocritas,
956 2659 1002 2720 vel
1019 2661 1146 2740 stupidos
1166 2671 1196 2722 et

71 2755 183 2802 crassos
200 2733 255 2796 Dei
274 2745 498 2812 contemptores,
538 2753 590 2795 uos
608 2733 738 2814 propriae
756 2733 909 2813 iniquitatis
927 2755 988 2796 non
1005 2737 1101 2818 pudet
1128 2738 1196 2800 ste·
1284 2808 1288 2818 ,

70 2817 109 2878 tit
128 2831 199 2894 ergo
218 2809 274 2870 Dei
297 2809 381 2870 Filius
404 2830 502 2870 coram
518 2755 638 2870 homine
654 2809 767 2870 mortali
791 2831 870 2886 reus,
893 2810 1004 2904 illicque
1023 2814 1147 2876 accusari
1166 2825 1196 2876 et

72 2886 199 2954 damnari
237 2908 311 2948 assus
335 2898 392 2960 est,
417 2896 454 2946 ut
473 2906 524 2948 nos
543 2906 642 2951 coram,
657 2885 723 2946 Deo
741 2897 844 2948 stemus
863 2886 1001 2968 intrepidi.
1039 2887 1196 2952 Aeternam

72 2967 188 3049 quidem
206 2908 245 3024 ihi
265 2961 407 3035 infamiam
428 2961 556 3045 irrogare
580 2961 673 3022 conati
695 2974 760 3024 sunt
785 2964 893 3039 hostes,
924 2965 973 3026 sed
996 2963 1079 3025 nobis
1123 2963 1197 3026 otius

73 3041 242 3124 spectandus
264 3051 305 3100 est
326 3038 400 3113 finis,
433 3040 467 3099 ad
491 3059 575 3116 quem
593 3057 648 3098 nos
670 3037 766 3131 dirigit
782 3040 839 3100 Dei
856 3040 1040 3120 providentia.
1106 3039 1197 3100 amsi

74 3123 104 3180 in
128 3129 254 3178 mentem
276 3115 383 3190 veniat,
413 3135 494 3193 quam
521 3113 697 3175 formidabile
723 3125 759 3174 srt
781 3115 836 3179 Dei
860 3115 995 3189 tribuual,
1029 3135 1084 3176 nec
1102 3127 1197 3176 tamen
1226 3137 1233 3160 ι
1280 3129 1287 3158 r

75 3195 199 3278 potuisse
218 3209 272 3254 nos
291 3191 346 3252 illic
364 3190 483 3266 absolvi,
502 3189 556 3250 nisi
574 3209 638 3250 reus
659 3189 688 3249 in
707 3201 781 3250 terra
800 3190 925 3253 Christus
943 3190 1035 3268 lieret,
1055 3213 1198 3272 nunquam

67 3267 234 3352 epigebitin
254 3269 313 3330 eius
336 3265 454 3328 vinculis
473 3263 595 3350 gloriari.
633 3267 756 3328 Rursum
816 3266 886 3327 oties
905 3267 1044 3343 audimus,
1068 3267 1099 3328 in
1123 3267 1198 3330 tristi

77 3346 248 3425 sordidoque
270 3345 364 3406 habitu
371 3343 514 3406 Christum
535 3341 644 3404 stetisse
663 3361 757 3403 corarn
776 3288 876 3418 iilam,
897 3343 963 3404 hinc
979 3355 1106 3424 petamus
1125 3343 1198 3410 fidu·

78 3421 139 3484 ciae
157 3423 313 3497 materin,
337 3431 369 3482 ut
387 3420 449 3501 ipso
472 3419 657 3480 intercessore
676 3417 740 3479 freti
760 3418 790 3478 in
808 3419 864 3480 Dei
885 3432 1066 3500 conspectum
1085 3421 1150 3482 laeti
1168 3433 1198 3484 et

78 3497 183 3558 alacres
204 3497 381 3576 prodeamus.
420 3497 529 3557 Eodem
555 3496 638 3556 etiam
667 3493 804 3572 pertinet,
836 3493 910 3574 quod
934 3496 969 3561 de
998 3495 1107 3560 silentio
1130 3519 1197 3558 mox

79 3572 214 3652 sequitur.
251 3573 352 3634 Tacuit
371 3573 499 3637 Christus
519 3594 604 3665 quum
624 3571 746 3664 undique
766 3571 855 3652 ipsum
877 3585 1013 3666 urgerent
1029 3574 1197 3647 sacerdotes,

78 3669 145 3708 nem
168 3669 183 3708 e
206 3659 238 3708 ut
259 3669 310 3708 suo
333 3648 444 3710 silentio
469 3649 550 3712 nobrs
574 3669 606 3710 os
630 3659 760 3730 aperiret.
804 3649 877 3708 Nam
902 3647 966 3710 hrnc
986 3649 1126 3730 praeclara
1149 3647 1196 3706 illa

78 3725 124 3786 lac
152 3735 209 3799 tas,
228 3744 310 3804 quam
333 3724 455 3786 celebrat
474 3725 574 3788 Paulus
593 3725 691 3797 (Rom.
710 3727 743 3798 8,
765 3725 838 3801 lt),
860 3735 893 3784 ut
915 3725 1001 3808 pleno
1024 3746 1076 3788 ore
1095 3723 1197 3786 clame.
1291 3763 1299 3776 ,

10 3845 11 3848 ¹
79 3821 142 3861 min
161 3799 245 3861 Abba
263 3801 359 3860 Patere
387 3811 418 3860 ut
440 3799 532 3861 statim
550 3801 652 3860 iterum
671 3801 815 3892 attingain.
874 3803 918 3862 Tu
936 3801 1197 3863 redimam·

79 3899 156 3940 rura.
195 3875 473 3956 Quanquamrnultis
497 3887 527 3936 et
548 3873 628 3936 variis
648 3877 810 3938 criminibus
829 3876 971 3939 Christum
992 3877 1114 3936 obruere
1133 3886 1197 3934 ten-

78 3963 189 4031 tarunt,
211 3949 354 4034 probabile
373 3962 466 4012 tamen
485 3963 542 4026 est,
570 3950 691 4034 maligne
714 3964 856 4088 arreptum
875 3953 910 4012 ah
932 3953 984 4012 illis
1007 3949 1090 4011 fuisse
1107 3948 1197 4031 Regis
1322 3975 1325 3990 ι

79 4050 199 4104 nomen,
219 4051 252 4090 ex
271 4049 328 4108 quo
347 4048 480 4088 summam
499 4025 628 4090 invidiam
647 4027 720 4106 apud
740 4029 773 4089 Pi
784 4041 858 4089 atum
876 4029 915 4088 illi
934 4027 1099 4088 conflarent.
1125 4025 1195 4086 ldeo

79 4107 152 4186 apud
179 4107 284 4166 Lucam
309 4104 483 4185 exprimitur,
522 4103 596 4183 qrrod
627 4103 865 4182 deprehenderint
895 4108 991 4183 iprum
1020 4113 1198 4164 evertentem

78 4193 204 4263 gentem,
222 4204 261 4242 oe
277 4192 425 4243 oduntem
443 4182 559 4241 tributa
575 4180 785 4259 dartCanart,
803 4183 945 4241 dicentem
963 4190 1019 4241 etc.
1042 4180 1107 4242 Hoc
1126 4199 1197 4240 vero

12 4325 13 4330 ἵ
81 4259 198 4322 crimine
221 4258 291 4319 nihil
313 4257 435 4321 odiosius
458 4258 530 4342 apud
555 4255 690 4334 Pilatum,
727 4258 772 4318 cui
799 4255 867 4315 nihil
891 4255 991 4317 maiori
1018 4273 1102 4318 curae
1127 4267 1195 4330 erat,

12 4347 13 4390 3
83 4355 162 4414 quarn
187 4336 314 4420 quietum
335 4334 445 4418 imperii
468 4344 569 4397 statum
591 4331 673 4397 tueri.
715 4333 758 4393 Ex
783 4333 890 4395 Ioanne
914 4331 1094 4413 perspicitur,
1119 4333 1196 4396 varie
