2796 4774
306 263 308 274 .
380 243 385 268 ι
435 212 516 291 (121.
554 211 601 276 De
621 207 756 316 condvlp
775 207 882 296 regio.)
1177 213 1228 318 cl*
1323 223 1329 236 ·

100 374 248 444 mensurat,
270 361 317 430 iric
340 383 402 432 non
417 362 553 433 ‘nominat
575 361 631 427 nisi
653 380 755 428 ιιιιιιιιιι
778 359 827 428 tta
845 359 940 448 plures
958 357 1107 430 missiones
1129 371 1222 441 notat,

34 493 35 496 ,
99 444 143 507 hic
159 454 273 505 tantum
290 463 385 504 unam:
408 439 456 504 ille
476 441 611 522 quosdam
629 455 664 504 e'x
682 440 770 503 servis
788 440 858 506 dicit
873 439 947 506 orale
965 437 1116 504 mulctatos
1134 439 1222 503 luisse

99 519 144 581 rel
162 518 280 592 occisos,
298 519 343 580 hic
360 529 469 581 tantum
487 518 523 580 de
541 529 708 600 contemptu
727 516 755 579 lo
796 517 860 594 ‘tun
889 517 1041 583 Postremo
1058 513 1107 580 ille
1124 517 1220 596 babet,

34 607 36 626 ¹
99 595 338 671 eiectnm‘suissc,
363 595 411 676 qud
433 594 496 656 sine
522 605 602 656 veste
626 593 743 675 nuptiali
765 617 796 657 m
863 617 910 660 sna
931 593 1024 656 lucrm
1046 593 1220 673 convivium,

99 672 178 733 cuius
200 691 215 732 a
234 673 271 732 ud
288 673 392 734 Lucam
410 670 487 732 nulla
509 669 542 731 fit
563 670 681 732 mentio.
720 671 778 735 Sed
824 669 991 752 ‘iquoque
1009 669 1221 736 observavimus

99 747 188 809 simile
227 747 361 824 'crimem
380 769 467 840 psum
485 745 593 808 scilicet
610 747 641 808 in
659 747 756 810 eadem
772 769 806 811 re
824 747 952 812 docenda
970 747 1127 810 Matthaeus
1147 747 1221 810 ube-

97 825 158 885 rior
180 835 251 888 esset
273 845 307 886 ac
329 845 419 908 magis
442 826 528 886 susus.
570 825 607 884 lu
633 843 740 894 summa
763 823 877 908 quidem
904 823 1011 906 optimo
1034 823 1221 900 conmninnt,

97 899 184 980 qnod,
212 919 297 982 quum
320 902 402 962 Deus
425 900 546 960 Iudaeos
569 899 703 982 peculiari
724 899 836 962 honore
860 899 990 986 dignatus
1011 898 1113 979 fuerit,
1140 901 1221 982 quasi

75 995 216 1040 mensam
236 976 410 1060 hospitalem
432 976 486 1038 illis
510 975 669 1052 instruens,
690 976 731 1040 illi
757 975 884 1039 oblatum
907 975 961 1040 sibi
983 973 1125 1038 bonorem
1147 977 1220 1038 chn-

51 1192 52 1200 ἵ
96 1150 171 1296 lere,
189 1151 329 1298 quamulrt
347 1153 412 1269 ebln
430 1147 816 1296 popubwiuopiruaeficuetp
828 1223 966 1286 sacroque
983 1223 997 1266 s
1016 1201 1132 1267 iritualis
1151 1165 1223 1266 con:

96 1301 159 1362 mgis
179 1281 299 1372 vinculo
321 1281 477 1346 Ecclesiam
500 1302 526 1344 ea
552 1293 755 1373 coniungeret,
779 1247 904 1372 libenter
924 1223 1092 1372 amplhcton
1133 1279 1224 1370 Quod

95 1359 292 1434 autemdicit,
316 1358 431 1422 enrissm
455 1378 515 1420 esse
536 1377 635 1419 servos
658 1380 706 1438 qur
729 1357 862 1421 iuutatos
886 1367 1037 1434 vocarent,
1063 1355 1105 1418 bns
1128 1357 1223 1419 verbra
1304 1423 1306 1432 ,

96 1434 230 1526 duplicem
272 1436 372 1498 ratiam
390 1433 447 1496 Dei
464 1446 564 1496 notare
581 1433 684 1496 noluit:
703 1455 806 1519 nempe
864 1433 902 1496 od
920 1433 1039 1498 Iudaeos
1056 1431 1224 1516 praetulerit
1243 1465 1247 1472 ·
1301 1485 1314 1502 ι

97 1509 150 1572 alus
167 1456 321 1594 gentius,
345 1507 447 1574 deinde
468 1530 520 1594 per
539 1511 597 1571 Pro
617 1511 695 1584 betas
714 1510 817 1573 suam'
880 1509 1224 1604 adoptionernopateiece-
1249 1551 1255 1570 ,

97 1587 138 1648 rit.
176 1587 291 1652 alludit
310 1588 386 1650 enim
404 1587 438 1650 ad
455 1587 588 1650 usitatum
598 1532 753 1650 hominum
770 1607 897 1662 morem,
917 1607 972 1669 *qur
988 1598 1101 1680 nuptus
1119 1585 1225 1649 secturi

98 1683 192 1728 eorum
214 1663 377 1748 catalogum
396 1664 595 1739 conscribunt,
618 1685 689 1744 quos
708 1662 812 1728 babere
831 1661 933 1728 volunt
951 1679 1098 1726 convrvasr
1120 1663 1224 1725 deinde
1308 1737 1311 1744 Ι

97 1760 145 1820 per
163 1763 263 1804 servos
287 1762 354 1804 suos
372 1740 502 1822 invitant.
541 1742 586 1800 Ita
603 1743 682 1803 Dens
701 1741 835 1818 ludaeos,
859 1739 937 1824 prasi
959 1737 1108 1804 iamlb'ares
1128 1751 1225 1805 essent

37 1868 38 1894 ,
97 1816 187 1894 amici,
231 1839 283 1880 rae
304 1817 364 1879 aliis
388 1816 496 1910 elegitp
515 1816 616 1879 deinde
638 1839 691 1901 per
713 1817 872 1900 Prophetas
892 1817 1019 1892 vocavit,
1045 1827 1080 1878 ut
1100 1815 1225 1899 promis-

38 1934 39 1956 ι
98 1911 141 1954 rae
165 1915 197 1956 re
218 1893 371 1978 emptionis
397 1894 546 1978 particrpes
574 1907 686 1969 essent,
718 1896 795 1974 qnod
822 1905 884 1958 erat
916 1893 947 1957 in
973 1893 1078 1978 nuptiis
1106 1891 1223 1976 epulari.

99 1967 264 2106 gpanquam
282 1983 392 2048 autem,
417 1971 464 2062 qni
483 1969 567 2054 primi
584 1971 677 2034 vocati
701 1969 830 2048 luerunt,
852 1991 913 2032 non
931 1969 1064 2034 vixerunt
1081 1989 1171 2052 usque
1188 1969 1225 2031 ad

140 2059 201 2108 rrstr
218 2050 384 2124 adventurn,
402 2069 504 2110 scrmus
521 2057 630 2126 tamen,
651 2067 832 2110 communem
850 2043 982 2112 omnibus
1000 2046 1119 2110 salutem
1138 2045 1225 2108 fuisse

98 2125 281 2203 propositam,
305 2145 360 2206 qua
380 2143 429 2186 eos
447 2123 568 2206 priviavit
585 2145 634 2183 sua
648 2124 822 2206 ingratitudo
842 2134 872 2186 et
889 2121 1007 2186 malitias
1029 2143 1096 2194 nam
1113 2123 1149 2186 ab
1168 2122 1226 2187 iui-

98 2197 138 2260 tio
155 2201 212 2266 Dei
231 2200 429 2282 invitationem
447 2199 567 2282 populus
584 2198 632 2260 ille
650 2198 736 2292 impie
755 2199 935 2281 contempsit.

168 2280 210 2338 4.·
237 2278 370 2338 Rursum
387 2279 487 2338 omisit
505 2280 593 2340 ulios.
633 2275 782 2336 Permdel
842 2275 911 2350 ⁰er
928 2273 986 2336 aosl
1003 2271 1089 2336 iidmn
1108 2273 1234 2350 subrent*

98 2345 239 2427 homines,
261 2355 328 2434 quia
351 2368 439 2413 uuum
462 2351 518 2412 luit
539 2347 639 2431 populi
663 2369 774 2428 eorpus.
836 2369 920 2411 ensus
943 2360 1039 2410 autem
1062 2359 1117 2411 est:
1141 2369 1228 2428 quum

98 2429 337 2509 appropinquaret
355 2427 422 2490 iclix
442 2437 472 2488 et
489 2425 578 2486 laetus
597 2423 800 2504 redemptionis
819 2424 893 2506 dies,
912 2423 1073 2488 admonitos
1091 2423 1178 2486 fuisse
1195 2435 1229 2487 ut

38 2542 42 2555 .
98 2521 115 2564 o
135 2510 272 2584 portuuc'
285 2505 431 2566 adessent:
455 2521 522 2560 nam
536 2509 655 2592 ternpus
677 2498 766 2594 longe
784 2510 852 2562 ante
874 2499 1036 2562 condietur
1053 2499 1107 2563 illis
1126 2501 1228 2566 luerat.

38 2588 42 2643 i
125 2601 185 2638 unc
205 2599 277 2640 vero
296 2577 366 2638 dixit
386 2575 532 2652 Christus,
554 2575 586 2634 in
606 2595 668 2658 rpso
688 2576 806 2638 artrcnlo
825 2574 908 2638 noris
925 2577 1032 2641 nuntiis
1051 2595 1100 2642 eos
1119 2579 1228 2674 urgeri,

97 2666 130 2714 ut
148 2651 252 2715 venire
274 2653 422 2714 festinent:
447 2673 512 2712 nam
530 2651 619 2734 prima
637 2651 779 2732 invitatio,
806 2651 1043 2732 saturarentur,
1066 2677 1229 2738 superiores
1260 2687 1262 2694 ·

99 2751 201 2792 omnes
222 2729 388 2812 Prophetias
408 2727 604 2810 complectitur
622 2749 711 2808 nsque
736 2729 771 2790 ad
790 2730 867 2792 Evan
890 2723 935 2792 dlii
958 2731 1228 2818 promulgationem.

100 2807 271 2887 Quanquam
290 2805 456 2868 autem-iam
475 2805 542 2868 olim
561 2805 697 2868 saevitum
713 2805 805 2870 fuerat
821 2807 853 2867 in
863 2748 1029 2890 tlrophens,
1046 2810 1113 2890 quia
1127 2821 1230 2885 tamen

99 2894 231 2965 tempore
257 2883 348 2945 crevit
372 2882 467 2957 furor,
495 2882 543 2963 qui
565 2883 680 2944 tandem
709 2883 739 2944 in
759 2883 902 2946 Christum
927 2896 962 2954 et,
981 2885 1138 2967 Apostolos
1160 2897 1229 2950 toto

101 2959 208 3040 impetu
227 2959 333 3021 effusus
354 2971 410 3034 est,
439 2970 566 3020 veterem
590 2957 728 3040 populum
749 2971 929 3042 contemptus
949 2971 980 3022 et
997 2961 1145 3042 superbiae
1162 2974 1232 3022 tan·

101 3047 159 3096 tum
184 3047 304 3097 accusat.
347 3035 471 3118 Ultimos
495 3047 589 3100 antem
611 3055 723 3110 seruos,
751 3035 808 3117 qui
822 3037 874 3098 sub
897 3035 998 3097 horam
1021 3056 1130 3102 coenae
1151 3037 1231 3100 missi

102 3111 226 3188 inerant,
251 3111 428 3173 contumeliis
447 3111 566 3173 affectos
588 3109 634 3172 vel
657 3114 767 3174 occisos
789 3112 971 3174 fuissedicit.
1016 3113 1061 3174 Ita
1079 3115 1114 3174 ad
1134 3125 1232 3177 extre-

103 3209 178 3248 mum
197 3188 335 3250 scelerum
354 3189 485 3270 prorupit
502 3187 549 3248 illc
571 3187 705 3324 populus,
731 3211 817 3268 quum
835 3189 870 3250 ad
888 3187 1038 3270 superbam
1055 3189 1162 3272 gratiae
1180 3211 1233 3253 rc*

104 3263 257 3326 iectionem
273 3265 391 3326 accessit
404 3285 507 3325 resana
526 3265 611 3326 crude
623 3265 683 3326 itas.
707 3266 822 3346 neque
840 3277 936 3326 tamen
953 3265 985 3325 in
1004 3285 1103 3327 omnes
1122 3267 1232 3350 pariter

105 3341 210 3401 crimen
229 3343 285 3402 hoc
307 3341 428 3416 confert,
448 3341 512 3420 quia
531 3341 615 3402 ctiam
634 3339 664 3400 in
684 3341 781 3402 ultima
800 3341 961 3416 vocatione,
999 3363 1052 3402 uae
1070 3347 1233 3424 perman--

105 3416 207 3496 gelimn
229 3418 302 3478 facta
327 3427 382 3491 est,
412 3417 514 3497 partim
544 3437 560 3476 a
583 3417 687 3478 securis
712 3415 956 3500 contemptoribus
980 3358 1071 3480 irrisa
1094 3420 1148 3482 luit
1171 3416 1233 3484 Det

106 3493 206 3574 gratia,
231 3493 333 3574 partim
350 3493 458 3554 furiose
482 3490 592 3574 repulsa
616 3494 650 3554 ab
674 3493 840 3576 hypocritis.
881 3494 978 3585 Atque
1001 3495 1041 3557 ita
1060 3489 1123 3558 fieri
1144 3495 1232 3578 solet,

107 3580 137 3626 ut
157 3569 245 3651 magis
269 3568 404 3633 ebulliant
426 3569 506 3650 impii
531 3581 631 3630 contra
655 3571 762 3643 Deum,
789 3589 846 3650 quo
870 3589 959 3652 magro
982 3571 1017 3632 ad
1039 3573 1157 3638 salutem
1178 3593 1233 3642 eos

108 3643 243 3728 sollicitat.
282 3647 366 3706 Nunc
385 3644 537 3706 tractanda
550 3657 593 3706 est
632 3665 681 3706 ars
694 3645 848 3720 doctrinae,
868 3667 939 3728 quae
957 3648 1101 3714 Matthaeo
1121 3663 1152 3712 et
1168 3650 1234 3720 Lu,-

109 3721 331 3783 cascommtmis
350 3733 405 3797 cst,
429 3740 532 3802 nempe
552 3667 630 3802 quoi
647 3722 714 3784 alius
732 3721 878 3804 proiectus
903 3735 946 3785 est
966 3724 998 3786 in
1022 3727 1116 3789 villam
1140 3745 1234 3802 suam,

109 3794 172 3858 alius
191 3800 226 3859 ad
244 3796 547 3881 negotiationem:,vel
566 3799 639 3861 sicut
656 3797 775 3860 habetur
793 3800 866 3882 apud
881 3799 1002 3878 Lucam,
1026 3804 1094 3865 alius
1114 3819 1235 3870 excusa·

109 3871 148 3932 vit
165 3895 194 3935 se
213 3895 331 3936 uxorem
350 3875 468 3949 duxisse,
488 3873 557 3935 alins
571 3874 664 3936 villam
683 3875 792 3950 antisse,
811 3874 879 3938 alius
916 3877 1022 3959 uinque
1040 3879 1117 3960 paria
1131 3877 1233 3936 boum.

34 3965 35 4032 j
109 3947 159 4008 llis
182 3951 275 4014 verbis
300 3951 439 4032 significat
459 3950 601 4026 Christus,
632 3951 671 4012 ita
694 3953 802 4012 mundo
827 3963 858 4015 et
875 3897 960 4015 rebem
978 3955 1106 4014 terrenis·
1119 3951 1235 4014 deditos

34 4033 35 4050 ¹
109 4023 191 4087 luisse
205 4027 333 4101 Iudaeos,
351 4038 385 4086 ut
403 4027 510 4087 nemini
527 4037 640 4088 vacaret
658 4029 692 4100 nd
710 4029 805 4089 Deum
823 4029 967 4102 accedere,
986 4025 1068 4090 sicuti
1089 4029 1236 4090 dum-nou

34 4151 35 4180 ,
110 4103 202 4164 mundi
225 4123 309 4162 curae
331 4111 433 4161 tenent
454 4101 619 4184 implicitos,
646 4103 766 4164 totidem
785 4113 852 4164 sunt
867 4115 1070 4177 avocamenta,
1095 4101 1195 4182 quibus
1213 4120 1236 4164 at
1307 4100 1311 4116 ‘

110 4197 197 4267 regno
215 4179 273 4240 Dei
291 4175 484 4238 abstrahimur.
522 4181 620 4260 Turpe
638 4181 750 4259 quidem
769 4199 802 4240 ac
820 4180 981 4260 pudendum
1000 4191 1056 4252 est,
1079 4180 1155 4258 qnod
1176 4180 1237 4242 bia·
1283 4183 1288 4190 ’

34 4271 35 4356 p
111 4273 203 4329 mures,
222 4255 259 4314 nd
278 4251 431 4322 coelestem
448 4254 534 4315 vitam
553 4255 654 4328 c'reati,
673 4253 799 4314 belluino
819 4265 935 4334 stupore
952 4252 1008 4312 toti
1027 4253 1125 4316 adres
1145 4257 1237 4318 caelu·

34 4357 35 4374 ι
112 4347 154 4392 cas
174 4329 320 4410 teruntur,
343 4328 462 4394 sedhic
485 4329 602 4392 morbus
624 4330 726 4428 passim
748 4337 902 4414 grassatur:
927 4326 967 4392 ita
989 4327 1037 4395 vir
1060 4333 1230 4428 oentssirum
