2830 4772
88 3733 108 3750 μ
157 3706 176 3746 0

173 199 233 289 m
331 195 442 260 SECT.
461 191 558 257 xvn.
599 182 850 276 rmmsacou'mr
871 206 1145 262 nasammonas.

173 371 210 412 eo
231 344 360 408 traducta
380 357 459 420 sunt,
491 343 645 405 contexuit.
700 343 744 403 Ita
764 342 848 402 etiarn
867 343 996 422 proxima
1014 344 1173 426 obiurgatio
1191 346 1302 410 decimo

173 424 258 486 tertio
277 423 368 503 capite
386 443 402 482 a
420 423 498 482 Loca
516 421 664 494 inseritur,
686 419 735 480 uhi
754 418 833 478 aliam
859 420 1002 482 historiam
1021 422 1131 482 recitat.
1187 423 1219 482 Si
1239 425 1300 502 quie

174 521 271 568 eorum
298 499 462 580 opinionem
482 496 561 576 sequi
583 495 673 569 malit,
706 494 753 574 qui
777 496 885 574 saepius
906 495 1051 556 Christum
1075 498 1170 558 cadem
1187 499 1302 560 iterasse

174 575 309 649 divinam,
328 595 388 634 non
407 574 554 635 admodum
575 593 713 654 repugno.
753 571 836 630 Nunc
854 571 953 644 Lucas,
970 587 1116 652 postquam
1129 573 1300 636 maledictio-

174 673 223 712 nes
243 669 334 728 nuper
353 650 488 730 expositas
507 649 660 722 recensuit,
678 647 792 726 tandem
810 645 961 720 concludit,
980 650 1085 710 scribas
1105 672 1201 712 omnes
1213 653 1300 746 magis

173 727 256 790 tuisse
281 725 396 790 Christo
426 723 559 800 infestos,
597 736 628 784 ut
655 745 767 784 suarum*
795 721 955 798 captionum
979 727 1102 806 aucupiis
1128 727 1246 788 iusidias*
1261 727 1300 788 nti

172 815 282 864 struere
301 823 360 862 nou
380 811 534 862 cessarent:
563 799 639 880 quod
664 801 698 860 ad
717 799 884 890 colloquium
903 798 932 858 iu
952 821 1049 860 mensa
1069 801 1192 865 habitum
1213 804 1299 885 magis

171 877 273 940 referri
299 877 385 938 dehet
409 898 492 956 quam
516 878 552 936 ad
577 873 699 944 ultimam
718 883 898 934 'concionem
956 875 1012 936 Sed
1038 897 1094 958 ego
1119 900 1180 938 non
1206 881 1300 962 magui

171 955 279 1045 reterre
302 953 383 1032 duxi,
411 955 441 1018 iu
468 958 614 1034 tempore,
638 953 713 1034 quod
732 949 914 1034 Evangelirta.
926 951 1061 1034 neglexit,
1088 975 1151 1015 uon
1170 973 1232 1018 esse
1251 976 1300 1018 cu·
1385 951 1386 1020 l

170 1052 287 1094 rrosum.
756 1071 760 1078 ,

256 1293 364 1378 (tet.)
386 1289 524 1360 Mane.
545 1291 615 1356 Xll.
657 1289 708 1354 4Ι.
742 1287 783 1354 Et
805 1311 903 1378 quum
925 1288 1049 1355 sederet
1069 1277 1156 1356 lesus
1179 1312 1218 1356 ex
1240 1292 1301 1356 ad-

171 1415 269 1464 verso
290 1395 525 1484 gazophylacii,
552 1391 715 1482 spectabat
737 1393 903 1478 quomodo
925 1391 1017 1458 turha
1039 1381 1173 1459 mitteret
1192 1417 1245 1460 aes
1263 1397 1301 1472 iu
1385 1461 1386 1478 ,

150 1497 442 1584 agazophylacium.
484 1496 647 1561 Etnruulti
681 1493 796 1559 divites
823 1493 989 1560 mittebant
1017 1497 1123 1562 inulta.
1170 1499 1222 1563 42.
1256 1499 1300 1563 Et
1385 1501 1386 1578 ἶ

170 1603 258 1684 uenit
279 1597 436 1684 quaedam
456 1597 552 1662 vidua
575 1618 705 1684 pauper,
726 1599 872 1682 misitque
894 1593 1012 1662 minuta
1035 1597 1115 1676 duo,
1141 1599 1237 1687 quod.
1252 1609 1300 1664 est
1385 1591 1386 1666 l

117 1715 129 1730 “
170 1699 339 1788 quadrans.
383 1700 435 1766 43.
457 1701 652 1786 Vocatisque
675 1697 773 1766 adse
795 1698 959 1786 discipulis
980 1702 1061 1780 suis,
1083 1702 1173 1780 dixit,
1193 1704 1299 1767 Amen
1385 1765 1386 1782 ,

170 1802 244 1870 dico
266 1799 369 1880 vohis,
391 1801 479 1888 quod
501 1802 580 1890 haec
601 1801 841 1888 ridua'pauper
862 1802 933 1888 plus
954 1804 1036 1866 misit
1056 1823 1150 1888 quam
1173 1824 1298 1881 omnes,
1385 1783 1386 1800 ¹

170 1906 227 1990 qui
248 1907 402 1992 miserunt
420 1906 454 1968 iu
475 1903 745 1990 gazophylacium.
778 1901 830 1972 44.
852 1905 932 1970 Nam
955 1925 1063 1969 omnes
1084 1925 1122 1970 ex
1138 1925 1187 1983 eo,
1203 1906 1296 1991 quod

126 1992 136 2004 ⁸
168 2005 233 2072 illis
254 2005 405 2086 abundat,
426 2008 592 2072 missumst:
624 2006 754 2074 ethaeo
776 2031 794 2072 e
818 2009 950 2091 penuria
971 2029 1041 2086 stra,
1068 2005 1177 2074 ouioia
1198 2029 1296 2096 quae·

169 2129 298 2198 cunque
319 2108 457 2177 babebat
478 2111 571 2188 misit,
592 2118 694 2176 toturn
718 2129 810 2174 suum
831 2112 957 2176 victuro.
1043 2111 1045 2118 ’

253 2315 352 2385 LUC.
375 2317 456 2385 XXI.
501 2317 530 2380 l.
553 2311 694 2381 Sublatis
716 2323 821 2380 autem
843 2313 946 2380 oculis
967 2313 1047 2380 vidit
1067 2335 1132 2392 eos,
1153 2315 1293 2400 quiruit-
1385 2381 1386 2396 χ

165 2417 275 2486 tehant
296 2442 427 2486 munera
449 2441 506 2485 sua
528 2421 562 2482 iu
582 2416 841 2504 gazophylacium
863 2417 987 2486 divites.
1027 2417 1168 2483 avido
1188 2416 1293 2501 auteur
1385 2493 1386 2506 g

167 2523 198 2584 et
219 2521 377 2605 quandam
400 2521 527 2585 viduam
535 2517 773 2606 ,pauperculam
796 2505 965 2584 mittentem
985 2519 1063 2586 illuc
1085 2543 1157 2584 aera
1171 2522 1293 2585 minuta

165 2619 243 2686 duo.
286 2621 317 2686 3.
339 2623 382 2688 Et
405 2621 488 2700 dixit,
509 2623 595 2687 Vere
618 2621 691 2688 dieo
713 2620 818 2696 robis,
841 2621 929 2708 quod
950 2622 1048 2688 vidua
1070 2623 1151 2690 haec
1172 2645 1292 2710 pauper

165 2719 240 2808 plus
269 2717 364 2806 quam
392 2742 502 2787 ornnes
532 2724 647 2790 intulit.
701 2727 742 2812 14.
784 2725 865 2790 Nam
890 2745 999 2794 omnes
1021 2725 1053 2789 hi
1075 2746 1114 2791 ex
1136 2748 1184 2803 eo,
1203 2723 1291 2812 qood

166 2823 245 2912 ipsis
269 2821 427 2900 exuberat,
450 2823 680 2904 intolerantia
702 2825 924 2906 douarioDet:
947 2827 1025 2892 haec
1046 2836 1150 2891 autem
1173 2848 1212 2910 ex
1232 2850 1290 2914 pc·
1385 2819 1386 2832 ¹

163 2927 258 3003 ouria
277 2946 338 2994 aua
359 2925 542 2992 uuiversum
558 2929 684 3014 victum,
706 2926 801 3016 qoem
823 2925 968 3010 habehat,
987 2927 1123 3034 intulit..
1216 2967 1236 3023 ,-

219 3157 307 3218 Marc.
316 3159 364 3220 43.
387 3155 554 3216 Amendae
564 3159 654 3218 vobio.
683 3161 752 3220 Hoc.
764 3159 869 3222 Christi
883 3179 1043 3238 responsum
1059 3153 1210 3224 doctrinam
1222 3173 1284 3214 non

110 3263 112 3266 ’
151 3249 258 3312 imm
277 3225 373 3304 ”illem
393 3233 532 3306 ⁰⁰¹¹ll¹¹0l2
557 3233 688 3314 quicquid
706 3233 834 3298 offerunt
854 3237 980 3298 homiues
997 3235 1074 3306 Deo,
1100 3251 1160 3292 non
1178 3229 1212 3290 ab
1234 3247 1285 3290 ex-

160 3317 244 3367 terno
259 3310 357 3398 pretio
377 3310 529 3384 aestimari,
547 3309 596 3370 sed
615 3323 723 3390 tantum
743 3332 777 3370 ex
797 3313 889 3374 cordis
907 3312 1017 3386 aflectu,
1040 3309 1098 3370 imo
1117 3305 1204 3390 pluris
1224 3327 1285 3368 esse
1385 3353 1386 3362 ,

160 3381 218 3442 ‘3¹¹⁸
236 3395 385 3472 P¹⁸i³l⁶¹¹¹r
404 3387 452 3465 qui
471 3405 525 3465 pro
544 3408 595 3448 suo
615 3387 729 3446 modulo
748 3389 1018 3468 quantulumcunque
1038 3383 1125 3445 hahet
1143 3384 1209 3446 Deo
1228 3383 1281 3442 im-

158 3457 264 3536 Pffldsta
284 3481 365 3538 quam
387 3462 435 3540 qui
455 3463 586 3544 centuplo
625 3463 667 3524 lus
688 3462 775 3524 ossert
794 3483 828 3523 ex
847 3487 895 3525 sua
914 3461 1086 3528 abundantia.
1124 3463 1217 3523 Porro
1231 3457 1284 3518 du-

158 3531 223 3612 plex
242 3547 285 3600 est
303 3533 383 3596 huius
403 3538 548 3599 doctrinae
567 3486 676 3614 utilitas,
695 3560 759 3601 nam
778 3541 917 3604 Dominus
938 3559 991 3622 pau
1012 3539 1129 3616 erculos,
1147 3537 1195 3618 qui
1209 3535 1282 3610 bene

156 3609 258 3748 agendi
281 3609 412 3674 facultate
435 3615 550 3676 destitui
576 3617 719 3690 videntur,
742 3615 846 3678 animat
862 3629 895 3676 ut
913 3639 972 3678 non
992 3563 1121 3678 dubitent
1139 3613 1184 3675 vel
1205 3611 1283 3672 tenui

155 3763 247 3826 miuus
267 3764 389 3846 pretiosa
402 3767 475 3841 erit,
501 3789 571 3847 quae
591 3762 760 3850 inspeciem
779 3769 838 3830 vrlis
857 3782 888 3832 et
906 3770 1006 3831 frivola
1026 3781 1068 3830 est
1086 3789 1191 3830 eorum
1203 3765 1281 3824 obla-

89 3909 92 3914 ,
155 3837 197 3900 llo
245 3863 327 3921 qoam
351 3845 374 3904 si
393 3864 490 3904 omues
511 3844 612 3907 Croesi
630 3847 771 3908 thesauros
789 3843 918 3908 afferant.
975 3847 1101 3922 Rursum
1119 3853 1279 3914 mouentur,
1314 3867 1319 3878 ι
1385 3897 1386 3902 ,

154 3882 254 3995 quibus
280 3917 396 3986 uberlor
415 3920 538 4056 suppetit
552 3923 651 4004 copia,
675 3935 703 3983 et
725 3921 772 4002 qui
791 3923 917 4001 pluribus
935 3921 1015 3984 donis
1040 3919 1192 3994 excellunt,
1219 3935 1280 4006 pon

153 3991 290 4075 sulficere,
309 3995 332 4054 si
350 3995 455 4079 largien
476 4015 502 4070 o,
515 3999 661 4078 gregarios
677 4013 706 4060 et
725 4012 825 4062 tenues
843 4001 928 4082 louge
946 4003 1095 4082 superent:
1115 3996 1177 4076 quia
1190 4011 1280 4052 mrum

153 4077 196 4124 ⁰⁸²
214 4087 309 4128 cmm
328 4071 408 4146 9²0·
427 4069 541 4145 divitem
561 4091 595 4132 ex
613 4093 716 4154 magno
736 4095 837 4136 acervo
857 4075 1029 4147 mediocrem
1050 4077 1186 4136 summam
1208 4087 1279 4130 corr-

152 4135 238 4213 fffler
275 4165 338 4204 ⁰²⁰¹
357 4165 518 4230 pauperem,
536 4145 673 4209 minutum
693 4149 792 4228 aliquid
803 4151 955 4234 erogando,
964 4172 994 4214 se
1004 4149 1158 4212 exhaurite.
1184 4147 1278 4208 Porro

150 4227 208 4268 '¹⁰¹¹
227 4236 265 4302 ΥΠ,
295 4219 348 4278 trit
366 4219 419 4285 luit
436 4221 516 4287 huius
535 4219 634 4294 viduae
651 4223 751 4300 pietas,
776 4247 861 4305 quae,
881 4249 918 4288 uc
937 4249 1023 4290 vacua
1042 4225 1074 4288 io
1092 4235 1277 4304 conspectum

149 4279 266 4346 Dommr
283 4293 499 4370 veniretrictu'
513 4295 633 4374 proprio
651 4318 682 4358 se
700 4299 811 4378 privare
829 4301 942 4377 maluit.
971 4305 1010 4364 Et
1029 4301 1099 4366 haec
1117 4297 1278 4398 simpliciter

192 3687 255 3749 ficio
274 3687 402 3750 alacriter
420 3689 539 3764 studium
558 3715 639 3768 suum
658 3693 766 3753 testari:
785 3695 848 3785 quia
859 3693 883 3754 si
902 3717 931 3754 se
948 3695 1022 3774 ipsos
1034 3701 1212 3764 consecrant,
1224 3707 1282 3748 nou
1346 3739 1350 3758 ,
1384 3709 1386 3780 p
