2796 4774
350 238 433 318 (1³2
452 248 454 310 ἶ
477 237 558 302 letus
577 255 661 322 mprt
679 229 958 318 nare-amhdmal'
1170 231 1210 306 “19

139 392 213 455 tt.
239 388 364 452 'Statim
385 393 527 472 loquutur
547 377 595 451 ert
618 393 714 453 Iesus.
754 391 831 470 Quia
853 377 1102 476 non'agnotcitur
1120 381 1208 455 Chri-

25 525 27 546 ,
90 481 148 530 stus
174 467 320 543 liberator,
348 469 413 529 dum
436 491 471 530 so
491 489 523 528 re
545 468 605 549 ipsa
623 469 725 544 offert,
749 471 839 532 verbo
858 469 893 530 ad
911 470 953 530 sui
971 467 1058 551 ipsius
1076 469 1207 532 notitiam

25 605 26 616 2
89 545 192 605 invitat
209 545 362 626 discipulos.
398 547 491 606 Porro
509 544 652 622 fiduciam,
675 547 710 606 ad
729 559 812 626 mam
829 546 891 608 illos
909 546 1052 622 hortatur,
1073 546 1105 606 in
1122 561 1207 628 prat·-

90 621 181 682 sentia
202 621 244 682 sui
265 622 351 696 locat,
377 621 433 682 acsi
452 619 573 695 diceret,
601 623 754 703 Postquam
773 624 864 704 ipsum
883 623 937 683 sibi
954 623 1051 684 adesse
1069 625 1207 702 sentiunt,

91 697 207 758 solidam
226 697 297 759 bene
314 697 443 779 sperandi
460 697 605 758 materiam
624 699 782 780 suppetere.
806 700 864 760 Sed
883 699 947 780 quia
964 699 1019 760 iam
1039 711 1136 760 terror
1154 719 1207 760 euv-

25 795 26 830 :
91 787 156 832 rum
182 773 283 835 animos
308 786 508 855 occupaverat,
535 773 627 849 illum,
645 797 691 835 ,ue
704 777 847 856 ‘impediat
872 787 904 836 ac
925 787 1056 836 moretur
1077 775 1206 857 ipsorum

90 849 228 924 fiduciam,
248 851 376 933 corrigit:
405 872 467 910 non
486 851 562 930 quod
581 844 659 911 omni
678 864 757 912 metu
775 845 856 912 vacui
874 873 980 932 meram
997 848 1130 912 laetitiam
1147 853 1206 934 spi-

90 947 154 986 rare
169 927 316 1006 potuerint,
336 929 387 988 sed
406 927 470 1008 quia
489 940 605 986 necesse
624 919 686 1002 fuit,
705 941 813 988 metum
832 927 881 1006 qui
898 927 1088 1008 praevaluerat
1106 930 1206 1002 sedari,

89 1022 128 1061 ne
151 1001 271 1064 fiduciam
297 1005 443 1064 obmcret
488 1002 663 1062 astartem
685 1001 814 1084 leprobia'
836 1004 984 1064 mortifera
1007 1014 1051 1062 est
1068 1023 1124 1064 vox
1143 1003 1207 1066 Filii

88 1078 143 1138 Dei
160 1092 187 1140 et
204 1080 337 1142 terribilis
354 1077 522 1172 praeseutia,
540 1072 627 1158 longe
645 1071 770 1139 diversus
789 1091 884 1140 earum
904 1097 970 1160 erga
981 1077 1075 1138 fideles
1088 1079 1207 1141 ellectu

87 1151 131 1214 hic
149 1156 227 1216 nobis
247 1157 429 1230 describatur,
448 1175 514 1214 nem
537 1167 602 1214 eut
620 1154 738 1235 palmam
758 1155 789 1214 in
809 1150 940 1214 cordibus
958 1152 1063 1214 nostris
1082 1155 1208 1214 obtineat

103 1252 134 1290 ax
151 1232 297 1308 interior,
312 1245 341 1292 et
360 1231 486 1292 animosa
504 1176 617 1306 (iducis,
640 1251 678 1290 nc
698 1231 788 1290 carnis
806 1229 955 1292 timoribus
974 1229 1112 1290 cedamus.
1151 1233 1209 1292 Sed

84 1251 147 1368 binc
171 1310 253 1370 coeci
278 1329 313 1368 ac
336 1303 504 1390 praecipites
527 1307 663 1368 tumultus
686 1326 740 1366 nos
763 1306 944 1388 perturbant,
1013 1307 1036 1366 'a
1055 1306 1161 1388 ingrati
1180 1319 1209 1368 et

27 1401 28 1406 ’
84 1384 194 1467 maligni
211 1407 275 1444 non
295 1383 466 1465 opponimus
482 1403 535 1464 pro
556 1382 660 1474 clypeis
676 1383 823 1444 innumera
836 1374 890 1442 Dei
907 1381 980 1444 bene
1000 1377 1050 1457 cia,
1070 1382 1209 1463 quaerite

85 1481 200 1541 expensa
219 1463 256 1522 ad
278 1479 334 1520 nos
353 1457 509 1520 fulciendos
527 1459 700 1520 sufficereut.
743 1460 804 1534 Etsi
825 1460 919 1519 autem
937 1465 1138 1542 opportunum¹
1149 1469 1210 1520 crat

26 1596 30 1612 μ
85 1536 190 1597 ferendi
208 1536 382 1597 auxiliitem
403 1551 445 1609 us,
463 1551 548 1615 quum
567 1537 695 1618 apparuit
714 1531 851 1612 Christus,
871 1556 931 1596 non
949 1548 1043 1596 tamen
1059 1549 1126 1596 tnox
1146 1559 1209 1598 cer-

84 1613 151 1672 savit
172 1613 351 1695 tempestas,¹
389 1632 461 1672 onec
480 1611 578 1673 melius
598 1613 822 1706 expergefierent
840 1603 976 1694 discipuli
989 1617 1049 1672 tum
1068 1614 1103 1674 ad
1122 1635 1209 1694 eupe-¹

84 1692 201 1767 tendam,
220 1701 287 1762 tum
306 1689 340 1749 ad
360 1687 521 1770 sperandam
542 1685 601 1750 eius
620 1703 745 1770 gratiam
770 1692 865 1769 Atque
882 1688 911 1748 id
929 1691 1085 1750 notandum
1105 1701 1157 1764 est,
1175 1700 1209 1748 ut

84 1765 213 1841 sciamus,
242 1783 304 1826 uon
327 1760 432 1904 absque
456 1780 536 1827 catatu
560 1759 716 1827 Dominum
739 1754 905 1847 plerumque
934 1765 1051 1827 differre
1073 1779 1156 1847 quarn
1177 1765 1209 1826 in

83 1861 165 1902 mauu
183 1865 234 1904 sua
252 1839 339 1903 habet
357 1847 483 1902 sautenn
597 1865 598 1868 ¹
723 1909 726 1916 ,
933 1907 937 1916 ,
1248 1887 1251 1896 .

155 1923 203 1984 28.
241 1917 430 2000 &spem
449 1920 567 1980 Petrus.
613 1909 748 1982 Conditio
768 1919 851 2004 quatit
869 1917 952 2001 ponit
971 1908 1098 1981 nondum
1117 1919 1209 1982 matra

84 2015 142 2056 ram
162 2017 221 2056 esse
242 1997 301 2056 eius
321 1996 404 2058 fidem
423 2005 553 2056 testatur:
577 1994 609 2057 Si
627 2008 659 2056 tu
679 2018 717 2070 es,
737 1997 836 2078 inquit,
856 1997 922 2058 iube
942 2017 988 2057 me
1006 1997 1112 2058 venire.
1151 1997 1209 2057 Aa.

30 2116 34 2149 ,
85 2071 133 2150 qui
149 2069 314 2152 loquentem
336 2073 462 2132 audierat
481 2073 639 2133 Christum:
668 2093 719 2133 cur
739 2094 809 2155 ergo
828 2073 928 2134 dubius
948 2085 1014 2153 etp
1066 2074 1143 2134 lexus
1162 2093 1210 2134 su·
1253 2103 1256 2106 ·

28 2152 33 2253 p
87 2167 150 2207 curn
174 2151 263 2209 adhuc
288 2147 440 2242 disceptat?
487 2149 523 2208 In
545 2149 601 2208 fide
625 2169 696 2209 vero
718 2161 777 2210 tam
801 2151 901 2230 exigua
924 2161 955 2209 et
975 2149 1063 2208 debir
1085 2149 1210 2226 erumpit

84 2245 181 2304 parum
201 2226 369 2286 considerata
389 2225 452 2286 voti
473 2226 570 2287 ardor:
599 2225 736 2284 debuerat
755 2224 829 2283 enim
849 2245 900 2285 suo
919 2224 1034 2284 modulo
1055 2245 1086 2284 se
1106 2223 1210 2298 metiri,

28 2324 33 2381 ς
86 2312 115 2360 et
133 2301 229 2380 potius
249 2323 266 2362 a
288 2302 403 2364 Christo
424 2312 522 2381 petere
541 2299 606 2359 fidei
624 2301 845 2371 incrementum,
869 2310 902 2358 ut
922 2300 1044 2358 caduce
1065 2310 1094 2360 et
1111 2299 1211 2358 mode-

84 2377 187 2438 ratrice
207 2377 294 2444 maria
314 2380 429 2441 tandem
440 2388 479 2450 ,et
496 2385 610 2440 montes
628 2375 854 2437 transcenderet:
882 2381 1048 2434 narhc'vero
1067 2374 1128 2434 siue
1146 2372 1212 2433 fidei

82 2453 129 2513 alis
154 2466 267 2514 temere
289 2453 386 2516 volare
413 2452 503 2532 cupit,
532 2461 561 2510 et
584 2471 670 2528 quum
695 2449 725 2508 in
749 2449 807 2508 eius
828 2449 914 2510 corde
932 2449 1032 2508 iustam
1050 2447 1211 2512 firmitatem

80 2549 141 2593 non
166 2529 272 2588 habeat
293 2551 352 2598 vor
373 2526 495 2599 Christi,
525 2545 609 2604 aquas
633 2524 686 2602 suh
709 2521 827 2604 pedibus
851 2523 906 2584 suis
926 2523 1026 2586 solidas
1043 2525 1104 2586 fieri
1123 2549 1157 2587 cu
1179 2523 1209 2586 it.

26 2618 29 2712 q
79 2606 187 2686 Neque
212 2614 308 2670 nmen
329 2603 447 2662 dubium
471 2613 527 2676 est,
559 2599 627 2680 quin
647 2621 681 2660 er
699 2601 779 2660 bono
796 2599 937 2682 principio
956 2611 1037 2674 naus
1057 2603 1144 2664 fucrit
1158 2548 1209 2664 lte

79 2679 298 2752 affectusfsed,
312 2679 376 2758 quia
393 2678 424 2738 iu
444 2678 576 2740 vitiosum
595 2687 738 2740 excessum
757 2679 923 2769 degenerat,
945 2679 1079 2742 bonitatis
1099 2680 1209 2748 laudem

27 2788 31 2841 p
80 2755 198 2818 amittit
219 2755 315 2815 ”Hinc
333 2755 365 2814 fit
385 2754 480 2830 etiam,
500 2766 532 2816 ut
550 2755 643 2814 statim
661 2753 826 2816 temeritates
845 2757 910 2823 siue
927 2775 1032 2838 poenas
1050 2758 1116 2819 dare
1135 2757 1209 2820 iuci-

81 2835 141 2916 piat
160 2835 273 2893 Petrus.
319 2831 415 2907 Quare
434 2831 527 2892 fideles
549 2829 605 2892 hoc
625 2827 753 2912 exemplo
766 2833 866 2894 edocti
890 2853 906 2904 a
925 2829 1010 2894 nimia
1028 2825 1210 2896 festinatione

84 2919 213 2972 caveant.
253 2908 435 2988 Quocunque
454 2919 538 2968 vocat
548 2908 689 2974 Dominus
706 2921 823 2969 strenue
842 2907 1010 2972 currendum
1031 2915 1081 2984 est,
1100 2913 1151 2970 sed
1162 2911 1210 2988 qui

83 2987 154 3048 ultra
194 3007 281 3069 rogre
301 2987 369 3060 itur,
389 2987 501 3046 tandem
519 2984 642 3048 infausto
662 2997 768 3046 eventu
785 2985 897 3060 sentiet,
917 2987 983 3066 quid
1002 2985 1038 3045 sit
1055 2987 1126 3048 fines
1143 2999 1217 3061 s'uo'a=

84 3007 232 3124 transilire.
309 3059 386 3122 uacri
408 3073 503 3122 tamen
528 3073 637 3198 potest,
668 3083 719 3120 cur
742 3061 831 3122 Petri·
844 3074 914 3122 roto
938 3068 1044 3122 annuat
1066 3055 1209 3122 Christus:

83 3160 147 3200 nam
166 3139 280 3199 uidetur
318 3159 353 3198 oc
371 3140 458 3198 modo
478 3159 529 3218 pro
551 3159 607 3204 ara.
646 3131 704 3197 s'ed
720 3134 751 3198 in
762 3150 909 3274 promptu
923 3149 966 3199 est
981 3131 1095 3210 solutio,
1114 3139 1210 3197 Deum

83 3216 250 3296 plerumque
269 3213 355 3289 nobis,
371 3213 468 3274 melius
487 3213 650 3295 prospicere
670 3233 761 3296 negan
781 3237 799 3274 o
819 3234 889 3306 quac
906 3215 1040 3294 petimus:
1060 3212 1208 3294 aliquando

25 3353 26 3368 ,
83 3303 176 3352 autem
203 3291 286 3352 nobis
313 3311 374 3351 esse
398 3289 521 3364 facilem,
551 3300 584 3348 ut
607 3289 666 3368 ipsa
683 3292 855 3371 experientia
874 3289 1006 3350 stultitiae
1024 3301 1137 3351 nostrae
1156 3308 1209 3352 nos

82 3367 180 3428 melius
208 3364 367 3430 convincat.
412 3367 461 3428 sic
480 3367 613 3447 quotidie
625 3365 718 3426 fideles
737 3389 814 3441 suos,
840 3364 918 3428 dunt*
945 3365 986 3426 lus
1007 3365 1059 3429 illis
1078 3369 1211 3430 eunome

25 3505 26 3508 ,
103 3465 166 3504 uam
190 3445 331 3524 expediat,
359 3439 389 3504 in
413 3442 540 3508 futurum
562 3453 673 3522 tempus
696 3443 817 3506 instituit
839 3443 873 3512 ad
896 3389 1079 3506 sobrietatem
1097 3456 1127 3506 et
1145 3458 1209 3526 moe*
1253 3469 1255 3474 ·
1300 3487 1303 3493 ι

25 3567 26 3596 ,
84 3465 214 3580 destiam:
247 3519 316 3580 adde
340 3519 416 3600 quod
440 3519 528 3580 Petro
553 3529 583 3578 et
607 3516 731 3600 reliquis,
744 3517 800 3582 hoc
823 3515 944 3600 proluit,
967 3519 1106 3602 hodieque
1125 3521 1221 3582 nobis

82 3597 209 3676 prodest.
247 3595 429 3657 Luculentius
447 3594 620 3676 resplenduit
637 3596 725 3655 virtus
737 3593 843 3657 Christi
861 3592 891 3654 in
901 3592 979 3658 Petri
991 3615 1120 3676 persona,
1141 3601 1209 3658 duna

85 3671 137 3732 sibi
165 3693 233 3734 eum
261 3670 395 3736 comitem
422 3663 571 3756 adiungit,¹
593 3693 675 3751 quam
703 3672 727 3732 si
751 3671 827 3734 solus
851 3670 910 3753 ipsc
934 3673 1102 3757 ambulasset
1123 3695 1209 3808 super
1315 3717 1320 3736 .

84 3770 99 3808 a
117 3771 178 3811 uas:
218 3749 326 3810 interea
350 3748 499 3832 cognoscit
520 3751 634 3822 Petrus,
659 3759 688 3810 et
708 3747 752 3810 alii
771 3747 860 3832 palam
880 3757 1015 3826 cernunt,
1058 3752 1102 3810 uia
1121 3749 1208 3826 suida

84 3769 137 3885 tle
155 3847 217 3886 non
236 3825 340 3887 residet
358 3847 413 3886 nec
432 3824 572 3906 recumbit
590 3823 621 3883 iu
640 3824 729 3885 terbo
749 3821 877 3900 Domini,
896 3845 1024 3906 arcanam
1038 3771 1099 3888 laet
1117 3823 1208 3884 virtu-

84 3911 154 3977 tem,
180 3923 251 3981 quac
274 3901 351 3983 ptius
375 3921 458 3982 aquus
481 3899 796 3974 solidabat-diffluere:
827 3923 891 3962 cum
916 3925 951 3964 eo
970 3911 1065 3964 umen
1082 3898 1207 3978 henigne

85 3979 143 4060 egit
153 3976 302 4052 Christus„
312 3977 388 4058 quod
409 3997 470 4038 non
487 4000 582 4058 passus
603 3985 645 4038 est
662 3973 774 4058 penitus
788 3979 940 4072 submergi.
971 3983 1084 4050 Honun
1097 3984 1207 4060 ιιῑτιιιιι·Ι

85 4075 138 4132 que
158 4052 242 4115 nobis
262 4051 415 4136 contingit:
434 4075 499 4112 narn
518 4051 600 4114 sicuti
610 4055 720 4128 Petrus,
739 4055 853 4115 simulac
871 4055 976 4115 timore
991 4060 1138 4128 correptus
1155 4051 1207 4120 esi,

85 4129 228 4215 submergi
254 4130 364 4211 coepit,
390 4129 430 4192 sic
453 4130 545 4190 fluxae
571 4142 601 4192 et
620 4131 753 4192 evanidac
773 4129 863 4194 carnis
882 4152 917 4192 co
940 4127 1068 4188 itationes
1088 4122 1207 4184 subinde
1308 4165 1312 4178 f

84 4203 199 4284 iaciunt,
218 4216 252 4266 nt
270 4207 301 4266 in
319 4195 413 4268 medio
432 4207 617 4288 negotiorum
625 4227 718 4286 parsu
734 4227 905 4288 mergamur.
919 4206 1046 4279 ¹Interea
1066 4197 1206 4262 Dominus

84 4283 195 4347 veniam
212 4286 261 4348 dat
278 4294 392 4350 nosbae
410 4279 576 4362 infirmitati,
600 4301 770 4398 quumque
787 4279 924 4361 porrigit,
943 4290 981 4332 ne
992 4287 1086 4352 aquae
1105 4291 1158 4334 nos
1176 4274 1208 4332 in

608 4407 613 4436 ,
1107 4408 1118 4416 ,.
