2790 4764
170 233 213 296 m
398 231 510 294 SEGT.
529 229 610 298 xlv.
647 215 818 344 sutirum
836 247 878 306 nr
899 203 1073 297 sermones

172 358 234 474 tel,
258 381 504 524 &urpsssesterpttc
528 383 666 522 epompio.
710 383 875 524 {periodum
886 384 973 479 ‘pune
995 404 1108 482 penspm
1129 405 1192 481 non
1210 369 1301 469 nego,

173 481 241 598 tt?
252 463 1302 623 tttttrattattttinttttltts?stitttttil

173 633 251 703 mus,
269 611 352 703 fidem
371 634 483 696 semper
502 636 536 675 en
553 614 609 676 Dei
627 614 718 676 verbo
736 614 814 676 nasci
832 626 862 676 et
880 615 1050 704 principium
1070 637 1151 678 suum
1172 637 1206 677 ex
1224 615 1306 676 veris
1381 629 1382 668 f

174 689 343 754 rudimentis
358 689 477 765 habere,
495 700 528 750 ut
546 709 658 770 semper
675 691 710 750 ad
728 688 846 826 *hilm
864 691 999 759 scientiae
1017 691 1110 756 lucem
1128 712 1236 756 annexa
1254 690 1303 752 sit.
1377 685 1382 744 l

181 759 186 778 ¹
251 765 298 825 23.
328 766 385 825 Ille
402 787 469 824 oero
487 787 545 825 non
563 769 720 845 respondit.
782 767 846 828 ariis
865 767 955 828 modis
974 768 1059 832 fidem
1079 767 1160 836 huius
1178 767 1305 830 feminae

174 839 371 930 Evangelistae
393 843 607 917 commendant,
637 843 729 906 sieuti'
743 861 822 904 nunc
844 837 880 904 ‘ah
902 843 1006 906 invicta
1032 845 1201 906 constantia:
1233 865 1305 904 nam

175 938 262 1057 guum
280 914 422 978 srlentimn
434 917 696 1010 Christigquoddam
716 929 790 981 esset
808 919 935 1002 repulsae
952 939 1051 1002 genus,
1071 921 1123 982 hac
1141 919 1307 982 tentatione

196 993 313 1058 eiectam
330 1012 396 1062 nors
411 993 498 1059 fuisse
514 1015 617 1056 minam
637 1008 692 1058 est:
722 996 865 1058 assiduitas
887 1007 981 1060 autem
1005 997 1139 1077 precandi
1165 1003 1307 1080 pertere-

175 1070 284 1132 rantiae
306 1069 387 1132 testis
402 1069 472 1132 'suit
511 1071 632 1132 Videtur
648 1083 746 1134 tamen·
763 1072 820 1134 hoc
835 1073 906 1133 fidei·
925 1085 954 1134 et
977 1072 1166 1145 invocationis
1184 1084 1307 1133 naturae

176 1165 238 1220 esse
252 1145 434 1222 contrarium
454 1145 571 1229 qualiter
585 1169 646 1210 eam
659 1148 760 1212 Paulus
779 1149 913 1212 describit
932 1150 967 1210 ad
980 1151 1065 1210 Rom.
1081 1153 1127 1222 10,
1148 1152 1212 1224 14.,’
1242 1150 1307 1210 uod

175 1221 284 1288 seilicet
305 1239 398 1285 nemo'
416 1223 471 1292 rite
494 1225 604 1306 precari
627 1237 711 1306 queat
734 1225 789 1287 nisi
815 1236 970 1307 praeeunte
991 1225 1082 1296 verbo
1106 1226 1171 1286 Dei.
1223 1169 1307 1315 buis

176 1321 209 1364 er
229 1321 248 1362 ο
267 1299 413 1362 mulierem
430 1288 503 1362 Bane
521 1300 577 1365 lide
595 1303 829 1384 praeditamesse
846 1303 921 1364 dicet
963 1321 1034 1386 quae
1051 1311 1164 1362 tacente
1183 1299 1307 1364 Christo

110 1419 117 1432 ι
175 1321 304 1442 nisum
324 1395 357 1442 ex
377 1396 460 1438 sensu
479 1395 532 1460 pro
555 1377 597 1438 rio
616 1378 723 1460 spirati-
745 1378 806 1440 Sed
821 1399 908 1460 quum
925 1345 1052 1451 litaniam
1071 1377 1202 1459 loquatur
1215 1377 1306 1438 etri>-

177 1465 236 1514 stus
256 1463 286 1514 et
302 1463 407 1534 taceat,
430 1464 519 1514 notan
538 1474 586 1512 um
610 1466 668 1529 est,
690 1453 815 1534 quamvis
831 1466 901 1532 tnnc
919 1455 1107 1541 supprimeret
1126 1451 1184 1514 oris
1204 1453 1304 1528 verba,

175 1529 253 1591 intus
270 1538 366 1588 tamen
385 1525 532 1608 loqmrtum
552 1549 613 1592 esse
632 1529 755 1592 mulieris
771 1530 880 1608 animo,
898 1530 994 1614 itaque
1011 1541 1143 1594 meantum
1161 1529 1236 1598 hume
1254 1529 1307 1590 in-

175 1605 310 1666 stinctum
333 1613 466 1668 externae
487 1603 702 1688 praedicationis
724 1607 787 1668 viee
811 1605 920 1668 luisses
951 1608 1035 1670 Adde
1056 1608 1133 1688 quod
1155 1625 1240 1686 quum
1266 1625 1304 1667 er

176 1679 273 1742 auditu
290 1679 355 1740 fidei
376 1689 441 1740 nata
460 1691 533 1742 esset
552 1681 612 1743 eius
629 1682 769 1766 precatio,
795 1681 920 1764 quamvis
939 1703 1001 1744 non
1019 1683 1112 1744 statim
1131 1682 1304 1773 respondeat
1381 1677 1382 1732 l

79 1815 83 1824 .
176 1757 315 1830 Christum,
335 1767 447 1838 semper
463 1767 559 1818 tamen
576 1769 691 1822 resonat
703 1757 832 1819 doctrina
845 1758 889 1818 illa
902 1779 985 1837 (ιιιιιιι
999 1757 1088 1821 semel
1100 1759 1205 1836 didicit,
1224 1759 1304 1838 quod

176 1833 305 1898 Christus
324 1831 469 1894 advenerit
485 1833 669 1916 Redemptor.
690 1835 752 1894 ‘Ita
770 1839 853 1918 saepe
871 1834 1012 1894 Dominus
1029 1833 1124 1898 fideles
1143 1857 1210 1897 suos
1230 1833 1303 1894 allo·
1381 1839 1382 1872 ³

175 1910 271 1993 quitur
295 1919 325 1972 et
346 1907 428 1969 simul
449 1919 538 1974 uest:
565 1930 632 1970 nam
650 1909 813 1989 scripturae
835 1909 1005 1970 testimoniis
1027 1909 1108 1983 freti,
1135 1909 1184 1970 uhi
1206 1911 1302 1992 ipsum
1381 1917 1382 1926 ’

175 1985 293 2047 audiunt
309 1983 481 2071 loquentem,
499 1984 551 2047 sibi
570 1993 630 2046 no'n
648 1984 778 2047 dubitant
815 1984 1040 2070 rapidum-iore,
1063 1992 1204 2047 ettamen
1222 1987 1302 2048 votis

177 2083 277 2126 eorum
297 2071 326 2124 et
353 2059 474 2131 'necibus
493 2081 552 2127 non
572 2007 851 2143 statimresponslet‚
898 2061 947 2120 uin
965 2061 1060 2144 potius
1078 2081 1110 2120 se
1126 2061 1223 2122 audire
1242 2063 1302 2123 dis-

175 2138 295 2222 simulat.
334 2081 469 2204 *litemus
494 2139 578 2224 ergo,
604 2137 744 2230 quodnam
766 2137 852 2200 iuuerit
870 2083 985 2200 (lirino
1008 2135 1156 2198 eonsilium
1177 2138 1302 2212 tacendi,

175 2223 237 2278 non
255 2227 290 2276 ut
307 2214 390 2276 fidem
408 2213 530 2276 mulieris
550 2225 751 2298 exstingueret,
765 2214 826 2288 'sed
849 2213 942 2296 potius
964 2224 998 2273 ut
1016 2223 1141 2298 asperet¹
1154 2213 1213 2273 eius
1237 2225 1302 2273 stu·
1381 2253 1382 2256 ,

176 2293 264 2369 dium,
283 2303 313 2354 et
331 2291 498 2354 accenderet
516 2290 668 2352 fervorem.
708 2290 820 2426 guodsi
839 2291 969 2372 exiguum
989 2288 1133 2349 doctrinae
1152 2309 1249 2350 semen
1268 2288 1308 2361 in
1356 2338 1359 2346 .
1381 2331 1382 2336 ι

178 2369 326 2432 Cananaea
344 2373 401 2431 tam
419 2367 537 2447 uberem
556 2365 710 2428 fructumt
740 2366 770 2441 it
789 2365 857 2427 nihil
875 2365 967 2427 minus
985 2367 1067 2426 decet
1080 2385 1163 2445 quam
1180 2385 1233 2425 nos
1247 2365 1310 2426 de-.
1381 2373 1382 2422 3

174 2446 276 2524 ficere,
300 2445 324 2506 si
343 2444 454 2525 quando
473 2464 527 2506 nos
546 2443 699 2524 suspendit,
718 2463 772 2504 nec
790 2442 883 2504 statim
900 2443 1028 2502 humano
1042 2441 1302 2525 responsodigna-
1381 2457 1382 2474 ¹

175 2533 244 2582 turc
271 2523 411 2583 Amenda
428 2541 503 2584 eam.
534 2501 620 2581 :Nihil
637 2520 667 2581 in
687 2518 745 2580 eius
762 2519 879 2602 gratiam
897 2525 998 2603 petunt
1016 2515 1150 2612 discipuli
1169 2518 1218 2578 sed
1235 2517 1301 2598 quia
1340 2515 1344 2530 '

174 2596 229 2658 illis
248 2597 366 2658 molesta
385 2608 428 2657 est
445 2597 655 2676 importunitas,
682 2595 784 2656 dimitti
802 2595 901 2676 quovis
919 2595 1005 2656 modo
1024 2605 1150 2684 eupiunt.
1196 2594 1300 2655 Caete-
1381 2619 1382 2624 ¹

176 2683 242 2750 rum
260 2671 367 2752 puerile
386 2671 554 2754 figmentum
572 2672 634 2748 fuir,
653 2673 729 2752 quod
747 2671 802 2733 hoc
818 2683 1076 2753 'praetextu‘conatt
1092 2681 1159 2730 sunt
1171 2670 1300 2750 Papistae'

109 2791 111 2796 ·
175 2749 314 2820 sanctos,
338 2746 385 2824 qui
404 2747 511 2808 mortui
529 2759 609 2828 sunt,
631 2747 714 2807 nobis
733 2747 869 2808 inducere
885 2759 1033 2829 patronos:
1058 2764 1123 2806 nam
1142 2758 1175 2806 ut
1193 2746 1299 2819 demus*

175 2817 249 2900 hanc
274 2821 407 2882 feminam
429 2821 543 2902 petiisse
562 2845 578 2882 a
602 2822 743 2900 discipulis
766 2821 868 2901 aliquid
890 2821 1099 2907 suffragationis
1122 2822 1169 2883 vel
1193 2821 1300 2904 gratiae
1381 2843 1382 2876 1

176 2897 275 2982 (mind
294 2907 387 2958 tamen
407 2918 443 2968 es
459 2907 594 2960 contextu
611 2896 674 2959 elici
692 2901 758 2962 non'
771 2900 898 2978 potest),
922 2898 975 2962 alia
992 2905 1087 2959 tamen
1107 2911 1149 2959 est
1168 2901 1300 2958 mortuo-

130 3017 134 3025 ι
175 2997 243 3039 runt
262 2973 335 3037 ratio
358 2995 441 3056 quam
463 2973 602 3034 vivorum
646 2973 728 3034 Adde
746 2974 823 3054 quod
842 2973 984 3036 fastidiose
1003 2995 1064 3036 eam
1082 2975 1198 3035 audiunt
1216 2973 1300 3034 disci·
1381 2995 1382 2998 ¹

174 3053 244 3138 puli,
264 3065 348 3134 atque
367 3063 400 3112 ut
418 3049 526 3136 animus
543 3049 594 3112 illis
613 3048 699 3112 luerit
716 3049 874 3132 patrocinio
892 3071 945 3112 suo
967 3071 1028 3112 eam
1046 3049 1235 3161 levaregpiiril
1254 3063 1300 3112 ta-

175 3148 244 3192 men
262 3129 421 3212 impetrant.
690 3189 692 3194 ,
773 3173 776 3179 .
880 3153 886 3156 -
1151 3135 1218 3204 sss·
1381 3161 1382 3164 ¹

253 3207 301 3268 24.
330 3205 398 3266 Non
415 3224 481 3264 sum
499 3205 618 3264 missus.
640 3197 752 3272 mettis
764 3223 874 3264 causam
886 3203 1039 3287 Apostolis,
1059 3223 1110 3265 cur
1124 3203 1300 3266 cananaeam
1381 3267 1382 3278 χ

175 3301 239 3341 non
254 3281 392 3358 exaudiat,
412 3281 476 3366 quia
488 3279 557 3341 velit
569 3280 679 3342 Iudaeis
697 3301 727 3341 se
745 3291 848 3340 totum*
856 3282 1027 3362 impendere,
1047 3280 1146 3360 quihus
1164 3279 1230 3340 solis
1248 3281 1300 3339 de·
1381 3295 1382 3336 ι

177 3355 295 3418 stinatus
315 3370 375 3420 erat
393 3358 503 3418 divinae
522 3357 629 3440 gratiae
647 3355 782 3418 minister.
820 3359 897 3440 Ergo
917 3357 1102 3418 avocatione
1121 3367 1151 3416 et
1168 3356 1299 3416 mandato
1381 3405 1382 3408 ,

176 3429 268 3498 Patris
286 3435 392 3514 arguit,
410 3431 481 3494 nibil
498 3454 560 3495 esse
578 3433 715 3496 extraneis
727 3431 825 3496 auxilii
837 3434 1045 3514 praestandum:
1070 3453 1130 3494 non
1143 3433 1219 3514 quod
1232 3440 1300 3512 per'-
1381 3457 1382 3498 ι

177 3519 266 3596 petuo
285 3508 392 3570 inclusa
411 3509 496 3570 suerit
516 3509 622 3572 Christi
643 3510 731 3570 virtus
749 3510 823 3570 intra
842 3523 898 3570 tam
918 3522 1052 3592 angustos
1069 3509 1148 3584 lines,
1168 3509 1217 3569 sed
1235 3508 1300 3598 quia
1381 3573 1382 3578 η

179 3585 219 3646 sic
238 3583 502 3678 ferebattemporis
520 3587 604 3660 ratio,
627 3597 662 3646 ut
678 3585 790 3655 initium
815 3585 919 3648 faciens
938 3609 954 3646 a
974 3584 1082 3646 ludae'Is
1101 3606 1132 3645 se
1154 3595 1224 3644 tune
1247 3583 1299 3646 dtis

178 3659 355 3747 peculiariter
373 3654 522 3722 addiceret.
551 3663 624 3723 Nam
645 3673 678 3722 ut
695 3662 800 3722 dictum
820 3662 874 3722 tuit
892 3684 953 3745 cap.
967 3666 1102 3744 lils'non
1121 3671 1186 3722 ante
1204 3682 1300 3721 reserr-

179 3737 337 3800 rectionem
360 3737 457 3814 diruta
474 3737 529 3798 fuit
551 3739 686 3814 maceria,
709 3749 745 3806 ut
764 3761 862 3821 pacem
885 3739 1064 3800 annuntiaret
1089 3737 1216 3798 Christus
1239 3737 1298 3828 ipse
1373 3771 1382 3806 ‚2

113 3879 118 3895 ,
179 3815 312 3900 gentibus
337 3834 354 3876 a
375 3834 468 3896 regno
491 3815 548 3876 Dei
571 3813 675 3900 alienis.
722 3816 793 3877 Ideo
813 3827 889 3876 ,tunc
912 3817 1024 3876 vetabat
1045 3813 1202 3916 Apostolos
1224 3813 1299 3887 athi,
1381 3875 1382 3878 ,

153 3886 160 3934 l
180 3911 263 3972 quam
281 3891 312 3950 in
330 3891 572 3970 Iudaeaprirnum
588 3891 734 3952 doctrinae
752 3912 849 3952 semen
869 3911 1009 3975 spargere.
1054 3895 1131 3952 lere
1154 3891 1164 3963 i
1187 3891 1243 3950 itur
1268 3907 1299 3949 se

180 3971 294 4028 missum
312 3966 369 4028 hoc
387 3965 452 4032 loco
471 3979 557 4050 negat
574 3967 628 4028 nisi
646 3969 680 4028 ad
699 3966 774 4028 solos
792 3969 918 4043 Iudaeos,
938 3970 1028 4030 donec
1047 3989 1097 4030 suo
1116 3911 1229 4028 tandem
1250 3986 1299 4024 or·
1381 3997 1382 4006 ι

181 4043 247 4106 dine
265 4045 366 4128 gentes
387 4063 500 4126 quoque
518 4043 710 4115 succederent.
748 4046 841 4104 Porro
859 4067 927 4104 oses
945 4046 1048 4103 domm
1066 4044 1166 4103 Israel
1181 4065 1215 4124 ap
1237 4041 1300 4102 ellat
1381 4057 1382 4060 ’

12 4189 14 4204 ᾗ
181 4129 242 4178 non
260 4119 335 4182 solos
355 4119 468 4196 electos,
486 4120 537 4182 sed
555 4119 713 4201 quicunque
732 4139 823 4201 genus
840 4142 856 4181 a
875 4121 975 4182 sanctis
986 4121 1119 4191 Patribus
1137 4065 1297 4180 trahelant:
1375 4140 1378 4148 ’

12 4209 14 4256 l
171 4195 245 4270 ‘quia
274 4216 372 4258 omnes
400 4196 560 4278 complexus
587 4194 679 4256 fuerat
704 4195 843 4257 Dominus
871 4197 901 4258 in
928 4195 1058 4271 foedere,
1088 4207 1127 4257 et
1140 4196 1299 4276 promiscue
1381 4191 1382 4248 Τ

174 4266 320 4330 'omnmut
336 4273 512 4358 Redemptor
539 4272 691 4356 promissus
719 4269 792 4346 eiat,
821 4273 904 4344 sicuti
932 4273 1013 4335 etiam
1041 4273 1103 4334 sine
1131 4272 1299 4352 exceptione
1381 4285 1382 4296 ¹

170 4341 314 4414 *Omnibus
335 4371 366 4411 se
388 4349 521 4433 patefecit
543 4371 577 4413 ae
600 4349 711 4413 obtulit
759 4350 828 4414 Hoc
850 4371 963 4434 quoque
985 4361 1086 4426 notatu
1106 4348 1223 4436 (ἱίςιιιιιι
1245 4361 1298 4424 est,
1381 4429 1382 4434 ἵ

43 4481 135 4514 (m
