2830 4772
429 219 433 238 '
507 208 509 213 ’
539 232 664 282 curum
681 221 860 280 variorum.
908 233 914 260 ν
1211 217 1268 283 nm

87 409 98 426 ι
141 365 413 456 Evangelii'exordia
424 365 593 433 ser'ristos
612 365 673 430 es'ae
692 365 802 430 mentiti
820 377 897 428 suut:
910 367 1271 430 nencmronrbindesal.

140 471 188 512 eos
204 452 338 511 doctores
358 445 515 507 esurituros
535 446 697 519 denuntiat,-
709 443 756 525 qui
774 465 867 504 sanam
878 443 1040 504 doctrinam
1048 445 1191 507 erroribus
1202 467 1269 508 cor-

140 536 288 606 rumpent,
312 523 544 603 quemadmodum
564 523 650 582 docet
669 524 770 581 Petrus
789 521 827 595 (1.
840 523 922 601 ep.2,
941 522 999 596 8),
1023 521 1177 584 Ecclesiam
1200 521 1269 596 buic

141 602 217 662 malo
239 619 299 660 nou
316 599 409 660 minus
428 597 489 659 sore
509 598 659 664 obnoxiam
678 597 729 657 sub
748 595 903 680 Evangelio
923 616 1005 732 qnam
1025 597 1091 658 olim
1110 598 1163 660 sub
1178 599 1268 681 Lege.

143 677 242 754 Quare
265 696 324 736 non
356 686 399 736 est
418 673 492 756 quod
512 695 622 736 errores
643 685 673 734 et
690 673 831 754 quaelibet
847 671 949 732 diaboi
968 673 1089 735 fallaciae
1107 697 1140 738 ac
1158 674 1269 756 pietatis

142 751 318 834 corruptelae
336 751 395 836 pias
414 762 522 812 meotes
541 749 722 810 labefactent:
741 749 816 887 -qnia
839 769 923 808 nemo
942 747 972 808 in
992 749 1105 814 Christo
1126 751 1181 812 rite
1200 750 1268 810 sun.

141 830 221 890 datus
246 840 306 903 est,
335 827 387 887 nisi
412 827 463 906 qui
484 838 583 888 contra
606 825 672 884 tales
698 824 813 886 insutus
838 823 966 886 standum
996 825 1048 885 ubi
1075 848 1136 888 esse
1160 827 1266 888 didicit.

139 905 214 966 Nam
239 903 308 966 baec
330 903 442 964 demum
467 924 533 964 vera
552 913 595 962 est
612 901 678 960 fidei
697 912 809 961 nostrae
827 900 971 980 probatio,
998 900 1066 960 dum
1089 904 1270 986 surgentibus

140 980 216 1042 salsis
234 978 367 1041 doctrinis
386 979 502 1038 minime
521 977 660 1037 obruitur.
687 977 798 1069 *Neque
815 989 925 1038 tantum
941 987 1075 1040 uenturos
1089 981 1267 1062 pseudopro·

140 1057 240 1139 phetas
257 1056 334 1134 dicit,
352 1057 402 1116 sed
421 1055 532 1116 fallendi
569 1073 663 1136 noque
680 1065 780 1114 astutia
798 1052 940 1133 praeditos
959 1049 1033 1130 fore,
1050 1065 1082 1113 ut
1099 1065 1189 1116 sectas
1202 1066 1268 1136 post

129 1136 173 1195 'ae
199 1133 317 1194 trabant.
365 1133 417 1192 Est
441 1143 535 1192 autem
550 1075 600 1190 lic
620 1147 690 1210 opus
706 1143 770 1190 non
789 1127 897 1211 vulgari
916 1127 1059 1190 cautione:
1089 1129 1153 1210 qnia
1171 1131 1266 1190 multi·-

140 1210 210 1270 tudo
233 1207 402 1281 errantium,
428 1227 490 1266 non
512 1226 593 1268 secus
618 1226 650 1266 ac
668 1205 791 1265 violenta
816 1204 952 1286 procella,
977 1216 1094 1266 cursum
1117 1206 1270 1268 reflectere

139 1287 195 1346 nos
214 1285 301 1368 cogit,
320 1283 374 1344 nisi
392 1285 504 1362 penitus
523 1283 553 1342 in
572 1283 636 1343 Deo
656 1282 741 1342 umus
759 1281 851 1343 defixi.
910 1280 976 1356 Qua
993 1281 1031 1342 de
1050 1302 1083 1346 te
1101 1282 1186 1366 paulu
1201 1293 1269 1348 aute

138 1361 242 1446 aliquid
260 1361 438 1422 dictumest.
724 1403 727 1408 r
853 1387 856 1396 ⁴
992 1375 996 1382 '
1225 1385 1227 1392 ·
1261 1375 1275 1402 ⁸

204 1435 265 1500 '12
314 1437 460 1513 Quoniam
480 1433 643 1492 abundabit
660 1435 817 1516 iniquitat.
869 1432 963 1510 Quem
983 1431 1071 1528 longe
1089 1431 1200 1514 lateque
1216 1455 1267 1514 pa·

138 1522 201 1574 teat
225 1511 282 1578 boc
304 1509 424 1584 malum,
456 1509 597 1568 neminem
622 1509 708 1570 latere
732 1509 832 1585 debet,
859 1509 908 1570 sed
930 1510 1088 1590 paucissimi
1107 1509 1269 1573 observant.

138 1591 213 1650 Nam
233 1585 297 1666 quia
315 1585 380 1646 luce
394 1575 538 1668 Evabgelii
557 1585 657 1646 clarius
677 1586 818 1670 detegitur
840 1585 985 1647 hominum
1004 1587 1116 1662 malitia,
1136 1585 1224 1650 etiarn·
1236 1587 1270 1649 in

90 1703 94 1712 ,
139 1661 237 1746 probis
263 1673 294 1723 et
316 1673 396 1724 recte
416 1661 542 1724 animatis·
560 1662 714 1746 languescit
732 1685 766 1724 ac
784 1662 844 1722 sere
864 1661 1048 1744 exstinguitur
1065 1663 1269 1728 beneficentiae

139 1739 271 1800 studium.
309 1737 351 1800 lta
368 1738 443 1798 enirn
463 1739 578 1818 quisque
597 1759 692 1800 secum
710 1751 830 1819 oeputat,
848 1739 941 1820 perire
962 1737 1054 1802 officia
1072 1738 1268 1820 quaeinhunc

109 1813 117 1828 '
139 1815 186 1877 vel
205 1815 282 1874 illurn
302 1813 463 1896 eonlerunt,
482 1837 567 1894 quum
587 1835 687 1876 omues
705 1815 768 1876 fere
786 1816 920 1900 ingratos,
944 1813 990 1875 vel
1008 1817 1194 1894 perfidos-rel
1212 1817 1268 1878 im·

139 1891 249 1974 probos
272 1891 443 1973 experientia
467 1903 495 1950 et
536 1888 694 1953 uotidianus
718 1897 785 1952 usos
808 1893 945 1952 ostendat.
1003 1894 1105 1959 Gravis
1134 1904 1212 1957 certe
1236 1904 1269 1954 et
1297 1939 1300 1964 ,

162 1965 297 2046 ericulosa
316 1969 445 2030 tentatio:
466 1913 625 2061 quidemn
646 1968 733 2052 magis
753 1967 900 2028 absurdum
921 1989 1003 2047 quam
1021 1969 1176 2032 doctrinam
1195 1990 1267 2053 pro·

139 1989 225 2122 bare,
272 2065 324 2105 uae
348 2044 637 2124 probitatis-studium
656 2057 686 2122 et
705 2045 825 2104 caritatis
845 2045 971 2128 vigorem
991 2046 1119 2107 minuere
1137 2044 1267 2110 ridetur?

141 2121 229 2200 Atqui
248 2065 297 2180 tibi
315 2121 428 2182 emersit
439 2121 644 2203 ‘Evangelium,
667 2121 778 2193 caritas,
799 2121 876 2180 cuius
896 2123 998 2183 ardore
1016 2123 1132 2184 accendi
1150 2121 1268 2184 decebat

140 2197 266 2259 omniurn
287 2198 382 2271 corda,
400 2197 497 2276 potius
513 2196 680 2278 refrigescit.
719 2199 777 2258 Sed
796 2195 860 2257 lons
880 2197 962 2258 huius
980 2198 1058 2272 mali,
1078 2220 1160 2278 quern
1181 2197 1287 2258 Clari-⁴

76 2311 80 2317 ι
140 2287 199 2335 stus
216 2272 521 2356 designatnotandus:
545 2275 649 2332 inultos
668 2272 773 2333 scilicet
792 2273 854 2334 ideo
874 2271 1016 2350 fatiscere,
1036 2274 1100 2353 quia'
1117 2271 1279 2354 iniquitatis

140 2349 244 2411 diluvio
265 2349 353 2440 (quod
371 2347 472 2428 passim
492 2349 626 2440 exundat)
646 2369 699 2428 pro
719 2370 768 2408 sua
785 2347 945 2410 infirmitate
962 2349 1156 2432 succumbunt.
1184 2351 1267 2410 Hanc

103 2456 106 2459 ·
139 2446 212 2487 vero
230 2424 424 2484 fortitudinem
442 2445 458 2483 a
477 2425 531 2484 suis
553 2423 681 2486 Christus
698 2424 832 2504 requirit,
857 2437 889 2484 ut
908 2437 1007 2486 contra
1025 2421 1159 2487 necando
1177 2423 1269 2508 persi-

140 2512 224 2563 stant.
264 2499 510 2576 Quemadmodum
529 2511 559 2560 et
579 2499 681 2560 Paulus
699 2501 845 2580 praecipit,
863 2523 901 2562 ne
919 2502 1044 2585 benigue
1063 2513 1092 2562 et
1110 2499 1272 2564 tumulare

140 2597 194 2638 nos
213 2575 340 2660 gerendo
359 2575 508 2658 fatigemur
542 2578 580 2637 Il.
598 2576 698 2638 Thess.
717 2578 745 2650 3,
763 2577 833 2652 13.).
891 2577 1028 2654 Quamvis
1046 2597 1116 2669 ergo
1135 2577 1284 2659 lniquita-„

140 2663 202 2712 turn
225 2649 301 2712 mole
321 2671 456 2730 oppressa
481 2665 634 2714 mutorum
657 2651 754 2712 caritas
778 2651 902 2730 deficiat,
932 2656 985 2715 boc
1003 2675 1059 2736 quo
1081 2669 1116 2717 ue
1134 2653 1267 2716 obstacu-

63 2757 68 2780 ι
140 2728 205 2804 lum,
222 2729 408 2808 superandum
434 2749 495 2789 esse
520 2730 654 2789 admonet
679 2727 823 2804 Christus,
851 2750 889 2789 ¹ne
913 2729 1007 2791 fideles
1030 2675 1108 2794 maiis
1132 2729 1266 2811 exemplis

47 2843 53 2850 -
140 2805 225 2866 sraeti
250 2803 381 2866 resiliant.
439 2806 509 2866 Ideo
534 2803 701 2866 sententiam
720 2805 794 2866 illam
814 2807 932 2888 repetit,
950 2807 1096 2870 neminem.
1110 2829 1193 2889 posse
1207 2806 1267 2870 nal-

139 2903 207 2946 vutn
232 2881 365 2956 eradere,
398 2881 452 2942 uisi
476 2881 523 2960 qui
547 2881 671 2966 legitime
696 2881 858 2959 certaverit,
884 2884 969 2968 utin
987 2883 1074 2944 finem
1092 2905 1184 2964 usque
1198 2904 1267 2964 per·

138 2967 259 3020 teneret
1112 2965 1135 2968 ”

216 3037 267 3114 lt.
304 3031 535 3094 Praedicabttor
563 3033 617 3094 boc
644 3031 840 3116 Euangelium
870 3037 963 3116 regni.
1022 3031 1098 3108 Quia
1125 3031 1270 3096 Dominus

139 3110 310 3173 concionem
329 3109 472 3184 moeret,
491 3129 562 3189 quae
580 3131 642 3170 non
682 3131 774 3181 arvam
793 3111 923 3177 tristitiae
935 3111 1078 3172 materiam
1091 3121 1267 3192 suggereret,
1308 3159 1311 3169 ,

140 3198 307 3270 opportune
323 3185 469 3262 subiicitur
487 3131 748 3262 baec'eonaolittio,
773 3208 844 3266 quae
863 3189 908 3248 vel
927 3186 1062 3278 collapsus
1081 3189 1191 3248 animos
1210 3187 1267 3247 eri-

140 3269 209 3348 gat,
224 3263 270 3324 rel
289 3261 415 3324 labentes
435 3261 595 3324 confirmet:
630 3284 746 3342 nempe,
771 3261 902 3344 quicquid
922 3263 1098 3324 machinetur
1116 3264 1219 3338 Satan,
1239 3273 1268 3324 et

159 3340 314 3406 uantumvis
332 3337 611 3419 multiplicaturum
630 3337 749 3421 ingerat,
768 3360 940 3400 emersurum
959 3349 1053 3398 tamen
1073 3339 1267 3433 Evangelimn,

138 3363 231 3478 donec
247 3437 303 3570 per
320 3427 414 3476 totum
433 3415 533 3476 orbem
551 3427 705 3498 spargatur.
746 3415 914 3495 Quanquam
933 3427 1026 3476 autern
1036 3415 1200 3480 incredibile
1211 3416 1268 3478 boc

139 3505 246 3567 erato

268 3491 354 3553 ortuit
373 3503 467 3554 tamen
483 3492 646 3571 Apostolos,
667 3491 722 3552 boc
734 3493 863 3572 magistri
883 3492 1046 3571 testimonio
1067 3493 1165 3570 fretos,
1184 3512 1283 3575 prae-¹

139 3579 186 3628 ter
212 3587 290 3647 spem
313 3567 389 3634 ¹bene
413 3589 537 3649 sperare,
570 3580 600 3628 et
627 3569 734 3629 interea
763 3568 876 3628 sortiter
906 3569 975 3628 eniti
1002 3569 1035 3628 ad
1059 3570 1287 3650 exsequendum*

32 3652 36 3662 “
139 3665 220 3706 sunm
239 3663 349 3703 munus.
384 3645 477 3730 Quod
495 3644 655 3726 Antipoda's
674 3635 950 3723 quidam‘obiiciunt,
967 3643 1084 3708 etalios
1101 3643 1202 3728 procul
1221 3661 1268 3702 re-

139 3719 235 3779 motos
252 3718 382 3796 populos,
401 3720 433 3778 ad
455 3739 525 3798 quos
545 3743 582 3781 ne
602 3723 694 3790 tenuis
714 3723 826 3802 quidem
848 3721 954 3784 Christi
974 3723 1270 3796 lamabactenusper-

139 3792 235 3867 venit,
261 3795 340 3854 basius
363 3796 431 3854 nodi
450 3796 537 3857 facilis
558 3811 600 3860 est
617 3798 733 3866 solutio:
759 3800 949 3877 nequeenim
969 3799 1014 3870 vel
1032 3797 1152 3880 singulas
1171 3791 1269 3854 mundi

140 3870 235 3954 plagas
254 3869 412 3950 specialiter
430 3871 557 3954 designat
577 3875 714 3948 Christus,
735 3896 788 3934 nec
809 3887 915 3948 certum
935 3888 1046 3966 tempus
1064 3871 1199 3952 praefigit,
1218 3871 1268 3930 secl

140 3955 249 4006 tantum
269 3945 400 4021 affirmat,
430 3945 613 4028 Evangelinm
635 3951 648 4026 (
670 3951 729 4009 'roal
749 3972 763 4008 a
783 3951 883 4010 Iudaea
902 3971 1020 4043 proprio
1040 3947 1183 4009 domlcilio
1201 3967 1270 4006 moa

142 4021 385 4082 exterminandum
405 4043 504 4083 omnes
525 4039 668 4102 putassent
702 4048 788 4105 usque
806 4027 840 4087 eal
860 4029 972 4089 ultimos
991 4025 1068 4086 orbis
1086 4034 1180 4086 terrae
1199 4023 1268 4084 lines

79 4101 88 4106 ”
140 4109 325 4182 propagatum
351 4099 384 4158 iri
409 4111 475 4160 ante
499 4100 624 4160 ultimum
653 4103 789 4239 agpentus
814 4105 855 4163 sui
885 4105 967 4162 aliem.
1025 4101 1127 4160 Finem
1155 4119 1269 4252 qqqque

139 4175 353 4258 praedicationis
375 4185 473 4250 notat,
492 4189 527 4235 ut
545 4176 581 4237 sit
600 4177 628 4236 in
649 4190 676 4238 te
702 4176 837 4240 imonium
858 4179 966 4238 curretis
985 4175 1127 4257 gentibus:
1200 4187 1269 4234 uan-

140 4275 224 4332 quam
249 4251 326 4312 enim
352 4255 495 4331 nunqnam
520 4250 668 4325 ἅμόςηνρον
692 4272 723 4334 se
748 4255 860 4334 reliquit
884 4257 974 4325 treus,
998 4271 1062 4311 aes
1084 4251 1162 4312 eciali
1182 4251 1268 4313 modo

140 4331 249 4392 ludaeis
268 4330 303 4390 de
322 4349 352 4390 se
372 4341 491 4394 testatus
511 4341 567 4412 est,
579 4333 640 4418 xboc
662 4343 757 4390 tamur
776 4351 841 4410 prae
860 4329 918 4390 aliis
938 4350 1049 4392 munos
1085 4328 1122 4390 ile
1139 4331 1269 4393 testimo·
1359 4412 1360 4421 ἵ
