2804 4762
152 203 216 270 208
258 215 264 224 ·
312 203 426 292 εξΰΤ.
443 202 541 267 xvn
578 189 834 272 rnmnsnonn'u
851 217 1129 278 nsennmraonss.

155 368 189 421 et
205 353 317 430 octabas,
335 373 491 434 omnesque
507 352 653 445 primores.
683 354 765 418 Haec
783 365 877 418 autem
893 351 960 440 'pars
979 369 1022 421 est
1040 356 1170 422 stultitiae
1189 359 1291 436 crucis,

157 431 234 516 quud
253 433 342 505 Deus,
361 430 510 511 praeterita
532 431 629 488 munda
648 431 822 505 excellentia,
846 435 924 512 quod
942 435 1056 498 stultum
1076 445 1128 511 est,
1150 436 1241 498 debile
1260 449 1292 498 et

155 519 349 586 contemptum
371 505 456 588 eligit.
492 505 605 564 Deinde
625 519 865 579 commemorant,
883 509 977 572 bonos
995 511 1057 574 illos
1074 511 1216 576 Ecclesiae
1232 513 1290 575 Dei

155 583 297 668 praesides
310 580 447 642 rationem
460 579 598 660 quaesisse
611 581 747 660 perdendi
757 579 876 643 Christi:
896 585 973 646 unde
984 589 1115 650 scelerata
1128 609 1224 652 eorum
1236 589 1291 650 im-

155 661 243 743 pietas
266 657 376 718 detecta
401 657 464 716 luit.
520 657 592 716 Nam
618 667 651 716 ut
677 655 729 718 illis
755 657 860 720 Christi
879 665 1070 740 persequendi
1098 665 1168 728 iusta
1193 665 1292 727 luisset
1388 691 1389 698 ¹

156 755 250 805 causa,
273 733 413 794 latronum
439 744 533 794 tamen
559 751 639 793 more
664 733 698 794 ad
723 733 836 794 caedem
856 735 988 816 grassari,
1013 739 1060 802 vel
1083 741 1197 805 simrios
1220 742 1292 804 clam
1388 733 1389 760 ³

154 809 320 874 submittere
340 831 514 890 nequaquam
533 807 574 870 las
592 808 655 872 luit.
694 811 796 874 Tertio
815 809 933 886 docent,
954 811 1069 893 impiam
1087 816 1199 879 illorum
1219 841 1291 880 cou-

56 961 59 968 ,
154 887 335 1027 slirffgffl
351 905 510 1027 reprepsacupl
527 906 597 1026 esstp,
617 885 680 969 quia
698 909 802 951 arcarm
818 888 874 950 net
891 887 1008 950 decreto
1027 891 1063 952 ad
1080 889 1205 957 monteio
1224 892 1290 958 cru-'

154 986 195 1026 cs
335 985 368 1027 us
386 985 434 1026 era
512 985 550 1028 rts
583 983 605 1026 a.
646 1005 648 1014 ι

237 1245 343 1332 (172.)
374 1221 642 1317 MATTHnXXls
672 1244 726 1314 23.
747 1245 791 1314 Et
807 1267 906 1340 quum
924 1248 1061 1314 venisset
1076 1247 1111 1314 iu
1125 1249 1290 1337 templum,

151 1357 357 1442 accesserunt
382 1343 424 1415 dd
450 1371 523 1418 eum
550 1348 717 1416 docentem
741 1351 900 1438 principes
922 1350 1142 1430 sacerdotum,
1169 1363 1202 1418 et
1227 1352 1291 1418 Se·
1388 1387 1389 1432 ;

152 1455 262 1519 niores
283 1451 413 1540 populi,
441 1449 596 1531 diceutes,
626 1451 702 1537 Qua
724 1453 912 1518 auctoritate
933 1453 1013 1520 haec
1033 1454 1129 1523 lacis?
1161 1465 1192 1520 et
1214 1457 1289 1542 quis
1388 1453 1389 1456 ’

153 1554 244 1642 dedit
269 1553 329 1619 tibi
348 1556 447 1622 ,istam
475 1555 712 1620 auctoritatem?
753 1553 805 1618 nt.
828 1553 1042 1640 Respondeas
1065 1565 1175 1632 autem
1190 1559 1291 1636 lesus,
1337 1609 1349 1636 ,

152 1656 233 1724 dtxtt
252 1657 313 1736 eis,
338 1655 548 1742 interrogabo
568 1675 628 1720 vos
650 1666 682 1728 ot
703 1675 763 1740 ego
786 1655 952 1742 quiddam:
984 1657 1073 1743 quod
1096 1661 1123 1723 si
1145 1657 1310 1730 dixeritis.
1339 1666 1345 1671 '
1387 1725 1389 1746 ⁴

151 1761 244 1837 mihi,
257 1827 259 1831 ,
274 1768 306 1824 et
327 1779 386 1846 ego
408 1755 642 1838 vobisdican,
669 1779 733 1845 qua
755 1759 943 1824 auctoritate
964 1756 1045 1824 haec
1065 1759 1188 1826 latinam
1236 1763 1288 1828 25.
1388 1753 1389 1774 ³

150 1863 334 1948 Baptismus
362 1862 493 1926 loannis
519 1859 612 1952 uude¹
635 1861 721 1926 erat?
752 1881 771 1924 c
800 1858 910 1937 coelo,
941 1854 983 1924 an
1016 1879 1055 1926 ex
1085 1861 1288 1928 hominibus?

53 1970 65 1995 '¹
149 1963 195 2030 At
218 1962 267 2028 illi
294 1962 477 2050 cogitabant
497 1962 584 2051 apud
609 1961 826 2044 sepdiceutes,
854 1961 891 2026 si
913 1959 1099 2043 dixerimus,
1127 1963 1286 2032 Erucio:

66 2109 69 2127 .
150 2065 236 2134 dicet
257 2063 370 2146 uubis,
395 2051 512 2154 Quare
528 2087 604 2152 ergo
626 2086 695 2131 non
716 2061 901 2142 credidistis
919 2063 984 2131 illi?
1025 2066 1079 2130 26.
1103 2066 1161 2132 Sin
1181 2077 1285 2134 autem

150 2169 340 2250 dixerimus,
362 2171 410 2236 Ex
431 2167 632 2248 bominibus,
653 2169 800 2233 timemus
822 2165 960 2234 tnrbama
988 2189 1101 2249 omues
1123 2172 1215 2250 enim
1230 2172 1286 2236 ba-

148 2269 229 2340 bent
250 2274 403 2339 loannem
424 2281 461 2369 ut
482 2271 685 2359 Prophetam.
724 2270 781 2336 27.
808 2269 850 2336 Et
870 2269 1102 2357 respondentes
1124 2273 1208 2354 lesu,
1234 2272 1300 2366 di·¹
1324 2256 1329 2268 ’
1365 2297 1389 2348 *3

149 2387 270 2457 xerunt,
291 2375 470 2444 Nescimus.
508 2373 564 2442 Alt
583 2374 648 2441 illis
670 2373 800 2462 etipse,
822 2371 894 2440 Neo
914 2393 975 2460 ego
997 2367 1082 2443 dico·
1095 2373 1197 2458 vobis,
1218 2395 1282 2462 qua

149 2482 338 2548 auctoritate
359 2479 441 2560 haec
460 2477 583 2544 luciam.
864 2487 867 2498 “
1165 2497 1169 2508 ’
1282 2491 1285 2495 ’

204 2669 378 2755 ,ΜΑΒΟ
399 2670 454 2738 XI.
500 2671 553 2740 27.
580 2671 624 2738 Et
643 2669 776 2738 venitmt
796 2693 923 2738 rursum
943 2670 1218 2758 Hierosolymam:
1253 2680 1283 2739 ct

147 2743 449 2870 quutnamllularet
473 2775 668 2862 intemplo,
694 2776 827 2840 veniunt
854 2771 895 2838 ad
923 2773 1013 2840 illum
1037 2777 1202 2861 principes
1224 2773 1282 2839 Sa·
1317 2857 1320 2862 Ι

85 2948 88 2952 ,
147 2875 329 2956 sudorum,
354 2885 387 2941 et
413 2871 546 2941 Scribas
574 2887 605 2942 ct
633 2877 794 2942 seniores.
842 2877 896 2943 28.
923 2877 965 2944 Et
985 2875 1094 2942 dicunt
1114 2873 1175 2954 illi,
1206 2875 1281 2960 Qua

71 2987 76 2994 “
146 2982 338 3048 auctoritate
358 2978 438 3044 baec
458 2978 566 3045 lacis?
590 2988 622 3044 et
648 2981 718 3066 quis
745 2978 805 3046 tibi
832 2977 921 3044 dedit
941 2980 1158 3046 auctoritatem
1179 2978 1280 3057 istam,
1388 2965 1389 3034 ζ

65 3075 69 3086 '
146 3071 278 3151 ut‘hacc
291 3083 408 3151 iacies?
436 3081 491 3147 29.
512 3082 603 3146 lesus
625 3069 730 3148 autenl
751 3080 953 3172 respondeus
975 3080 1052 3148 dixit
1072 3079 1148 3160 illis,
1170 3079 1282 3166 Quae·
1388 3079 1389 3084 ’

145 3205 214 3254 ram
235 3207 255 3250 a
276 3184 373 3251 vobis
395 3193 427 3250 et
447 3185 518 3274 ipse
540 3181 704 3270 quiddam,
720 3193 765 3250 ‘et
786 3184 978 3273 respondete
1000 3183 1088 3248 mihi:
1122 3181 1154 3248 e't
1175 3181 1280 3248 dicam

146 3279 260 3365 subis,-
286 3311 350 3376 qua
378 3290 572 3354 auctoritate.
591 3274 670 3354 haec
695 3287 816 3353 faciam.
833 3272 836 3286 ¹
854 3286 914 3360 30.
941 3287 1122 3374 Baptismus
1147 3287 1279 3376 loannis

145 3399 252 3456 utrum
275 3413 294 3454 e
316 3390 411 3458 coelo
434 3401 510 3470 erat,
532 3411 575 3456 an
596 3414 634 3456 ex
653 3389 857 3458 bominibus?
882 3389 1076 3477 respondete
1096 3389 1183 3455 mihi.
1205 3423 1207 3431 ,
1225 3375 1278 3454 31.
1388 3377 1389 3382 ἵ

128 3491 188 3558 :Et
206 3489 391 3578 cogitabant
412 3492 497 3580 apud
519 3515 564 3574 se,
586 3493 735 3572 diceutes,
757 3493 793 3559 Si
810 3492 988 3572 dixerimus,
1011 3491 1165 3571 Ecoelo:
1186 3489 1277 3572 dicet,

106 3680 114 3700 .
147 3588 216 3664 Cur
236 3595 335 3685 igitur
356 3567 425 3662 noh
446 3581 624 3663 credidistis
646 3595 714 3691 iltis
745 3595 798 3662 32.
819 3595 863 3660 At
883 3598 911 3660 si
933 3595 1083 3672 dicamus,
1103 3589 1277 3680 Ex'homia
1388 3649 1389 3664 .

144 3696 257 3765 nibus:
286 3696 438 3764 timebant
460 3698 643 3787 populum·
680 3698 804 3764 Omnes
825 3685 910 3796 cuim
932 3694 1276 3788 hahebaut‘loannem,

35 3863 37 3876 ,
144 3799 233 3886 quod
266 3821 342 3866 vere
369 3797 527 3890 Propheta
560 3801 681 3868 luisset.
734 3801 788 3868 33.
822 3801 874 3866 Et·
896 3797 1129 3889 respondentes
1165 3798 1302 3888 dicunt!
1388 3815 1389 3834 ¹

142 3902 231 3983 lesu,
262 3902 440 3972 Nescimus.
488 3905 531 3970 Et
562 3907 652 3970 Iesus
678 3901 877 3990 respondens
904 3901 982 3970 dicit
1007 3901 1087 3985 illis,
1116 3900 1188 3968 Neo
1214 3921 1274 3987 ego

57 4013 59 4021 ’
143 4000 245 4070 dicam
266 4005 374 4088 vobis,
396 4029 460 4096 qua
474 4011 667 4074 auctoritate
688 4007 768 4072 baec
788 4006 909 4072 faciam.

61 4235 70 4254 ·
105 4169 107 4178 l
155 4265 162 4288 r
203 4197 326 4276 nLUC.
352 4201 421 4276 XX.
474 4171 512 4266 '12
542 4201 585 4271 Et
610 4191 733 4268 lactum
755 4213 804 4270 est
827 4175 864 4268 iu
890 4222 956 4267 uno
983 4198 1108 4268 dierum
1135 4197 1269 4274 illorum,
1388 4213 1389 4276 j

13 4343 36 4354 „
129 4291 278 4364 docente
297 4299 356 4368 illo
383 4303 541 4390 populum
566 4303 764 4394 intemplo,
790 4315 825 4373 et
850 4303 1091 4391 evangelizatus
1112 4317 1272 4369 convene.⁴
1388 4285 1389 4366 l
