2796 4774
250 178 253 184 ’
330 189 410 270 (ror.
448 151 576 270 enus
595 185 726 283 quaque
739 185 858 274 panon
876 185 1009 271 emus)
1194 191 1234 270 :s

179 343 228 424 lh.
275 340 376 421 Quum
397 338 558 420 appetisset
580 361 617 402 oe
650 363 713 402 era.
759 341 820 404 Iam
846 363 897 425 spe
924 359 977 406 sna
1000 319 1128 404 snbtntt
1153 353 1235 406 want
1334 390 1337 400 ,

101 417 243 501 discipuli,
259 439 339 483 nunc
360 416 503 490 Christum
521 363 651 479 ascend>
670 419 812 480 intentmn
829 441 891 482 esse
908 419 1015 494 vident,
1034 415 1131 478 turbas
1149 417 1234 481 etiam

102 517 174 576 prae
193 494 321 572 discendi
342 494 433 555 studio
457 495 492 555 de
515 494 608 556 reditu
632 515 692 556 non
712 517 747 556 co
769 495 853 558 itare:
880 496 1024 558 Christum
1044 515 1114 576 ergo
1134 495 1234 556 admo-

103 583 187 648 nent,
206 582 240 630 ut
254 570 418 652 corporibus
438 571 566 634 curandis
585 570 644 632 illas
664 516 838 634 amandetur
855 571 1127 654 propinquosvicos.
1151 572 1233 633 Cou-

104 648 181 710 sulto
194 659 288 708 autem
305 645 478 722 miraculum,
498 648 575 728 quod
594 649 678 710 edere
698 649 818 710 habebat
835 648 866 709 in
885 649 990 724 animm
1008 648 1039 708 in
1057 645 1126 708 illud
1144 669 1234 728 usquo

104 736 218 806 tempus
237 723 392 784 distulerat:
419 723 543 816 primum
565 735 599 784 ut
613 725 648 785 ad
666 724 725 787 eius
744 725 999 788 considentium
1016 723 1144 806 discipuli
1162 746 1236 806 pau,

104 799 183 860 latim
201 800 291 873 erecti
304 799 404 862 melius
421 801 489 860 rude
506 799 687 880 proficerent,
710 802 811 863 deinde
828 813 861 862 ut
879 803 937 895 ipsa
955 802 1092 882 temporis
1111 799 1235 862 circum-

104 877 205 938 stantia
223 878 355 952 doceret,
381 876 507 958 quamvis
527 897 588 936 non
604 878 768 958 praeveniat
786 889 966 940 necessitates
988 899 1118 952 suorum,
1139 897 1235 960 neme

104 953 188 1014 etiam
211 952 264 1014 illis
286 953 384 1014 statim
411 963 558 1026 occurrat,
582 973 724 1033 nunqtram
746 965 844 1014 tamen
867 976 967 1016 eorum
988 974 1086 1031 curam
1102 953 1235 1028 abiicere,

101 1031 154 1120 sed
169 1051 252 1166 opem
265 1027 511 1112 ‘semper'habere
529 1027 665 1116 inpmauu
682 1031 849 1113 repositam,
868 1051 954 1112 qna·
973 1027 1103 1092 exhibeat
1121 1029 1151 1089 in
1170 1029 1234 1110 ipso

99 1118 187 1168 artscu
198 1127 225 1167 0.

174 1187 221 1248 16.
261 1184 348 1244 Date
365 1203 422 1241 coa
438 1182 516 1252 illis,
541 1181 623 1262 qnod
638 1181 739 1241 edant.
783 1179 859 1258 QnIa
881 1179 995 1263 plenior
1012 1179 1093 1242 buitu
1111 1178 1236 1242 miraculi

100 1260 238 1342 expositio
262 1257 428 1394 reperietur
451 1269 531 1320 serto
555 1257 671 1320 Ioannis
695 1257 802 1340 capite,
825 1279 864 1320 ue
886 1257 1005 1319 molesta
1027 1255 1064 1318 sit
1084 1255 1237 1318 lectoribus

98 1337 245 1418 repetitio,
272 1335 296 1394 il
318 1357 354 1396 uc
379 1333 439 1414 peti
462 1333 567 1396 malim:
597 1346 753 1396 notamen
778 1355 879 1396 vacuus
902 1333 939 1396 sit
963 1333 1012 1396 hic
1037 1332 1131 1410 locus,
1160 1354 1238 1394 surn-

98 1435 172 1474 rnam
191 1411 327 1474 breviter
344 1410 540 1492 perstringam.
584 1407 730 1473 Hactenus
750 1410 876 1474 Christus
899 1431 1015 1492 operam
1037 1431 1115 1472 suam
1133 1409 1168 1470 ad
1186 1429 1238 1490 pa-

99 1491 216 1552 scendas
241 1488 352 1556 animas
375 1487 545 1564 contulerat,
569 1504 647 1550 nunc
667 1507 780 1569 quoque
799 1489 833 1550 ad
852 1509 1007 1568 corporum
1027 1507 1117 1568 usque
1140 1506 1238 1572 curpm

99 1566 221 1648 pastoris
232 1563 366 1624 officium
377 1563 509 1642 extendit.
530 1566 568 1625 ln
587 1585 645 1645 qno
665 1563 748 1625 etiam
767 1564 917 1646 conlirmat
933 1585 1014 1625 suum
1033 1563 1101 1624 illud
1120 1561 1238 1638 dictum,

100 1645 176 1724 quod
194 1661 324 1726 regnum
343 1639 399 1699 Dei
418 1629 631 1721 quierentibus,
650 1639 764 1722 eiusque
783 1641 924 1718 iustitiam,
943 1640 1050 1722 reliqua
1068 1635 1170 1700 deinde
1189 1660 1238 1698 ac·
1269 1651 1270 1658 ’

101 1721 214 1782 cedent.
255 1715 436 1798 Sperandum
454 1717 650 1798 quidem‘non
671 1729 725 1792 est,
744 1729 778 1778 ut
795 1739 908 1799 semper
925 1716 981 1778 boc
1002 1715 1088 1780 ruodo
1108 1713 1238 1776 Cluentus

101 1797 198 1858 cibum
215 1792 322 1856 ieiunis
343 1803 372 1854 et
387 1791 572 1856 esurientibus
586 1793 757 1876 suppeditet:
778 1805 888 1856 certum
906 1805 1003 1855 tamen
1022 1803 1074 1869 est,
1093 1812 1238 1872 nunqcram

101 1893 265 1954 passurum,
286 1881 326 1928 ut
343 1869 398 1930 suis
419 1871 512 1932 desint
529 1870 605 1932 vitae
622 1871 755 1946 subsidia,
779 1871 849 1952 quin
868 1891 982 1932 manum
1002 1893 1018 1932 e
1038 1869 1120 1931 coelo
1142 1865 1239 1952 porri-

102 1960 164 2032 gat,
188 1947 240 2008 ubi
262 1945 304 2006 ita
326 1945 394 2007 utile
414 1969 473 2010 esse
492 1947 596 2011 viderit
613 1947 649 2007 ad
666 1946 917 2030 levandaseorum
934 1947 1122 2009 necessitates.
1163 1944 1240 2006 Cae-

102 2035 199 2084 terum
222 2023 273 2105 qui
294 2022 348 2085 sibi
367 2023 511 2084 Christum
531 2023 646 2106 cupient
664 2025 816 2085 nutricium
840 2045 915 2101 esse,
943 2023 1024 2086 simul
1047 2023 1156 2084 discant
1177 2041 1240 2081 non

104 2113 239 2180 appetere
260 2099 407 2194 exquisitas
424 2100 552 2176 lautitias,
571 2101 622 2160 scd
640 2121 714 2180 pane
732 2099 893 2162 hordeaceo
913 2099 1043 2162 contenti
1056 2121 1124 2160 esse.
1150 2095 1241 2173 Quod

128 2198 159 2236 er
179 2188 286 2238 turmas
304 2175 385 2238 tussit
404 2175 537 2238 Christus
553 2175 690 2258 populum
711 2175 902 2249 discumbere,
925 2175 982 2235 boc
1000 2175 1124 2256 primum
1145 2173 1242 2232 consi·

103 2197 143 2312 ho
164 2251 235 2314 lecit
273 2262 307 2311 ut
331 2251 477 2313 ordinibus
497 2251 538 2312 sic
556 2249 696 2331 dispositis
720 2252 807 2331 magis
827 2250 1012 2329 conspicuum
1031 2261 1103 2310 esset
1120 2250 1244 2307 miracu-

104 2327 179 2389 lum:
194 2296 307 2388 'deinde
327 2340 361 2388 ut
378 2327 557 2388 commodius
576 2323 718 2384 numerari
735 2337 854 2404 possent
869 2325 1015 2398 homines,
1041 2335 1071 2382 et
1093 2343 1179 2402 quum
1197 2321 1244 2383 alii

103 2405 175 2466 alios
195 2405 390 2484 respicerent,
412 2403 466 2464 sihi
489 2401 613 2461 invicem
633 2410 720 2458 testes
744 2399 843 2460 lorent
868 2397 998 2458 coelestis
1018 2397 1100 2456 huius
1123 2397 1242 2482 gratiae:
1293 2444 1298 2450 .

102 2479 193 2547 tertio
215 2479 279 2558 quia
297 2477 433 2540 sollicitos
454 2497 516 2537 esse
534 2475 648 2556 videbat
666 2471 825 2554 discipulos,
845 2495 945 2536 corum
964 2473 1153 2536 obedientiam
1169 2493 1243 2568 pro-

103 2557 178 2618 bare
197 2553 299 2626 soluit,
320 2555 397 2632 quod
414 2553 445 2611 in
465 2551 589 2632 speciem
607 2547 754 2610 ridiculum
774 2562 834 2612 erat
851 2549 905 2610 illis
924 2549 1107 2634 praecipiens.
1135 2554 1243 2632 Murum

108 2631 191 2693 enim
211 2639 285 2703 erat,
308 2627 390 2688 nullis
412 2625 552 2688 alimentis
570 2625 799 2707 suppetentibus,
824 2647 956 2708 quorsum
976 2628 1099 2708 speciem
1117 2627 1243 2692 convivii

105 2705 244 2770 Christus
255 2705 417 2766 instrueret.
441 2705 551 2766 Eodem
563 2715 690 2785 spectant
709 2724 779 2783 quae
796 2715 961 2784 sequuntur,
1002 2727 1067 2766 anes
1086 2697 1138 2767 illis
1156 2705 1244 2770 luisse

105 2787 210 2856 datos,
235 2793 267 2842 ut
290 2781 367 2842 inter
386 2801 483 2842 eorum
502 2801 599 2862 manus
619 2791 760 2842 cresceret
783 2781 949 2845 admirabilis
972 2725 1017 2842 lta
1040 2783 1135 2864 copia,
1158 2799 1244 2863 atqcue
1292 2828 1301 2841 .

106 2862 149 2922 ita
168 2856 281 2920 divinae
302 2857 409 2920 Christi
432 2857 543 2922 virtutis
567 2857 688 2917 ministri
711 2857 816 2918 forent.
855 2858 928 2918 Nam
947 2859 1024 2940 quasi
1041 2881 1140 2940 parum
1161 2871 1245 2936 esset,

110 2936 240 2999 oculatos
265 2937 332 3001 esse.
349 2947 451 3012 testes,
477 2933 573 3014 voluit
587 2932 713 2996 Christus
735 2955 813 2996 suam
836 2935 971 2996 virtutem
995 2935 1029 2995 ab
1054 2935 1107 2995 illis
1129 2929 1244 3014 palpari.

109 3012 239 3074 Ducenti
263 3011 370 3074 denarii
394 3034 429 3074 ex
449 3012 556 3074 Budsei
579 3009 779 3092 supputatione
792 3007 917 3072 ‘circiter
935 3011 1054 3094 triginta
1072 3021 1193 3090 quatuor
1210 3009 1246 3072 li-
1322 3043 1324 3052 ι

110 3089 176 3154 bras
198 3088 334 3150 francicas
352 3087 455 3151 valent.
494 3090 539 3148 Ita
557 3087 860 3170 exiguumpanemin
878 3087 988 3170 singula
1006 3086 1102 3168 capita
1114 3085 1246 3149 temrncio

111 3165 213 3248 gallico
240 3163 395 3228 aestimant.
439 3164 537 3240 Quum
560 3165 631 3226 tanti
654 3183 723 3224 vero
746 3185 849 3244 panem
871 3173 1025 3240 laxassent,
1050 3162 1098 3242 qui
1120 3163 1246 3230 tenuiter

113 3243 148 3302 ad
165 3243 337 3323 pascendum
356 3263 393 3324 po
414 3243 491 3301 ulum
511 3240 666 3314 sufficeret,
690 3259 750 3300 non
773 3261 887 3332 parvam
909 3239 1021 3300 laudern
1044 3249 1171 3300 meretur
1195 3262 1247 3302 eo-

112 3337 174 3378 rum
194 3318 370 3394 obedientia,
394 3263 461 3379 lum
482 3317 589 3380 Christi
612 3315 744 3377 mandato
769 3317 936 3398 simpliciter
956 3325 1089 3400 parentes
1113 3329 1247 3382 eventum

115 3395 298 3469 committunt
320 3396 378 3456 eius
397 3395 525 3470 arbitrio
1225 3429 1227 3432 ·

191 3475 237 3549 19,
276 3473 445 3546 Berredisit,
484 3471 652 3543 Benedictio
670 3467 727 3530 hoc
746 3467 826 3544 loco,
845 3479 879 3528 ut
901 3465 965 3530 alibi
984 3489 1029 3540 sae
1050 3479 1082 3546 e,
1107 3491 1161 3554 pro
1180 3491 1247 3556 gras
1271 3487 1273 3492 ’

114 3545 216 3608 tiamm
234 3547 347 3608 actione
367 3549 483 3636 capitur.
508 3549 569 3608 Suo
589 3557 682 3632 autem
703 3545 831 3626 exemplo
851 3566 904 3606 nos
922 3547 1021 3606 docuit
1029 3491 1167 3625 1Christus,
1187 3567 1248 3608 non

114 3623 194 3685 aliter
214 3635 310 3684 sancte
327 3646 455 3706 pureque
475 3624 545 3686 cibis
564 3643 617 3683 nos
636 3641 721 3706 posse
740 3621 830 3697 vesci,
855 3642 939 3702 quam
965 3624 988 3685 si
1009 3627 1089 3704 Deo,
1115 3647 1150 3687 ex
1169 3623 1248 3684 cuins

117 3721 201 3762 manu
220 3700 302 3764 nobis
345 3704 521 3784 concupiunt„
535 3700 735 3784 gratitudinem
747 3711 883 3774 ‘nostram
901 3711 1046 3762 testamur.
1090 3703 1161 3772 Ideo
1180 3698 1249 3758 dicit

117 3775 217 3838 Paulus
241 3777 284 3854 (l.
332 3802 379 3840 rm.
397 3783 433 3854 4,
459 3778 522 3854 b),
547 3789 730 3868 quaecunque
754 3777 833 3852 Deus
858 3775 991 3840 alimenta
1015 3777 1097 3838 nobis
1121 3771 1249 3864 largitur,

117 3851 283 3928 sanctificari
302 3855 392 3915 verbo
415 3866 444 3915 et
463 3865 645 3940 precatione:
665 3873 722 3934 quo
742 3851 893 3936 significat,
914 3855 1014 3916 brutos
1031 3851 1178 3922 homines,
1200 3866 1249 3928 qur

118 3949 171 3990 nec
189 3929 245 3990 lide
263 3943 397 4022 reputant
410 3932 473 4004 Dei'
484 3929 723 4003 benedictionem,
742 3951 796 3990 nec
817 3951 877 3990 cam
896 3931 1049 4014 gratiarum
1068 3926 1181 3987 actione
1200 3933 1249 3984 ce'-

117 4004 240 4082 lebrant,
252 4006 380 4080 ⁴irpbcerc
403 4027 437 4068 ac
459 4007 588 4088 polluere
607 4005 775 4077 infidelitatis
792 4027 864 4067 *suae
882 4009 1023 4083 sordibus,
1043 3994 1180 4135 qpiqquitl
1199 4021 1250 4063 ua·-

118 4091 179 4142 tura
198 4105 300 4174 purum
321 4095 397 4158 erat,
419 4093 449 4144 et
467 4083 587 4152 vicissim
607 4083 687 4160 cibo,
712 4105 796 4162 quem
815 4081 1006 4178 ingurgitant,
1024 4099 1062 4160 po
1084 4098 1113 4140 ut
1131 4093 1163 4134 tc
1182 4097 1251 4137 cor-

119 4179 226 4252 rumpi,
257 4161 321 4240 quia
348 4158 506 4220 infidelibus
532 4157 608 4228 nibil
627 4171 669 4226 est
690 4159 838 4230 mundum.
881 4159 958 4218 Suis.
977 4173 1047 4242 ergp
1070 4147 1251 4246 praescripsit

120 4233 248 4298 Christus
266 4235 322 4298 rite
338 4235 474 4300 vescendi
490 4235 623 4308 fornum,
641 4255 680 4294 ue
699 4255 732 4294 sc
752 4243 784 4292 et
799 4232 857 4292 Dei
869 4229 1012 4290 sennen
1030 4245 1117 4304 stupro
1136 4228 1250 4288 sacrrlc-
1278 4287 1280 4292 ,

121 4310 169 4408 6Ῑο
186 4311 352 4396 imiimi.
391 4309 502 4377 Sublati
519 4311 551 4374 iu
569 4308 681 4381 coelum
700 4307 775 4372 oculi
790 4305 898 4370 seritur
915 4319 948 4362 ac
967 4297 1165 4362 vehementem
1181 4317 1250 4382 pre«
1298 4355 1300 4359 ,
