2796 4774
557 317 667 384 SECT.
687 317 754 384 XII·
793 330 1000 384 smannens.
1075 325 1080 342 ¹
1177 351 1179 358 ·

210 476 241 537 in
254 491 306 536 suo
325 470 461 542 comitatu
477 467 610 533 mulieres
627 469 759 564 padam
776 468 915 547 babuisse,
974 489 1007 532 ae
1017 467 1252 532 sanataefuerant
1262 473 1362 555 aspi.

210 550 310 616 ritibus
331 549 410 610 malis
432 547 479 610 vel
496 547 718 623 infirmitatibus,
741 547 829 630 qualis
849 547 905 608 suit
955 545 1012 607 aria
1031 546 1213 630 Magdalene,
1280 571 1362 614 aea

211 649 241 690 se
262 640 320 687 tem
337 623 490 700 daemoniis
509 636 608 689 vexata
627 611 728 686 iuerat
768 623 867 685 Videri
880 616 999 714 ‘quidem
1018 636 1237 715 posset-partum
1270 626 1362 688 'ono-

264 703 301 764 ile
322 701 409 764 fuisse
425 699 483 764 boe
504 702 736 762 contubernium:
797 701 824 761 'd
842 721 918 761 enum
936 721 1029 759 minus
1049 701 1145 760 decu1t
1161 700 1268 775 Frhum
1282 703 1361 780 Dei,

212 801 295 862 quaem
312 777 444 840 mulieres
463 777 690 840 secum‘trahere
707 797 761 870 pro
783 798 817 836 ro
834 774 963 836 notatas?
997 776 1055 838 Sed
1073 775 1141 836 hinc
1159 776 1261 838 melius
1282 801 1362 861 per-

182 911 187 920 .
213 881 227 918 s
246 856 360 930 icimur,
387 853 463 928 vitia,
483 853 584 934 quibus
607 865 718 914 onerati
739 853 842 912 luimus
864 864 931 916 ante
949 851 1043 928 fidem,
1061 853 1132 912 adeo
1149 873 1210 912 non
1229 854 1363 919 obstare

167 926 195 958 ·“
240 931 321 994 bristi
347 928 463 1012 gloriae,
483 931 704 1024 ut,eatn-magis
723 928 902 1012 amplificent.
941 929 981 988 Et
1000 939 1078 990 certe
1097 948 1158 988 uon
1177 929 1288 991 dicitur
1307 937 1363 996 ιε’.

213 1008 320 1092 perisse
329 1005 484 1068 Ecclesiam
509 1026 571 1070 sane
595 1028 666 1089 ruga
685 1018 716 1068 et
731 1005 855 1080 macida,
983 1004 1018 1064 e'
1041 1015 1115 1078 eret,
1136 1005 1191 1065 sed
1208 1010 1365 1090 sanguine

214 1107 267 1148 suo
284 1084 448 1158 mundasse,
467 1093 500 1142 ut
517 1105 617 1164 puram
634 1093 664 1145 et
683 1082 837 1144 formosam
855 1081 875 1141 h
912 1092 966 1142 eat.
1038 1101 1104 1141 uare
1123 1080 1225 1141 misera
1246 1095 1280 1144 et
1299 1109 1363 1168 pu.

214 1161 306 1223 denda
324 1159 474 1220 mulierum
495 1155 611 1220 istarum
631 1159 773 1234 conditio,
793 1170 943 1240 postquam
962 1157 996 1217 ab
1018 1179 1050 1217 ea
1067 1156 1201 1219 liberatae
1219 1171 1304 1236 sunt,
1327 1163 1363 1224 in

213 1258 345 1322 magnam
363 1235 471 1298 Christi
492 1233 611 1318 gloriam
635 1235 731 1312 cessit,
757 1246 791 1295 ut
814 1235 925 1295 virtutis
947 1233 1109 1370 gratiaeque
1133 1254 1200 1294 suae
1223 1233 1364 1319 insignia

214 1315 389 1376 ostenderet
435 1310 527 1372 Simul
553 1313 638 1373 etiam
662 1333 758 1372 earum
817 1311 924 1371 atitudo
963 1311 1080 1370 audatur
1108 1310 1242 1384 aLuca,
1320 1318 1364 1380 od

216 1412 298 1454 suurn
309 1388 515 1462 Liberatorem,
534 1400 698 1470 contempta
716 1409 786 1448 muu
806 1387 814 1402 ⁹
831 1385 998 1468 ignominia,
1018 1397 1153 1466 sequutae
1171 1397 1249 1453 suut.
1274 1335 1364 1455 (idon

216 1465 332 1541 dubium
359 1474 403 1524 est
425 1463 493 1544 quin
517 1463 608 1546 digito
631 1465 734 1545 passim
749 1474 922 1524 monstratae
941 1462 1062 1536 suerint,
1082 1483 1115 1523 ac
1135 1461 1245 1524 Christi
1268 1489 1364 1546 prae-

216 1542 307 1603 sentia
324 1541 414 1600 instar
431 1537 535 1600 theatri
553 1539 641 1601 fuerit
659 1541 694 1600 ad
714 1561 759 1601 eas
778 1541 951 1622 spectandas,
971 1541 1020 1600 sed
1038 1539 1177 1620 pudorem
1195 1561 1284 1602 suum
1304 1567 1364 1626 pa.

122 1675 125 1686 s
216 1618 272 1679 lam
294 1627 403 1678 exstare
431 1637 492 1676 non
515 1628 661 1691 recusant,
687 1637 725 1691 ne
750 1639 783 1677 su
803 1636 898 1697 pressa
917 1616 1029 1678 Christi
1042 1615 1132 1697 gratia
1152 1613 1257 1684 lateat:v
1284 1623 1363 1700 quin

214 1694 325 1832 potius,
351 1704 384 1752 ut
401 1690 508 1754 illustre
527 1693 563 1753 sit
583 1693 642 1753 eius
661 1637 866 1786 spectantium,
890 1691 1014 1752 libenter
1035 1690 1176 1750 humiliari
1196 1693 1361 1758 sustinent.

242 1787 311 1835 orro
328 1769 361 1828 in
379 1768 467 1828 Maria
486 1767 628 1851 singulare
649 1757 705 1828 lust
722 1787 876 1830 immensae
891 1767 999 1830 Christi
1017 1767 1152 1828 bonitatis
1170 1766 1362 1850 miraculum,

216 1847 294 1986 guod
318 1845 452 1906 feminam
476 1866 493 1904 a
517 1857 626 1926 septem
651 1845 805 1936 daemoniis
827 1865 997 1937 possessam,
1027 1855 1058 1904 et
1080 1843 1158 1924 quasi
1182 1842 1362 1912 vilissimum

241 1934 338 1983 atauae
355 1921 446 1981 manci
467 1920 536 2000 ium,
560 1942 621 1982 non
639 1925 754 1982 tantum
767 1920 918 2002 drscrpudae
936 1920 1061 1994 honore,
1085 1921 1135 1980 sed
1154 1921 1361 1990 contubernio

218 2019 335 2080 quoque
356 2018 408 2058 suo
433 1942 562 2078 dignatus
586 2007 638 2058 est
682 1997 855 2080 Cognomen
880 1989 1060 2090 Magdalenes
1084 1996 1161 2056 addit
1185 1995 1299 2078 Lucas,
1325 2015 1362 2063 ut

134 2080 139 2102 ¹
216 2073 292 2212 lpanc
319 2093 465 2164 asotore
489 2072 619 2136 Marthae
641 2065 757 2155 aliisque
780 2066 877 2138 Mariis
907 2065 1099 2149 discerneret,
1132 2091 1255 2154 quarum
1287 2075 1361 2140 alibi

237 2159 387 2212 tmentro.
1193 2188 1195 2196 ‚
1300 2189 1302 2197 ι

227 2261 229 2272 =
294 2227 364 2286 Luc.
383 2227 433 2288 3.·
451 2225 565 2286 Inonem
583 2247 661 2286 naor
681 2229 788 2288 Curae.
825 2225 961 2288 Nescitur
984 2245 1020 2286 an
1038 2224 1115 2286 idem
1132 2224 1168 2286 de
1190 2223 1228 2286 iis
1249 2229 1359 2293 mulie.

159 2328 164 2377 ῃ
195 2333 197 2340 ⁴
217 2301 297 2366 rbus
318 2301 441 2386 intelligi
457 2301 581 2365 voluerit
600 2305 703 2379 Lucas,
723 2303 800 2384 quod
819 2305 854 2364 de
873 2303 971 2364 Maria.
1011 2301 1082 2366 Mihi
1100 2298 1253 2382 probabile
1269 2305 1358 2370 ¹uide-

217 2393 274 2455 tur,
292 2379 410 2462 primam
429 2380 460 2439 in
479 2380 581 2442 ordine
594 2377 715 2442 locatam
731 2399 800 2456 esse,
819 2380 849 2440 in
868 2401 923 2460 qua
940 2377 1044 2462 insigni
1062 2376 1191 2459 potentia
1214 2397 1358 2463 operatus

218 2468 281 2520 erat
298 2456 435 2532 Christus,
454 2477 573 2517 uxorem
593 2477 666 2517 vero
686 2458 778 2519 Cusae
797 2467 827 2518 et
845 2457 1000 2517 Susannam
1018 2456 1150 2514 honestas
1170 2466 1201 2514 et
1219 2456 1359 2542 integrae

219 2533 310 2592 famae
333 2543 476 2591 matronas
496 2533 645 2624 subiungi,
670 2533 734 2613 quia
757 2525 869 2594 tantiam
891 2553 907 2594 a
926 2531 1087 2625 vulgdribus
1105 2530 1218 2592 morbis
1236 2547 1359 2598 sanatae

220 2605 326 2666 forent.
358 2605 456 2678 Quum
474 2619 568 2668 autem
585 2609 684 2668 divites
705 2607 812 2668 fuerint
830 2631 863 2669 ac
881 2607 1208 2690 splendidaematronae,
1232 2631 1271 2670 eo
1290 2611 1357 2694 plus

219 2690 347 2741 meretur
358 2674 451 2762 ,laudis
470 2679 548 2758 pimn
567 2703 662 2741 earum
680 2684 815 2757 studimn,
840 2685 907 2743 dum
927 2683 1043 2746 Christo
1068 2689 1214 2764 saunptum
1240 2697 1277 2746 ex
1296 2689 1357 2749 suis

213 2753 397 2818 dacultatibus
415 2756 606 2846 suppeditant,
624 2756 792 2835 nequehoe
811 2757 906 2828 officio
927 2771 1087 2833 contentae,
1105 2759 1280 2838 posthabitis
1300 2765 1358 2826 do-

220 2829 344 2893 mesticis
362 2841 499 2913 negotus,
525 2827 624 2912 ipsuui·
639 2853 704 2892 cum
728 2831 832 2892 invidia
847 2831 997 2911 multisque
1015 2833 1204 2896 incommodis
1229 2858 1286 2930 per
1310 2840 1358 2902 di.

8 2899 10 2906 ’
102 2925 106 2936 “
174 2911 303 2971 'uersa
319 2907 483 2986 incertaque
500 2906 620 3044 hospitia
638 2905 717 2988 sequi
734 2905 851 2984 malunt,
889 2930 952 2967 uam
971 2905 1087 2969 delicata
1108 2905 1206 2987 quiete
1228 2935 1262 2973 m
1282 2935 1357 2997 pro-

257 2983 275 3000 ”
307 2983 421 3044 aedibus
444 2982 508 3042 srui.
572 2981 663 3044 tfieri
681 2994 786 3066 potest,
804 2995 837 3043 ut
884 3005 934 3044 usa
954 2975 1076 3044 Herodis
1093 2995 1279 3065 procurator,¹
1299 2994 1356 3052 do-

318 3080 370 3120 suo
388 3059 507 3120 ninrium
524 3059 636 3136 similIs,
656 3057 775 3121 consilio
792 3059 888 3122 uxoris
907 3057 987 3122 valde
1005 3059 1091 3121 luerit
1109 3066 1282 3142 contrarius,
1302 3067 1355 3128 sed

220 3135 267 3218 pia
284 3133 386 3197 mulier
398 3133 578 3212 ,obstaculum
596 3135 653 3198 hoo
671 3135 726 3198 zeli
745 3135 788 3197 sui
802 3137 922 3199 dervore
941 3149 970 3199 et
988 3137 1146 3198 constantia
1164 3143 1323 3222 superavit.

253 3231 254 3234 ’
296 3212 397 3276 Mattb.
415 3215 444 3274 2.
483 3217 688 3296 Congregetur
706 3224 777 3274 sunt
795 3215 839 3273 od
853 3234 928 3274 com.
966 3215 1036 3275 Non
1057 3213 1161 3275 frustra
1181 3217 1218 3278 de
1236 3217 1355 3300 ingenti

166 3337 178 3362 ,
219 3287 320 3350 nubae
344 3309 486 3351 concursu
510 3290 673 3370 praesantur
691 3291 899 3384 Evangelis'tae,
927 3289 1005 3352 cuius
1028 3303 1186 3368 eonspectu
1212 3293 1355 3375 impulsus

139 3423 143 3432 ,
223 3377 267 3426 est
292 3363 421 3428 Christus
445 3367 480 3426 ad
503 3367 661 3428 doctrinam
691 3367 793 3428 sennim
822 3369 1044 3449 comparandam.
1090 3367 1132 3425 Ex
1160 3370 1249 3430 variis
1278 3369 1354 3429 locis

197 3480 199 3491 ·
222 3453 395 3502 convenerat
413 3441 459 3502 illa
477 3441 641 3523 multitudo,
665 3444 792 3523 suspensi
815 3444 927 3504 stabant
950 3465 1064 3516 omnes,
1089 3441 1187 3503 similis
1214 3444 1353 3514 omuibus

180 3521 182 3529 ’
221 3517 352 3578 audiendi
370 3517 498 3594 aviditas,
540 3520 574 3579 ed
597 3541 658 3578 uon
676 3519 751 3580 idem
770 3519 935 3601 proficiendi
953 3519 1080 3580 affectus.
1119 3521 1203 3594 Haec
1223 3519 1279 3578 fuit
1298 3523 1352 3580 o'c-

191 3598 194 3602 '
222 3593 296 3653 casio
315 3591 478 3673 parabolae,
553 3593 686 3672 sciretur,
710 3615 771 3654 non
792 3593 1092 3677 ubique'fruetuosum
1115 3615 1178 3655 esse
1198 3596 1351 3656 doctrinae

221 3689 333 3746 semen,
356 3671 423 3731 dum
445 3670 532 3754 longe
550 3669 661 3752 lateque
679 3693 743 3754 spar
764 3673 832 3748 itur,
856 3672 920 3754 quia
945 3693 1006 3732 uon
1030 3693 1142 3752 semper
1164 3671 1293 3734 smacem
1319 3681 1350 3730 et

188 3765 193 3772 ’
220 3743 295 3806 bene
313 3745 415 3806 cultam
431 3757 535 3808 terram
553 3748 693 3810 inveniat.-
725 3691 852 3812 Christus
872 3771 902 3811 er
923 3769 941 3809 o
965 3743 996 3808 ie
1014 3745 1069 3808 illic
1089 3747 1170 3808 velut
1190 3746 1348 3830 agricolam

219 3822 319 3882 adesse
333 3823 476 3902 professus
493 3836 550 3904 est,
562 3847 610 3916 ‹pu
627 3825 663 3886 ad
681 3823 872 3887 seminandum
889 3845 909 3906 p
944 3825 1025 3898 diret,
1047 3822 1096 3884 sed
1114 3822 1221 3884 mulus
1241 3843 1276 3881 ex
1295 3843 1347 3880 au-

219 3897 358 3960 ditoribus
376 3898 479 3966 similes
498 3921 559 3962 esse
574 3899 697 3962 incultae
716 3913 745 3966 et
763 3902 855 3963 aridae
871 3914 977 3976 terrae,
996 3899 1065 3960 alios
1084 3900 1231 3983 spinosae,
1251 3909 1286 3956 ut
1305 3897 1346 3956 la-

219 3973 275 4036 bor
298 3983 329 4035 et
346 3976 443 4036 se'men
464 3976 555 4058 ipsum
599 3989 684 4042 ereat.
724 3976 877 4038 Caetenun
898 3976 934 4038 de
949 3997 1042 4052 ,sensu
1060 3975 1211 4058 parabolae
1229 3972 1346 4052 lougius

218 4061 339 4112 tracme
367 4054 552 4132 supersedeo,
578 3999 671 4116 donec
693 4051 729 4114 ad
753 4053 966 4135 explicationem
991 4065 1108 4114 ventum
1129 4049 1238 4138 merit,
1259 4069 1344 4128 quam

199 4115 301 4205 'paulo
326 4139 393 4210 post
415 4127 556 4190 Dominus
577 4129 638 4222 ipse
662 4129 777 4191 afferet:
803 4129 884 4191 huius
905 4141 1017 4189 tantum
1042 4129 1073 4189 in
1095 4135 1255 4208 praesentia
1277 4143 1345 4212 mo-

218 4203 304 4264 nendi
327 4216 393 4264 sunt
417 4203 552 4283 lectores,
577 4229 601 4266 sr
619 4193 715 4269 tmoli
733 4218 828 4269 terrae
845 4219 875 4267 et
893 4205 981 4268 sterili
1000 4209 1212 4286 comparantur,
1237 4218 1287 4287 qur
1306 4217 1341 4256 ex

218 4275 287 4340 locis
312 4279 429 4343 remotis
522 4282 529 4297 “
558 4275 678 4360 iameliti
702 4280 736 4343 ad
762 4282 908 4350 Christum
932 4291 1125 4351 accurrerant,
1150 4294 1212 4334 non
1235 4293 1341 4363 murrum

134 4375 150 4418 ·,
219 4350 299 4430 esse,
316 4357 341 4420 si
357 4355 441 4420 hodie
458 4379 488 4425 m
506 4358 600 4451 multis
619 4357 810 4446 Evangeiium.
822 4377 883 4422 uon
903 4357 1069 4438 fruetificat,
1088 4371 1210 4438 quorum
1229 4349 1276 4410 alu
1294 4370 1340 4429 pr·
