2796 4774
400 209 479 292 (tos.
517 209 564 274 De
582 208 680 274 tritico
698 220 729 274 et
747 203 886 290 zizania)
1082 265 1087 276 ,
1173 213 1214 280 15

88 363 210 430 homiues
229 361 390 439 seruinaret
410 360 536 426 eubolus
555 381 628 426 vero
645 359 743 426 mulos.
783 362 873 442 Quod
890 359 957 426 ideo
974 359 1129 442 adusoneo,
1146 355 1214 446 quin

87 443 138 505 hoc
154 443 223 504 loco
236 442 322 508 'abusi
339 451 404 504 suut
421 439 593 517 Manichaei,
612 451 653 502 ut*
663 439 792 504 colorem
809 441 980 502 inducerent
996 461 1050 518 suo
1067 440 1212 534 figmento

86 523 118 582 de
142 519 263 581 duobus.
276 515 425 610 principiis.
463 517 554 598 Atqui
577 516 693 592 acinus,
714 517 848 598 quicquid
869 517 932 580 vitii
956 527 1000 578 est
1017 527 1077 578 tarn
1098 539 1132 582 ιιι
1149 519 1212 581 dia-

33 623 34 626 ’
85 595 161 671 toto,
181 617 264 676 quam
280 615 311 655 ru
328 593 497 667 hominibus,
516 614 577 653 non
595 591 670 656 aliud
688 613 750 656 esse
767 595 991 676 quarnintegrae
1003 605 1123 657 naturae
1142 615 1211 657 eor-

84 672 228 754 ruptelam.
267 671 355 733 Sicuti
380 691 451 754 ergo
470 672 548 730 Deus
574 667 680 732 electos
703 690 783 746 suos,
808 669 856 764 qui
875 671 918 756 ori
941 671 948 686 '
970 669 1005 732 ali
1043 677 1144 733 cecato
1163 672 1212 734 iu-

85 749 151 811 lecti
170 758 247 823 suns,
272 769 331 808 non
348 747 502 808 creatione
519 747 634 806 'bouum
657 765 754 808 sernen
773 746 853 824 saort,
877 769 908 808 se
954 691 1063 829 eoshp

82 827 203 908 gratias
238 823 420 901 ιιιετιῒιιίιΙ
437 821 564 884 diabolus
581 841 643 896 uon
662 835 741 884 creat
758 822 845 885 malos
864 823 1008 898 homiues,
1033 825 1083 886 sod
1105 845 1123 886 a
1143 827 1212 886 Deo

33 935 34 938 ι
83 915 188 964 creatos
203 845 358 984 edepravat,
384 911 416 962 et
438 900 469 962 iu
494 919 595 984 agnum
611 900 730 962 Domini
751 900 853 964 inserit
874 900 1083 982 adsidendum
1104 923 1212 986 purum

33 1027 37 1044 η,
82 1000 181 1042 temen·
321 1019 323 1021 ·
363 1009 380 1039 J.
500 1023 502 1027 -
679 1025 681 1030 -

33 1047 35 1094 ss
149 1059 197 1119 37.
238 1055 448 1134 Quisentinot
467 1055 573 1114 ὀοιιιιιη
588 1050 695 1114 semen.
732 1053 815 1114 Prius
831 1073 952 1136 reguum
965 1049 1113 1133 coelorum
1130 1055 1213 1118 tus-

34 1167 35 1204 ι
83 1143 122 1192 rat
138 1130 231 1194 simile*
247 1152 310 1193 esse
328 1131 439 1192 homini
457 1131 615 1206 sesniuanti,
634 1131 684 1192 sed
701 1128 866 1223 improprie.
894 1131 1000 1189 Sensus
1010 1141 1106 1190 tamen
1118 1129 1220 1192 clarus

84 1221 128 1284 est,
145 1209 221 1270 idem
240 1209 412 1290 contingere
430 1207 594 1290 praedicato
612 1205 778 1300 Evangcho,
794 1217 880 1285 atque
895 1205 927 1266 in
947 1204 1057 1274 sat‘uue
1074 1226 1213 1288 agrortuu

84 1285 157 1362 solet,
175 1297 210 1346 ut
226 1283 328 1353 lolium
346 1285 444 1344 tritico
464 1294 636 1346 succrescat:
655 1282 711 1344 nisa
729 1283 806 1364 quod
824 1279 945 1362 speciale
965 1281 1095 1362 quiddam
1170 1283 1213 1343 ri·

83 1361 136 1436 mit,
155 1361 389 1437 dicens-inimici
409 1360 508 1421 fraude
528 1359 672 1442 aspergis
774 1357 853 1434 lolio,
872 1370 905 1418 ut
918 1357 1046 1432 sciamus,
1065 1379 1129 1420 nou
1180 1379 1212 1420 r·

83 1439 152 1498 tuito¹
166 1457 261 1519 neque
274 1437 442 1498 naturaliter
454 1436 590 1511 hocfieri,
610 1454 666 1517 quo
704 1435 786 1498 multi
803 1435 842 1494 im
862 1435 926 1498 robi
944 1456 976 1497 se
994 1429 1122 1498 fidelibus
1139 1455 1213 1520 per·

33 1535 38 1558 2
81 1514 215 1606 miscent„
226 1515 309 1595 quasi
327 1515 428 1574 eadem
442 1513 500 1589 siut
518 1532 614 1596 seges,
639 1513 690 1575 sed
707 1512 788 1572 huius
806 1513 872 1571 ma'
891 1511 936 1574 cul
956 1533 1001 1572 am
1019 1511 1134 1576 diabolo
1154 1513 1213 1576 im-

84 1603 173 1670 putare
185 1593 416 1666 ducamusmon
434 1601 466 1650 ut
485 1589 544 1650 eius
563 1590 703 1650 damnatio
719 1533 996 1652 hominesahsoivat
1013 1607 1030 1648 a
1047 1602 1139 1664 seam,
1159 1589 1212 1652 sed
1246 1612 1249 1620 ’

84 1668 204 1746 primum,
223 1665 351 1747 nequid
369 1666 493 1733 massalae
512 1677 677 1747 aspergatur
687 1667 753 1726 Deo
771 1675 891 1748 propter
907 1661 1083 1747 vitiumhoc
1101 1667 1213 1728 adveu-
1246 1725 1252 1740 „

84 1743 183 1805 ticium:
203 1745 309 1809 deiude
327 1763 366 1810 ue
378 1743 523 1816 miremur,
539 1743 665 1804 subinde
692 1739 812 1801 'ullulare
829 1741 936 1812 uisurus
952 1741 1014 1802 ina
1036 1764 1070 1802 ro
1078 1739 1212 1820 Domini,

84 1841 161 1898 quum
179 1833 296 1914 semper
314 1821 349 1881 ad
367 1819 528 1882 nocendum
544 1817 645 1902 vigilet
685 1829 759 1878 stau.
796 1819 889 1878 Porto
910 1817 987 1901 quod
998 1759 1128 1882 Christus
1148 1839 1213 1898 uon
1270 1839 1272 1844 ’

84 1897 165 1958 Verbi
173 1897 321 1958 ministros
334 1897 471 1960 seminare
481 1894 559 1970 dicit,
579 1897 628 1962 sed
639 1915 670 1958 se
688 1913 785 1970 uumn,
802 1893 914 1956 ratione
924 1915 985 1955 non
999 1907 1089 1957 caret:
1109 1914 1212 1978 quant·-
1312 1930 1315 1939 Δ

84 1972 120 2034 vis
138 1975 213 2036 euim
232 1975 269 2036 ad
288 1973 506 2055 eiuspersouam
519 1971 575 2033 hoc
587 1969 1014 2056 restringiminimecouveniat,
1034 1971 1098 2053 quia
1110 1981 1213 2034 tanes
1247 1967 1252 1980 ’

83 2061 173 2112 nostra
191 2073 210 2111 o
233 2071 282 2112 era
300 2049 341 2111 sic
357 2050 454 2126 utitur,
475 2061 505 2111 et
521 2049 558 2110 sd
576 2048 713 2110 culturam
729 2047 791 2142 agri
808 2048 851 2108 sui
868 2058 1003 2128 tunquam
1020 2048 1214 2111 iustrumenta

84 2143 130 2186 uos
147 2148 163 2188 a
202 2127 209 2142 ⁶
233 2138 272 2201 et,
292 2139 326 2187 ut
343 2149 396 2209 per
413 2148 468 2188 nos
487 2124 563 2192 solus
583 2125 661 2186 etin
679 2124 763 2186 uobis
781 2136 860 2208 agat,
879 2123 983 2185 merito
1000 2125 1057 2187 sihi
1074 2125 1213 2200 vindicat,

84 2205 152 2282 quod
170 2205 231 2265 eius
250 2203 384 2264 ministris
404 2203 611 2284 quodammodo
631 2185 783 2262 comnhme
802 2213 853 2262 est.
892 2201 1107 2282 Meminerimus
1124 2219 1214 2283 eergo,

83 2295 136 2339 nou
159 2281 254 2342 solum
277 2279 385 2344 Christi
404 2282 539 2340 mandato
563 2279 720 2358 praedicari
737 2276 940 2358 Evangelium‚
965 2277 1017 2338 sed
1037 2277 1097 2336 eius
1115 2276 1214 2356 auspi·

84 2353 125 2442 ciis
144 2367 174 2416 et
192 2359 294 2433 ductu,
312 2367 347 2416 ut
362 2355 451 2418 simus
465 2367 600 2432 tauquam
620 2354 679 2415 eius
696 2373 811 2428 manus,
830 2355 891 2442 ipse
908 2361 1004 2412 autem
1020 2351 1120 2415 unicus
1138 2364 1217 2432 ope-

82 2451 114 2491 m
133 2443 247 2493 auctor.
1212 2448 1227 2472 s

149 2511 199 2570 39.
240 2509 347 2568 Messis
361 2525 431 2566 sero
448 2505 661 2564 consummatio
680 2499 802 2562 soeculi.
833 2501 894 2560 'Est
912 2498 1024 2582 quidem
1042 2498 1111 2564 haec
1128 2499 1215 2568 uelde

82 2581 197 2644 molesta
221 2583 364 2656 conditio,
390 2581 467 2661 quod
492 2577 622 2660 reprobis
648 2588 784 2639 oneratur
805 2575 930 2638 Ecclesia
954 2599 985 2638 us
1063 2581 1099 2642 ad
1122 2579 1214 2644 fierem
1280 2627 1282 2640 .

35 2729 39 2738 .
82 2659 190 2718 nundi:
216 2657 276 2719 hoc
298 2669 394 2717 tamen
415 2666 527 2738 tempus
552 2653 634 2714 nohis
654 2656 688 2716 sd
731 2654 957 2725 atientiamideo
1022 2655 1105 2718 sistus
1124 2677 1214 2742 prrae-

83 2735 188 2812 scdbit,
216 2754 351 2796 uevvaua
374 2753 425 2814 spe
448 2753 501 2794 nos
526 2730 669 2792 lactemus.
709 2671 850 2798 hnaviter
874 2731 986 2811 quidem
1006 2733 1139 2798 Pastores
1165 2735 1215 2796 in?
1245 2734 1249 2740 '

83 2813 211 2874 cumbere
231 2812 315 2872 decet
333 2810 367 2870 ad
385 2809 559 2893 purgandam
569 2809 732 2888 Ecclesiam,
752 2820 783 2870 et
799 2808 852 2870 hac
870 2809 903 2871 iss
920 2821 1001 2891 parte
1020 2809 1055 2870 ab
1075 2811 1213 2874 omnibus

82 2887 129 2966 piis
146 2887 296 2980 adiurandi
315 2898 389 2963 sunt,
409 2898 546 2967 quatenus
565 2886 623 2948 fert
641 2888 775 2967 cuiusque
792 2885 915 2948 vocatio.
945 2889 1057 2964 Vertun
1074 2887 1125 2948 ubi
1143 2905 1213 2952 om·

1064 749 1212 812 iritussui
1294 759 1296 766 ’
1363 741 1364 748 ¹

82 2983 127 3024 ues
143 2987 176 3025 ιιι
194 2981 347 3026 commune
363 2975 473 3024 mutuas
493 2983 593 3045 operas
608 2963 790 3036 contulerint,
808 2983 869 3024 non
887 2973 983 3025 teman
995 2981 1120 3044 eousque
1137 2981 1214 3046 pro·
1252 3035 1253 3038 Ἴ
1363 2987 1364 2990 ’

82 3037 185 3117 ficiem,
216 3052 251 3100 ut
278 3040 390 3121 penitus
417 3039 454 3099 ah
480 3041 560 3099 omni
585 3039 669 3104 sorde
691 3049 817 3122 purgent
840 3034 1004 3100 Ecclesiam.
1046 3042 1214 3108 Telesinus

85 3127 157 3199 ergo,
175 3117 247 3177 nihil
264 3117 358 3176 mimis
372 3115 459 3176 luisse
477 3115 591 3176 Christo
610 3109 796 3198 propositum,
814 3135 897 3196 quam
915 3115 1091 3252 indulgentia
1109 3117 1214 3177 sordes

84 3190 166 3254 alere:
193 3205 307 3255 taumm
331 3190 427 3252 fideles
456 3211 521 3252 suos
545 3191 653 3252 hortari
676 3191 779 3268 voluit,
805 3213 844 3254 ne
865 3191 965 3262 anissis
1003 3191 1120 3255 eliciant
1142 3193 1213 3273 quia

42 3303 46 3313 ·
84 3267 164 3330 malos
189 3291 287 3332 secum
308 3267 384 3328 ierre
406 3279 563 3350 coguntur:
587 3267 792 3330 deinde'etiarn
815 3289 915 3330 eorum
935 3265 1027 3328 zelum
1045 3271 1162 3333 frenare
1181 3279 1213 3332 et

84 3346 230 3422 moderari,
251 3345 300 3426 qui
318 3344 358 3406 ias
376 3363 437 3407 esse
459 3352 646 3425 amputant,
665 3345 830 3405 societatem
848 3343 902 3404 nisi
921 3353 986 3405 tunt
1007 3345 1084 3426 puris
1098 3345 1212 3432 augelis

85 3420 182 3483 colere.
220 3424 374 3503 Perperam
395 3419 483 3503 igitur
502 3419 558 3481 hoc
577 3419 739 3488 testimonio
760 3421 959 3502 Auahaptistae
984 3431 1014 3492 et
1031 3421 1135 3484 similes
1156 3422 1211 3484 aba

84 3495 123 3556 usi
139 3509 221 3575 sunt,
244 3509 278 3568 ut
300 3495 385 3581 gladii
398 3495 486 3556 'usum
504 3509 637 3556 arcerent
654 3498 689 3557 ab
707 3496 841 3560 Ecclesia.
881 3498 969 3577 Atqui
987 3497 1075 3560 facilis
1091 3511 1139 3564 rest
1160 3519 1211 3560 res

86 3569 189 3634 lutatio:
210 3595 277 3634 uam
295 3595 382 3654 quum
396 3571 716 3652 excommunicationem
733 3573 787 3656 ipsi
804 3571 969 3646 admittant
979 3595 1050 3655 quae
1067 3575 1157 3637 malos
1180 3584 1211 3637 ct
1306 3624 1312 3641 s

85 3651 217 3728 reprobos
236 3649 333 3712 saltem
350 3651 386 3724 ad
403 3659 515 3730 ternpus
537 3649 671 3724 eradicat,
693 3653 747 3712 tur
765 3671 827 3710 nou
848 3649 880 3710 in
901 3650 1067 3728 sceleratos,
1131 3653 1209 3712 oties

85 3742 125 3783 res
142 3725 179 3788 ita
197 3726 334 3809 prosudat,
354 3725 476 3812 gladium
494 3738 625 3788 asserent
641 3727 681 3808 pii
699 3725 896 3808 Magistratus?
924 3728 1089 3810 Excipiunt,
1120 3745 1209 3790 osum
1318 3759 1319 3764 ¹

87 3795 139 3865 dati
159 3801 442 3884 poenitentiac‚'uhi
465 3797 589 3883 capitalis
608 3821 701 3884 poena
719 3821 780 3864 uon
804 3815 859 3878 est,
884 3804 1054 3884 quasivero
1077 3803 1152 3868 latro
1176 3803 1210 3862 iu

87 3894 162 3941 cruce
179 3880 336 3941 remedium
354 3877 448 3940 salutis
467 3900 528 3940 non
545 3873 696 3950 intendit.
731 3880 882 3942 Caeterum
904 3872 975 3942 haec
998 3881 1102 3943 solutio
1124 3877 1208 3940 sutili-⁴
1326 3927 1327 3931 ,

88 3950 143 4028 ciat,
162 3955 307 4020 Christm
324 3955 370 4016 hic
388 3965 482 4034 neque
500 3957 536 4016 de
545 3956 702 4032 Pastorum,
722 3969 816 4037 neque
834 3958 870 4018 de
882 3951 1207 4040 Magistratuumoifieio
1253 3996 1256 4002 .

87 4025 228 4107 disserere,
248 4031 304 4094 'sod
327 4031 530 4092 offendiculum
552 4031 655 4093 tollere
673 4053 730 4112 quo
749 4033 900 4094 turbantur
921 4035 1039 4109 intituli,
1062 4033 1129 4092 dum
1145 4026 1207 4099 Ec·

89 4099 190 4170 slesiam
210 4109 312 4170 rident
329 4127 389 4166 non
407 4109 494 4168 modo
519 4129 553 4167 ex
572 4107 683 4184 electis,
711 4111 760 4171 sed
778 4131 813 4170 ex
831 4110 940 4191 impura
958 4111 1037 4170 faece
1056 4103 1208 4166 collectum

90 4197 148 4260 essa
192 4183 339 4246 Messores
361 4185 461 4266 angeli
488 4191 566 4244 sunt.
611 4185 726 4246 Nomen
748 4185 805 4246 hoc
830 4175 1147 4248 accommodari-dehet
1162 4185 1207 4252 {ud

91 4273 188 4323 musam
211 4270 399 4344 praesentem.
437 4263 578 4321 Messores
602 4259 669 4320 alibi
692 4257 825 4322 &cuntur
846 4263 871 4319 A
893 4259 978 4318 ostoli
995 4255 1207 4338 Prophetarum

33 4381 35 4386 -
90 4347 219 4416 r‘spectu
236 4337 302 4420 quia
320 4336 351 4397 in
370 4353 470 4400 eonem
489 4333 615 4396 laborent
634 4331 753 4417 ingressi
771 4346 839 4395 suut
926 4335 1008 4404 4,ae
1025 4345 1056 4392 et
1073 4337 1118 4407 15,
1131 4333 1204 4404 lt.)-

720 4481 724 4510 ‘
735 4499 744 4532 ι
