2830 4772
507 219 634 272 cauum
651 219 832 282 ramentas.
986 287 987 293 η
1184 209 1243 278 265

113 371 216 432 morte
237 339 364 452 aliquos
385 359 533 432 altinient.
554 317 628 428 v17.
652 359 696 427 Et
716 359 806 426 eritis
827 361 916 434 exosi
935 355 1090 430 omnibns
1109 369 1243 448 propter

6 499 8 558 {
113 483 233 536 nomen
253 485 367 542 meum.
403 463 488 529 ‘luc
505 462 550 530 Et
566 462 651 550 pilus
673 463 815 549 sospito
836 469 945 530 vestm
965 482 1033 539 uon
1053 463 1155 551 perit,
1189 461 1242 531 lo.

114 571 154 642 ln
175 569 328 667 patientia
347 564 510 668 possidete
532 567 651 636 animas
671 558 803 634 ¹vestros.

117 838 147 882 ,ξ
190 822 297 886 Mattbs
311 825 339 887 9.
379 823 461 887 Turro
480 821 602 884 tradent
620 841 673 882 σοι
686 822 719 880 in
736 819 940 897 efflictim.
976 817 1038 894 Iam
1056 819 1130 886 aliud
1147 831 1242 884 tenta-
1310 845 1314 866 ·

114 900 202 962 tionis
220 921 310 982 genus
329 899 466 984 praedicit
487 898 615 960 Christus
632 897 789 976 discipulis,
812 917 869 976 quo
887 906 999 975 praeter
1015 917 1179 959 communes
1197 899 1242 960 ai·
1290 946 1294 956 ,

72 1020 76 1027 .
113 978 257 1055 llictiones
280 975 405 1058 ipsorum
426 974 494 1036 fides
512 973 658 1055 probanda
678 973 738 1037 sits·
755 993 859 1052 nempe
877 971 954 1064 ipsos
972 972 1027 1032 toti
1046 975 1153 1042 mundo
1173 995 1242 1036 exo·

113 1073 161 1116 sos
177 1065 214 1114 et
235 1051 410 1118 detestabiles
436 1051 508 1111 iore.
547 1050 614 1110 Hoc
636 1067 688 1131 per
710 1070 742 1112 se
759 1049 820 1110 filiis
842 1049 897 1110 Der
915 1046 995 1112 triste
1016 1069 1049 1110 ac
1067 1048 1169 1108 durum
1189 1061 1243 1126 est,

111 1129 273 1222 promiscue
292 1149 357 1190 cum
378 1126 506 1262 reprobis
525 1138 555 1187 et
563 1125 619 1186 Dei
634 1123 876 1206 contemptoribus
895 1121 993 1208 afiligi,
1013 1135 1043 1184 et
1059 1123 1157 1186 iisdem
1175 1123 1243 1205 sub-

110 1203 161 1266 rici
179 1205 292 1285 poenis,
312 1225 383 1284 quas
425 1203 444 1262 li
460 1223 514 1282 pro
534 1199 590 1262 suis
607 1200 756 1266 sceletibus
780 1200 927 1262 sustinent.
971 1200 1038 1266 Hoc
1063 1219 1134 1270 veto
1155 1199 1243 1282 longe

112 1279 375 1362 iniquiusvldetur,
399 1278 506 1340 duriter
525 1275 649 1369 opprimi
668 1277 798 1362 gravibus
819 1275 910 1352 malis,
934 1295 950 1336 a
967 1275 1069 1412 guribus
1087 1275 1126 1334 im
1148 1275 1243 1338 iisiut

112 1357 262 1420 immunes.
310 1359 418 1415 Verum
437 1353 519 1414 sicuti
537 1354 674 1429 triticum,
700 1351 749 1414 ubi
767 1351 856 1414 simul
867 1373 930 1429 cum
946 1374 965 1444 p
979 1419 981 1422 ,
993 1373 1025 1414 ea
1040 1295 1158 1434 flagelis
1177 1375 1244 1434 per-

113 1453 225 1498 cussum
244 1430 345 1506 fuerit,
364 1427 558 1494 mula-deinde
576 1429 761 1498 contunditur
775 1449 808 1488 ac
827 1428 936 1503 teritur,
955 1441 994 1493 sta
1003 1431 1083 1502 Deus
1095 1427 1165 1490 filios
1176 1449 1243 1500 suns

112 1529 182 1570 nou·
195 1517 307 1574 tanturn
331 1504 520 1568 communiter
543 1527 606 1566 cum
631 1503 721 1586 impiis
745 1504 860 1588 affligit,
888 1505 938 1566 sed
963 1525 1047 1566 cruce
1073 1503 1244 1596 etiamprae
1272 1523 1275 1530 '

112 1583 172 1644 aliis
201 1581 323 1664 subigit,
354 1593 386 1642 ut
415 1581 504 1642 videri
531 1581 644 1662 possint
664 1579 772 1660 reliquo
797 1600 904 1662 genere
927 1580 1049 1647 humano
1073 1600 1242 1645 musmones.
1265 1641 1273 1652 ,
1347 1583 1351 1596 “

112 1659 174 1720 Sed
193 1658 308 1738 proprie
326 1657 372 1718 bie
392 1657 518 1720 Christus
536 1657 572 1720 de
593 1657 794 1720 afflictionibus
814 1657 936 1733 disserit,
973 1679 1021 1718 uas
1060 1659 1094 1718 r'o
1112 1659 1245 1740 Evange-

112 1733 290 1796 liovsubituri
309 1745 391 1797 erant
408 1733 475 1796 disci
497 1732 543 1794 uli.
591 1733 654 1795 Etsi
674 1733 749 1796 enim
768 1753 870 1796 verum
889 1745 930 1796 est
950 1733 957 1748 '
979 1732 1017 1792 ud
1035 1678 1114 1796 intuli
1138 1733 1245 1812 (Rom,
1330 1741 1338 1757 ‘

111 1816 147 1887 8,
164 1813 249 1886 aa),
277 1811 445 1892 quos‘Dens
466 1755 508 1872 ele
530 1809 564 1885 it,
589 1830 638 1870 eos
659 1830 773 1902 quoque
791 1809 943 1872 destinasse
961 1810 996 1870 ad
1015 1807 1158 1872 sermidam
1178 1831 1246 1870 cru-
1408 1825 1409 1848 ἢ

113 1908 193 1962 cem,
218 1897 258 1956 ut
283 1885 445 1950 conformes
468 1832 528 1950 sini
542 1887 658 1982 imagini
676 1889 699 1947 F
701 1886 739 1946 ilis
757 1885 811 1946 sui:
850 1907 911 1948 non
928 1895 1023 1946 tamen
1040 1885 1092 1948 bac
1112 1885 1245 1970 singulari

66 2005 68 2010 .
87 2021 91 2029 ,
112 1974 181 2026 nota
200 1981 300 2026 omnes
318 1962 456 2054 insignit,
476 1975 510 2024 ut
529 1962 564 2024 ab
584 1962 730 2046 bvangelii
748 1961 876 2024 hostibus
894 1962 1141 2043 persequutionem
1159 1961 1245 2024 susti-

113 2051 208 2100 neant
245 2041 293 2102 De
309 2039 361 2102 bac
380 2060 469 2102 orucss
494 2039 586 2119 specie
605 2060 681 2101 nuuc
701 2039 887 2102 concionatur
906 2039 1049 2114 Christus,
1068 2039 1135 2100 dum
1153 2037 1245 2099 fideli·
1296 2094 1304 2106 ,
1358 2071 1367 2084 ·
1408 2085 1409 2100 r

112 2115 171 2178 bus,
185 2135 240 2195 pro
259 2115 405 2198 Evangelii
424 2115 587 2190 testimonio
606 2113 759 2194 impiorum
780 2115 844 2176 odia
862 2113 970 2189 subire,
987 2113 1099 2194 probris
1120 2135 1151 2176 se
1170 2113 1244 2176 obii·

114 2203 192 2265 cere,¹
210 2203 239 2252 et
257 2191 383 2254 furorem
403 2211 561 2282 provocare
580 2211 696 2253 necesse
715 2203 766 2252 est.
823 2192 896 2252 Nam
916 2190 1075 2252 admonitos
1093 2191 1182 2252 noluit
1200 2191 1245 2271 di-

89 2267 250 2349 scipulos,
275 2266 422 2352 Evangelii
447 2267 605 2328 doctrinam
630 2265 727 2342 (cuim
750 2267 838 2330 futuri
861 2278 942 2328 erant
964 2277 1051 2328 testes
1074 2287 1107 2326 ac
1130 2265 1243 2343 nuntii)

112 2344 218 2407 murno
242 2365 423 2424 nequaqnam,
442 2342 507 2406 iore
530 2353 639 2427 gratam
666 2341 711 2404 uel
737 2342 925 2424 plausibilem,
952 2343 1188 2422 quemadmodmn
1215 2353 1250 2404 et

6 2463 7 2490 2
111 2419 190 2555 prius
208 2419 260 2480 illis
280 2430 456 2502 exposuerat,
476 2465 479 2470 ,
499 2418 639 2480 Praedicit
657 2429 751 2480 autem
769 2440 829 2478 nou
850 2419 937 2480 modo
957 2440 1022 2480 cum
1040 2417 1135 2500 paucis
1153 2417 1245 2478 bosti-

134 2517 166 2555 us
186 2493 321 2555 illis‘iore
340 2505 497 2569 cerumen,
516 2493 565 2555 sed
584 2515 754 2574 quocunque
772 2493 915 2570 venerint,
940 2507 1040 2576 gentes
1060 2515 1159 2555 omnes
1178 2493 1245 2562 iore
1327 2525 1331 2530 ·
1374 2538 1376 2560 r

6 2601 7 2606 ¹
111 2569 166 2632 illis
193 2569 317 2632 infestas.
355 2571 422 2630 Hoc
445 2581 539 2630 autern
557 2569 721 2631 incredibile
738 2581 906 2651 portentum
921 2569 993 2648 fuit,
1057 2571 1095 2632 od
1113 2569 1159 2632 nel
1181 2569 1275 2630 for-¹

110 2645 235 2720 tissimus
254 2645 361 2708 anirnos
379 2643 535 2726 percellere
553 2657 583 2708 et
601 2658 755 2708 concutere
773 2657 884 2727 posset,
907 2591 1091 2714 nommpiffi
1111 2645 1168 2708 Dei
1185 2658 1243 2708 tarn

110 2720 218 2784 infame
237 2743 298 2790 esse
317 2733 347 2782 et
365 2721 507 2798 odiosum,
529 2735 563 2784 ut
582 2723 714 2784 omuibus
737 2723 796 2784 eim
815 2721 971 2784 cultoribus
989 2723 1094 2802 ubique
1108 2723 1244 2784 invidiam

111 2807 230 2861 cremet.
268 2797 338 2860 ldeo
357 2819 373 2861 a
393 2799 430 2858 nd
448 2801 576 2860 Marcum
592 2799 724 2875 babetur,
758 2809 860 2860 concta
877 2803 969 2860 uobis.
1010 2799 1079 2874 Quo
1098 2800 1188 2861 verbo
1208 2800 1244 2860 li-

110 2893 179 2936 nem
199 2885 230 2936 et
247 2895 362 2938 tuumfa
381 2873 545 2947 monitionis
564 2887 660 2951 notat,
685 2877 789 2938 debere
808 2875 919 2938 scilicet
939 2875 974 2936 ad
994 2875 1173 2937 tolerantiam
1192 2880 1244 2956 pass

109 2964 189 3012 ratos
213 2969 287 3025 esse,
315 2971 355 3012 ne
378 2950 505 3013 incautos
523 2952 664 3033 opprimat
681 2953 818 3014 tentatio:
866 2951 952 3032 Apud
965 2953 1096 3012 'eundem
1115 2951 1244 3019 Marcum

110 3027 238 3103 additur,
261 3029 334 3102 foro
350 3029 405 3088 laon
422 3029 542 3119 regibus
561 3039 592 3088 et
607 3031 796 3108 praesidibus
814 3033 846 3096 in
864 3032 1078 3102 testimouium,
1095 3049 1190 3106 ¹quum
1208 3025 1245 3088 ad

111 3102 224 3166 illorum
242 3103 364 3164 tribunal
383 3103 459 3164 ducti
478 3103 585 3164 luerint
599 3105 710 3166 chisti
735 3103 871 3186 discipuli.
918 3091 1019 3165 ‘Lucas
1044 3100 1129 3184 paulo
1152 3101 1243 3180 aliter,

111 3184 260 3262 continget
276 3184 359 3243 nobis
377 3181 483 3258 hocin
500 3183 715 3240 testimonium:
740 3180 790 3242 sed
809 3201 924 3261 prorsus
945 3179 1046 3240 eodem
1064 3199 1159 3242 sensu.
1196 3178 1244 3240 Si·
1292 3209 1295 3216 ·

111 3257 225 3338 gnificat
249 3257 325 3320 enim
350 3251 491 3332 Christus,
520 3257 705 3340 Evangelium
728 3279 809 3322 suum
834 3277 870 3316 eo
894 3255 983 3337 magn
1011 3267 1143 3316 testatum
1168 3253 1244 3333 fore,

111 3331 163 3392 ubi
185 3335 284 3395 mortis
310 3333 436 3416 periculo
461 3331 606 3394 defensum
625 3333 719 3394 luerit.
777 3334 850 3394 Nam
874 3332 899 3394 si
923 3343 1035 3392 tantum
1056 3329 1243 3412 praedicando

112 3407 269 3492 Evangelio
300 3429 417 3492 operam
444 3409 587 3480 dedissent
616 3408 763 3490 Apostoli,
793 3429 855 3470 non
884 3408 968 3468 etiam
998 3420 1098 3468 contra
1119 3407 1244 3470 furiosos

110 3485 372 3566 bostiumimpetus
389 3497 552 3566 constanter
567 3507 623 3579 pro
642 3505 678 3547 eo
696 3485 844 3548 asserendo
865 3485 1018 3560 stetissent,
1051 3505 1112 3544 non
1131 3497 1187 3546 tam
1205 3483 1242 3544 il-

111 3560 206 3622 lustris
225 3561 323 3628 fuisset
341 3561 398 3624 eius
418 3562 604 3624 confirmatrd.
653 3561 846 3640 Quumrero
861 3562 950 3640 capita
968 3582 1018 3624 sua
1037 3561 1163 3624 obiicere
1182 3581 1243 3620 non

112 3635 288 3712 dubitarent,
300 3658 354 3698 uec
372 3637 421 3698 ulli
436 3639 535 3700 mortis
553 3651 676 3702 terrores
692 3659 741 3701 eos
760 3637 914 3698 deiicerent
932 3659 948 3700 a
967 3638 1124 3719 proposito,
1144 3657 1178 3698 cx
1197 3636 1243 3694 in-

112 3709 224 3790 trepida
246 3733 344 3774 eorum
368 3715 523 3796 constantia
541 3715 682 3795 apparuit,
707 3736 792 3794 quam
809 3713 883 3775 serio
901 3714 936 3774 de
956 3735 1055 3776 causae
1073 3731 1139 3775 suae
1157 3711 1249 3772 bouis

39 3817 42 3822 ·
112 3797 172 3846 tate
189 3788 311 3865 persuasi
330 3789 434 3850 iurent.
485 3791 550 3851 Fuit
568 3791 654 3872 igitur
673 3791 742 3852 haec
761 3789 887 3872 legitima
907 3789 1054 3872 Evangelii
1073 3787 1242 3870 obsignatio,

112 3861 269 3942 Apostolos
287 3863 321 3922 ad
341 3884 442 3946 regum
459 3887 548 3944 nsque
566 3866 714 3928 tribunalia
730 3867 834 3946 absque
854 3865 1005 3927 formidine
1014 3863 1137 3944 prodire,
1158 3875 1186 3924 et
1197 3859 1243 3923 in-

112 3959 208 4022 genua
227 3937 283 4000 illic
303 3937 410 3999 Christi
429 3942 692 4019 nomen-profiteri.
729 3943 854 4021 Ideoque
870 3945 969 4004 Petrus
989 3960 1019 4001 se
1037 3949 1140 3997 testem
1158 3949 1244 3998 vocat
1285 3949 1288 3954 '

89 4017 90 4022 ’
113 4014 278 4098 passionum
295 4014 411 4090 chaun,
430 4031 544 4095 quarum
563 4017 682 4099 insignia
700 4017 761 4098 ipse
780 4019 915 4098 gestabat.
958 4019 996 4078 Et
1014 4011 1116 4100 Paulus
1135 4011 1244 4092 Philip-

113 4090 244 4172 pensiurn
263 4091 371 4172 primo,
394 4113 423 4151 v.
444 4094 492 4154 17.
511 4091 648 4172 gloriatur
670 4115 702 4154 se
728 4095 758 4152 in
777 4094 923 4176 Evangelii
950 4088 1150 4180 defensionem·
1167 4091 1245 4169 posi·

7 4213 8 4224 ,
113 4179 185 4228 tum.
225 4165 315 4258 Quod
333 4166 467 4248 imprimis
489 4177 589 4230 notatu
606 4168 723 4251 diguam
743 4179 798 4244 est,
817 4191 855 4228 ne
875 4169 951 4248 turpi
967 4163 1244 4247 praeuaricauonea

6 4237 8 4250 '
112 4243 168 4304 fide
187 4243 324 4321 excrdant,
343 4265 413 4327 quos
431 4245 511 4308 Deus
530 4255 610 4342 tants
628 4244 739 4310 bonore
758 4247 900 4328 dignatur,
921 4253 953 4304 ot
971 4251 1107 4322 patronos
1118 4241 1243 4310 veritatis
1305 4325 1307 4332 Ι

6 4367 10 4396 ,
115 4339 180 4388 stttte
198 4323 358 4388 constituat.
447 4371 449 4376 .
473 4365 477 4388 r
