2796 4774
288 279 291 290 ·
333 197 530 318 ΙΙ(Ἀθ-40.
553 238 1056 324 ,(Ῐῑιιῐιωε-Ᾰίεείμῑίιερρᾰηῑ,)’ν
1102 261 1104 270 ‚
1188 246 1252 310 39?
1321 263 1322 266 ,

127 389 222 457 tttts.'
244 392 303 459 so:
320 395 497 462 Etdaetum
526 405 585 473 cat,
617 393 692 460 duur
721 395 1012 462 accrtmheruteuru
1034 385 1093 476 eis,
1107 373 1244 494 'aceepit

126 501 240 580 pahem
263 505 301 580 et
314 492 489 584 benedixit,
511 521 550 598 ao
570 492 680 584 fregit,
702 507 733 564 et
753 497 1029 590 porrigebatisillls.
1089 516 1092 528 ·
1116 579 1129 604 ,ί
1151 517 1155 530 ·
1183 489 1192 530 ²

201 667 273 744 Luc.
296 669 343 730 13.
362 666 422 728 {Et
445 689 510 730 ecce
532 667 599 728 duo.
656 667 716 732 Etsi
737 666 975 738 hanc'bistoriam
998 669 1110 732 Marcus
1123 671 1250 732 'tamum

126 741 252 834 bpeviter
268 739 384 820 delibat,
408 746 565 810 Matthaeus
589 737 758 806 etloanues
782 765 819 809 ne
842 745 930 806 verbo
957 739 1251 829 quidem'att'inguht':

147 819 190 879 uia
209 832 302 880 tamen
320 821 437 904 cognitu
447 821 580 902 apprime
599 820 671 882 utilis
689 831 719 900 et
737 833 894 883 memoratu
912 821 995 904 digna
1015 834 1088 894 erat,
1106 819 1167 882 eam
1179 822 1252 880 'nora

125 841 229 964 bostra
247 895 338 976 Lucas¹
353 909 410 956 tam
430 908 560 969 accurate
577 897 761 978 persequitur.
800 895 858 958 Sed
876 895 931 989 33⁰¹.
949 898 1191 988 saepepadmonuip
1208 899 1251 958 ita

125 970 242 1052 siugulIs
264 963 447 1056 Evangelistis
470 993 531 1034 suas
554 984 648 1054 partes
671 985 735 1054 apte
761 971 931 1052 distribuisse,
953 969 1009 1046 Det
1022 973 1183 1055 Spiritum,
1209 973 1252 1038 'rii

125 1049 201 1126 quod
220 1051 294 1130 apud
311 1072 399 1125 uuum
417 1047 461 1110 vel
481 1049 551 1116 duos
567 1070 628 1108 non
646 1049 780 1124 occurrit,
800 1071 833 1110 ex
846 1049 905 1108 aliis
920 1048 1028 1118 &aare
1041 1049 1132 1110 liceat.
1158 1039 1249 1112 ‘Natu

126 1121 423 1204 etjplurcs-uision‘cs‚
450 1121 567 1204 quarum
585 1125 692 1186 mentio
711 1125 743 1184 fit
761 1125 835 1206 apud
853 1123 1094 1208 lo'anncmi'apud
1114 1136 1172 1199 tres
1190 1123 1251 1186 nol

125 1211 199 1260 stros
218 1212 355 1282 tacentur.
394 1197 486 1280 ¹Porro
509 1213 657 1282 antequam
680 1198 715 1262 ad
738 1200 861 1285 singulas
886 1190 1250 1278 circumstantias'icniami,

123 1277 182 1336 boc
200 1277 357 1342 summatim
381 1275 501 1358 praefari
524 1278 775 1360 operaepretium
806 1277 871 1360 erit',
905 1277 1031 1340 delectos
1060 1277 1143 1360 fuisse
1174 1271 1266 1338 duos*

124 1353 192 1412 istos
215 1364 316 1429 testes,
334 1375 385 1434 per
403 1374 473 1432 quos
492 1351 632 1420 Dominus
650 1376 710 1416 non
728 1353 908 1434 persuaderet
926 1353 1084 1436 Apostolis,
1102 1375 1132 1417 se
1151 1343 1250 1414 r'e'surl

124 1429 236 1504 rexisse,
256 1429 304 1489 sed
324 1451 423 1490 eorum
442 1428 598 1490 tarditatem
618 1443 796 1512 coargueret:
821 1430 944 1510 quamvis
963 1443 1056 1490 umen
1075 1429 1157 1490 initio
1177 1429 1224 1492 uih
1232 1427 1250 1488 il

110 1505 358 1584 promoverint...
372 1503 429 1566 aliis
456 1505 557 1568 deiude
586 1506 757 1576 adminiculis
784 1506 974 1582 testimouium
999 1527 1098 1566 eorum
1122 1504 1250 1565 adiutum

124 1579 198 1659 apud
222 1580 299 1672 ipsos
322 1583 426 1642 iustum
470 1581 560 1644 ondus
579 1583 710 1660 obtinuit.
759 1583 883 1658 Quinam
908 1597 978 1644 vero
1002 1583 1108 1644 fuerint
1129 1581 1249 1649 dubium

124 1663 181 1729 est,
209 1655 262 1718 msi
284 1657 360 1736 quod
379 1679 413 1718 ex
431 1603 542 1721 alterius
561 1659 677 1732 nornine
695 1659 795 1739 (quem
808 1659 903 1726 ¹Lucas
924 1657 1006 1740 paulo
1025 1670 1090 1739 post
1108 1655 1250 1746 ‚Cleopatti

124 1731 252 1809 vocabit)
274 1733 414 1796 coniicere
433 1734 498 1810 licet
521 1756 581 1796 non
604 1735 689 1797 fuisse
706 1755 746 1796 ¹eu
767 1735 906 1798 undecim.
948 1737 1063 1796 Ernaus
1088 1745 1169 1794 vetus
1192 1754 1250 1813 op-

123 1804 223 1889 pidum
244 1809 383 1884 fuit‚'nec
402 1809 542 1895 ignobile,
581 1805 637 1874 uod
656 1825 754 1894 postea
773 1811 934 1892 Nicopolim
953 1811 1091 1886 vocarunt
1108 1810 1247 1890 ltomanig

123 1907 179 1946 nec
194 1885 280 1968 longa
298 1885 427 1966 distantia
446 1887 499 1968 suit
516 1888 551 1948 ab
601 1887 790 1970 ierosolymis,
815 1911 901 1970 quum
920 1890 1061 1980 sexaginta
1079 1886 1250 1959 stadiataaa·

122 1972 185 2020 tum
209 1974 317 2042 septem
339 1962 423 2024 millia
444 1983 573 2044 passuum
599 1963 721 2046 efficiant
742 1976 771 2024 et
793 1987 887 2049 passus
909 1965 1137 2055 quadringentos.
1187 1959 1248 2025 Stet

123 2037 204 2098 locus
226 2057 287 2096 non
310 2050 368 2097 tam
393 2040 431 2100 ob
451 2039 657 2115 celebritatem,
686 2063 770 2122 quam
792 2039 827 2117 ad
853 2041 1051 2102 certitudinem
1072 2039 1209 2100 historiae
1229 2043 1250 2120 ¹t

122 2112 201 2172 Luca
220 2111 443 2193 expressusiuit.
587 2165 589 2172 ,
1143 2113 1155 2122 ”
1198 2109 1202 2123 ’
1240 2109 1244 2128 '

201 2191 247 2256 lt.
284 2189 326 2246 Et
345 2191 404 2266 ipat·
416 2187 669 2268 ‚colloquebantun
712 2190 778 2250 Hoc
801 2189 908 2270 pietatis
931 2191 1043 2272 siguum
1066 2189 1135 2276 fuit,
1169 2177 1248 2271 quod

123 2263 208 2326 fidem
226 2264 256 2324 in
278 2263 434 2340 Christum,
464 2266 529 2330 licet
547 2265 683 2340 infirmam
703 2278 732 2326 et
751 2265 892 2346 exiguam,
909 2267 1057 2345 'utcunque
1077 2265 1176 2326 fovere
1196 2266 1246 2326 eo-'

124 2340 183 2421 nati
200 2353 279 2402 sunt:
299 2362 390 2420 neque
409 2341 485 2401 eninr
502 2341 557 2402 alio
579 2335 713 2402 tendebat
732 2341 915 2422 colloquium,
928 2341 1037 2408 'nisiut
1058 2341 1182 2422 magistri
1202 2331 1248 2410 sui

122 2417 311 2490 reuerentiam
333 2417 575 2492 crucis'scandalo
597 2417 686 2481 instar
712 2417 803 2510 clypei
828 2429 1016 2500 opponerent.
1075 2417 1245 2499 Quanquam

122 2505 216 2554 autem
234 2491 397 2556 sciscitando
418 2505 448 2554 et
469 2487 632 2574 disputando
650 2493 838 2561 inscitiamrc
855 2493 1026 2570 rebensione
1045 2493 1156 2576 diguam
1176 2513 1247 2574 pm,-

124 2567 244 2644 detaut,
273 2591 359 2648 quum
380 2567 488 2650 pridem
506 2569 642 2652 admoniti
662 2571 697 2634 de
720 2571 814 2637 lutura
833 2516 940 2634 dtristi
964 2570 1173 2636 resurrectione
1191 2569 1246 2630 ob-

124 2640 369 2725 stupescerentad
387 2645 446 2708 eius
464 2645 600 2721 auditum,
625 2659 837 2725 cerumtamen
862 2645 988 2724 docilitas
1008 2647 1045 2723 ad
1068 2645 1246 2714 eximendum

125 2742 251 2785 errorem
272 2720 387 2784 Christo
406 2722 511 2784 aditum
529 2723 683 2804 praebuit.¹
704 2721 787 2786 Multi
810 2723 886 2787 enirn
908 2724 971 2790 data
986 2743 1081 2804 *opera
1104 2722 1246 2803 quaestio-

115 2805 176 2862 'ncs
194 2809 325 2874 mouent,
352 2797 416 2879 quia
433 2797 485 2860 illis
502 2799 679 2880 propositum
691 2812 740 2871 ¹est
759 2799 964 2878 contumaciter
981 2799 1080 2864 ver'um
1098 2802 1246 2884 respueres

124 2873 226 2954 quibus
248 2886 340 2936 autem
359 2875 438 2938 cordi
456 2887 499 2936 est
517 2875 624 2956 placide
642 2897 741 2938 verum
761 2875 911 2957 amplecti,
931 2875 1043 2950 ,etiamsi
1061 2875 1193 2935 vacillent
1210 2871 1248 2943 ad

123 2950 250 3010 minimas
269 2949 450 3028 obiectiones,
470 2963 499 3012 et
516 2953 551 3012 ad
569 2951 805 3034 leveslscrupulos
823 2951 982 3028 subsistant
999 2951 1041 3012 his
1057 2949 1175 3034 gratiam
1194 2969 1255 3010 co-·

123 3047 185 3108 ram
203 3027 269 3104 Deo
288 3027 365 3108 pium
384 3027 532 3091 obediendi
552 3027 673 3102 studium
691 3027 843 3111 conciliati¹
862 3039 895 3100 ut
914 3028 990 3110 quasi
1008 3035 1140 3108 porrecta
1159 3045 1248 3106 manu

123 3101 153 3162 in
173 3100 287 3164 solidam
305 3103 499 3164 certitudinem
519 3101 632 3165 adducti
653 3103 790 3169 fluctuare
808 3105 943 3166 desinant.
983 3105 1052 3170 Hoc
1070 3098 1248 3186 quidemst,-

122 3181 248 3242 nendum
267 3191 322 3255 cst,
351 3179 399 3240 ubi
418 3181 454 3242 dc
473 3179 602 3244 Christo
614 3179 793 3262 inquirimus²
820 3180 844 3240 si
862 3182 990 3262 modesto
1009 3175 1134 3241 discendi
1153 3177 1247 3240 studio

122 3255 151 3316 id
164 3257 233 3334 diat,
252 3257 362 3318 ianuam
383 3256 409 3317 ei
426 3268 551 3336 apertam
570 3277 631 3318 esse
649 3255 682 3318 ad
701 3277 754 3321 nos
771 3256 918 3332 iuvandos,
936 3255 993 3322 imo
1012 3265 1081 3316 tunc
1099 3254 1177 3318 velut
1193 3253 1247 3324 do-

124 3343 232 3402 ctorem
252 3330 534 3414 ipsum'arccssimus‚
552 3332 635 3393 sicuti
651 3331 763 3413 profani
782 3333 910 3395 homiues
929 3331 1044 3418 impuris
1063 3331 1119 3406 suis
1137 3317 1248 3394 sirmo-

124 3405 206 3470 nibus
230 3429 293 3468 eum
317 3407 417 3490 procul
438 3423 623 3478 summovent.
762 3465 765 3474 .
995 3467 998 3474 .
1031 3473 1033 3482 ,

201 3485 246 3544 16.
289 3485 376 3564 Oculus
396 3487 515 3547 illorum
538 3489 721 3546 tenebantur.
753 3485 835 3562 *Hoc
863 3484 967 3566 direpte
996 3482 1174 3568 Evangelista
1201 3493 1250 3554 te-,

123 3569 220 3634 statur,
238 3561 355 3638 nequis
374 3575 455 3642 putet
472 3574 603 3630 mutatam
624 3563 708 3624 luisse
728 3561 855 3655 corporis
869 3559 974 3624 Christi
992 3557 1118 3645 figuram.
1139 3559 1244 3633 Quam·

124 3635 165 3698 vis
185 3655 256 3716 ergo
274 3635 369 3696 sirnilis
389 3639 432 3716 aui
455 3651 581 3703 maneret
601 3638 745 3711 Christus,
776 3641 841 3702 adeo
863 3640 976 3720 agnitus
999 3660 1059 3708 non
1082 3635 1148 3720 luit,
1181 3632 1245 3724 quia

124 3712 198 3790 capti
215 3723 294 3783 erant
311 3710 465 3772 videntium
487 3715 576 3794 oculi,
606 3735 663 3794 quo
686 3712 794 3778 tollitur
816 3715 921 3797 spectri
941 3715 986 3796 vel
1009 3707 1246 3791 falsaeimagrna-

123 3785 210 3878 tionis
228 3787 367 3878 suspicio..
398 3787 477 3849 Hinc
497 3810 566 3851 vero
592 3790 741 3866 ducemur,
773 3803 875 3871 quanta
898 3789 934 3852 sit
958 3790 989 3849 in
1008 3787 1091 3849 nobis
1113 3805 1245 3848 sensuum

124 3861 454 3934 omarumrmbecillitas,
482 3875 515 3924 ut
538 3885 632 3948 neque
654 3865 728 3926 oculi
749 3888 803 3928 nec
826 3889 906 3936 aures
932 3863 1028 3932 officio
1051 3883 1102 3924 suo
1122 3853 1246 3952 iungan—
1349 3877 1368 3890 “

123 3949 184 4014 tur,
203 3935 256 4000 nisi
277 3937 482 4020 quatenusillis
500 3941 607 4001 assidue
625 3942 786 4023 suggeritur
805 3962 829 4014 e,
842 3941 922 4018 coelo
942 3939 1065 4025 facultas.
1098 3929 1248 4020 '‘Naturali-¹.

87 4060 89 4073 .
122 4026 168 4074 ter
186 4013 297 4096 quidem
317 4015 372 4078 suis
391 4015 502 4078 dotibus
520 4017 644 4096 praedita
662 4029 729 4079 sumt
745 4017 870 4081 membra
888 4027 996 4078 nostra:
1027 4015 1076 4074 sed
1101 4034 1158 4094 quo
1182 4019 1248 4097 iue-¹
1260 4018 1283 4080 ζ

121 4089 174 4151 lius
193 4103 305 4154 constet
322 4091 450 4173 precario
469 4093 552 4152 nobis
571 4111 716 4156 concessas
735 4115 808 4169 esse,
832 4095 911 4156 Deus
929 4091 959 4152 iu
978 4112 1063 4152 mauu
1081 4110 1245 4176 suapearum

122 4189 201 4228 usum
220 4165 338 4244 retinet,
357 4179 389 4227 ut
407 4165 464 4230 hoc
482 4169 593 4248 ipsum‚·
611 4171 687 4249 quod
707 4191 788 4232 aures
805 4170 923 4230 audiunt
942 4181 970 4232 et
989 4166 1063 4229 oculi
1085 4164 1244 4245 videntgpiu

121 4243 289 4324 quotidianis
313 4243 372 4306 eius
393 4241 534 4307 beneficiis
556 4247 719 4328 ponendum
741 4247 788 4308 ait:
824 4245 887 4327 quia
913 4241 967 4308 nisi
989 4244 1019 4305 in
1043 4241 1151 4326 singula
1179 4243 1251 4302 mo·'

121 4332 216 4386 menta
233 4333 348 4408 vegetet
365 4343 461 4386 sensus
479 4321 618 4398 nostros‚'
638 4331 699 4385 tota
722 4343 820 4407 compa
841 4321 883 4402 Ινίε
905 4341 972 4386 mox
991 4319 1101 4403 peribit.
1126 4319 1243 4425 „pile”
