2790 4764
177 273 234 334 ltu
366 303 371 316 =
458 267 567 352 SECT.
587 269 666 340 XV„
691 283 779 331 rasus
798 285 840 330 ar
859 284 1028 336 ursanum.
1125 281 1129 288 ’

178 441 238 484 rem
256 419 438 501 domesticam
460 417 535 480 bene
554 417 729 493 curaverint,
754 417 811 480 imo
834 417 896 484 filiis
921 419 1153 503 obsequentibus,
1176 421 1224 504 qni
1246 425 1306 482 tota

177 499 233 556 vita
256 497 397 578 patienter
419 493 537 555 tulerint
557 495 644 574 patris
669 495 829 576 imperinm.
882 499 1169 578 Quanquamautem
1215 515 1305 558 rursus

177 572 287 652 indigni
312 582 392 648 erant
414 569 466 630 bac
490 569 584 645 laude,
613 569 743 631 Christus
764 583 866 654 ¹tamen
895 593 940 633 ex*
954 593 1054 634 eorum
1081 595 1165 635 sensu
1192 519 1306 654 ltqucns

175 649 271 710 fictam
290 645 503 708 sanctimoniam
522 645 574 706 illis
593 661 647 726 pro
666 645 771 708 virtute
814 670 845 709 cr
864 649 1078 712 concessionem
1097 651 1226 736 imputat:
1253 649 1309 712 acsi

131 787 146 798 ,,
176 725 301 797 dixisset,
320 721 428 782 etiamsi
447 721 529 783 vobis
548 721 702 804 con-egedam
721 743 777 806 quo
815 723 884 786 falso
903 723 1024 801 iactatis,
1043 747 1095 787 vos
1115 727 1180 786 Deo
1201 747 1311 808 semper
1388 793 1389 806 χ

114 859 124 866 ,
177 800 342 862 obedientes
360 797 446 859 fuisse
464 795 544 874 filios,
568 819 629 858 non
646 810 743 859 tamen
762 800 801 859 ita
818 797 941 881 sir'p‘erbe
955 811 984 862 et
998 800 1151 865 crudeliter
1163 801 1312 864 abiiciendi

178 886 263 940 erunt
281 873 390 950 iratres,
412 873 463 935 ubi
479 895 496 934 a
513 875 621 957 perdita
639 876 697 949 uita
716 873 894 958 resipiscunt.
1388 917 1389 940 1

251 951 322 1012 Luc.
340 953 388 1015 28.
426 951 520 1012 Pater
538 953 622 1012 illius
639 973 787 1038 egressus.
826 953 880 1014 llis
898 951 992 1014 verbis
1011 951 1170 1044 superbiam
1187 975 1249 1030 non
1267 953 1313 1015 fe·
1388 993 1389 1020 ;

175 1029 292 1090 rendam
310 1027 465 1110 hypocritis
485 1027 643 1110 exprobrat,
663 1028 739 1109 quod
758 1050 773 1090 a
792 1041 874 1164 patre
892 1027 1013 1110 rogandi
1031 1039 1095 1104 sant,
1121 1050 1159 1091 ne
1178 1029 1313 1096 fratribus

176 1105 233 1166 suis
251 1105 473 1166 misericordiam
492 1104 644 1166 inrideant.
684 1105 776 1166 Porro
811 1105 867 1167 icet
888 1126 948 1164 non
970 1117 1056 1186 roget
1078 1106 1170 1186 Deus,
1192 1127 1245 1180 suo
1269 1113 1314 1166 ta-'

175 1203 244 1243 men
263 1181 390 1262 exemplo
409 1179 444 1242 ad
463 1180 607 1242 toleranda
626 1180 743 1242 fratrum
760 1182 828 1242 vitia
846 1201 899 1242 nos
917 1181 1056 1243 hortatur.
1088 1181 1186 1261 Atque
1204 1194 1238 1249 ut
1257 1183 1314 1242 im-

196 1258 271 1324 roho
290 1257 380 1340 rigori
402 1279 516 1321 omnem
536 1257 749 1318 excusationem
762 1257 918 1338 praecidat,
941 1278 1002 1316 non
1021 1268 1130 1318 tantum
1149 1257 1315 1351 hypocritas
1388 1277 1389 1282 ’

174 1281 323 1416 loquentes
341 1329 458 1409 inducit,
478 1353 597 1414 quorum
616 1332 733 1394 refutari
750 1335 839 1426 possit
858 1333 925 1394 falsa
943 1331 1082 1408 iactantia,
1094 1355 1202 1404 ,verum
1226 1335 1313 1394 etiam

176 1412 200 1475 si
220 1411 280 1492 quis
303 1410 488 1492 integerrime
511 1409 642 1470 omnibus
664 1410 777 1490 pietatrs
801 1410 901 1482 officiis
926 1429 993 1492 erga
1014 1412 1128 1472 Patrem
1152 1410 1188 1472 sit
1208 1409 1313 1471 delun·-

146 1441 250 1560 letus,
278 1486 305 1546 ei
328 1485 437 1546 taureis
448 1486 548 1546 iustam
572 1485 765 1576 querimoniae
789 1507 851 1548 esse
874 1491 984 1547 causam
1007 1499 1107 1622 rppgat,
1152 1486 1208 1546 uod
1229 1485 1313 1548 fratri

176 1565 258 1624 venia
276 1563 366 1622 detur.
406 1562 522 1628 Certum
544 1561 656 1640 qurdem
677 1573 732 1638 est,
758 1563 884 1628 sinceros
904 1563 960 1623 Dei
980 1577 1016 1624 'cu
1039 1585 1103 1625 ores
1123 1507 1158 1624 al)
1176 1562 1232 1624 hoc
1252 1584 1313 1623 ma-

174 1639 254 1722 ligno
274 1637 380 1698 aflectu
397 1659 485 1720 puros
503 1657 617 1717 semper
637 1648 666 1698 et
685 1659 794 1710 vacuos¹
807 1638 885 1713 fore,
905 1640 954 1699 sed
976 1639 1083 1712 Christi
1102 1639 1247 1702 consilium
1268 1651 1314 1700 est

175 1715 334 1786 ostendere,
353 1713 480 1793 iniquum
497 1735 558 1774 esse
573 1712 622 1793 qui
637 1713 761 1776 iratriin
776 1714 896 1798 gratiam
909 1715 1195 1798 recepto'obtreetat,
1214 1715 1312 1778 cuam-
1388 1767 1389 1774 ,

175 1791 198 1866 si
217 1789 365 1850 sanctitate
384 1789 491 1874 angelis
509 1809 570 1848 non
591 1789 679 1850 cedat.
1028 1826 1031 1835 s
1388 1843 1389 1852 ,

250 1867 297 1926 31.
337 1865 411 1936 Fili,
437 1876 471 1924 tu
495 1887 555 1924 scm
575 1885 611 1946 er
631 1885 743 1924 mecum
765 1886 807 1926 es.
846 1865 914 1926 Duo
933 1876 1001 1924 sunt
1018 1864 1101 1926 huius
1120 1865 1312 1958 responsionis
1388 1919 1389 1924 ,

175 1941 278 2022 capita:
292 1942 383 2024 prius
403 1953 459 2016 est,
524 1961 541 2000 ο
584 1939 660 2001 nulla
684 1952 727 2001 est
749 1939 990 2001 irasc‘endi'eausa
1034 1943 1220 2024 rimogemto,
1244 1944 1313 2003 dum
1388 2007 1389 2014 χ

174 2041 227 2078 suo
245 2017 350 2098 absque
363 2017 465 2080 damno
498 2027 602 2077 ratrem
615 2015 775 2078 humaniter
788 2017 847 2077 acci
868 2016 981 2079 ividet:
1028 2029 1121 2078 terum
1135 2039 1215 2095 vero,
1235 2019 1315 2098 quod

174 2095 249 2156 nulla
274 2093 417 2166 fraternae
438 2092 532 2154 salutis
555 2092 648 2154 habita
671 2093 797 2168 ratione,
825 2038 866 2154 οξ
887 2091 1055 2170 hilaritatem
1080 2114 1114 2172 ep
1138 2094 1197 2160 eius
1217 2097 1313 2160 reditu
1388 2141 1389 2158 .

175 2181 342 2263 conceptam
360 2171 498 2231 tristetur.
536 2165 654 2250 Ouinio,
675 2169 776 2250 inquit,
795 2189 861 2228 mea
879 2179 949 2229 sunt
969 2179 1042 2228 tua:
1065 2167 1121 2242 hoc
1139 2167 1191 2262 est,
1211 2171 1313 2231 etiam·
1388 2193 1389 2198 ¹

174 2247 198 2308 si
221 2246 290 2309 nilul
313 2247 448 2308 hactenus
474 2248 498 2306 e'
520 2245 699 2319 dompmea
727 2244 887 2321 abstuleris,
914 2243 984 2304 nihll
1008 2244 1062 2305 tibi
1085 2245 1217 2326 deperht,
1245 2247 1312 2323 quia
1366 2259 1379 2304 ’.

174 2324 270 2388 omnia
291 2323 344 2389 athi
367 2323 440 2389 salva
465 2335 588 2388 manent.
643 2309 756 2386 Deibde
779 2319 846 2406 quid
869 2334 900 2384 te
926 2321 1048 2389 offendit
1072 2333 1169 2384 nostra
1193 2320 1311 2395 laetitia,
1388 2347 1389 2360 ¹

174 2403 252 2462 cuius
271 2412 305 2480 tu
323 2401 415 2471 socius
436 2419 496 2475 esse
515 2397 669 2470 debueras?
699 2419 765 2464 nam
783 2419 904 2479 aequum
924 2409 996 2486 erat,
1021 2397 1115 2472 fratri,
1140 2418 1224 2478 quern¹
1241 2417 1313 2478 per-

173 2477 262 2538 ditum
281 2479 447 2559 putavimus,
467 2496 544 2536 nunc
563 2473 639 2536 salvo
660 2485 689 2535 et
707 2471 805 2534 reduci
824 2471 982 2556 gratular1.'
999 2473 1079 2550 Duae
1097 2473 1166 2534 istae
1185 2473 1311 2534 rationes
1388 2513 1389 2556 1

173 2553 257 2614 nobis
271 2553 413 2613 notandae
426 2551 593 2633 sunt:·quia
612 2571 666 2612 nec
686 2550 834 2632 quicquam
852 2549 936 2610 nobis
953 2546 1073 2624 decedit
1092 2549 1117 2610 si
1134 2551 1261 2633 benigne
1279 2549 1311 2608 in

173 2628 292 2722 gratiam
315 2629 417 2707 recipit
440 2629 531 2702 Deus,
582 2627 611 2696 ui
634 2628 758 2707 peccatis
780 2627 837 2692 auis
862 2626 897 2686 ab
923 2644 958 2686 eo
986 2625 1097 2686 alienati
1123 2625 1249 2688 fuerant:
1281 2636 1311 2693 et
1388 2641 1389 2692 4

172 2703 326 2790 rmpiaest
348 2649 681 2788 duritiesponlaetari,
708 2723 795 2784 quum
817 2702 919 2794 iratres
940 2714 1069 2784 amunte
1087 2703 1313 2784 redivivosscers
1388 2719 1389 2746 ³

172 2797 274 2838 narnus.
695 2793 698 2801 ’
1158 2802 1161 2808 ’
1212 2815 1217 2827 x

401 2851 406 2860 n

260 3032 361 3119 (152.)
404 3031 575 3102 ΜΑΤΤΗ.
599 3029 716 3117 xvtlt
760 3031 811 3098 15.
842 3031 879 3098 Si
906 3035 1192 3122 veropeooaverit
1216 3034 1250 3098 in
1275 3041 1310 3098 te
1388 3055 1389 3066 ³

173 3135 271 3204 irater
290 3149 380 3216 tuus,
409 3135 498 3208 rade·
513 3145 663 3222 etargue
686 3157 758 3202 eum
784 3138 869 3206 inter
889 3147 921 3204 te
943 3148 974 3204 et
995 3138 1099 3226 ipsum
1121 3136 1246 3220 solutus
1277 3137 1310 3206 ei
1388 3149 1389 3232 ἐ

172 3249 205 3302 te
227 3239 388 3328 audierit,
404 3227 546 3305 lucratus
569 3259 604 3303 es
627 3238 754 3306 fratrem
776 3233 880 3316 tuum:
931 3241 984 3308 16.
1011 3241 1047 3306 Si
1076 3261 1153 3305 vero
1183 3245 1223 3312 tc*
1239 3257 1310 3311 nou

174 3341 316 3420 audierit,
338 3341 456 3408 adhibe
477 3337 581 3407 tectam
604 3340 709 3406 adhuc
729 3337 829 3408 arnum
850 3343 903 3409 vel
925 3343 1018 3426 duos,
1040 3352 1076 3408 ut
1096 3344 1208 3430 inore
1226 3339 1310 3406 duo·
1388 3335 1389 3338 '

125 3487 126 3490 =
172 3465 244 3508 rum
272 3454 327 3508 aut
350 3447 444 3527 trium
472 3447 599 3508 testium
628 3447 781 3511 consistat
809 3467 905 3536 omne
925 3445 1074 3512 verbums
1100 3443 1219 3532 quodsi
1236 3442 1310 3526 ¹nou

104 3579 136 3620 ο,
173 3544 310 3624 audierit
336 3539 405 3624 eds,
433 3543 486 3626 dic
505 3543 690 3628 Ecclesiae,
731 3549 782 3616 17.
811 3548 941 3636 Quodsi
962 3543 1141 3628 Ecclesiam
1163 3562 1230 3621 nou
1252 3568 1310 3626 aur

121 3677 126 3690 ·
175 3649 283 3732 dimit,
313 3649 354 3714 sit
375 3647 433 3724 tibi
455 3650 537 3714 siout
556 3649 712 3724 Ethnicus
736 3663 767 3717 et
789 3638 994 3732 Publicanos.
1037 3649 1087 3716 18.
1107 3653 1211 3716 Arnen
1234 3647 1308 3719 dieo

172 3750 282 3830 vobis,
310 3771 521 3838 quaeeunque
552 3751 726 3838 ligaveritis
753 3764 1001 3842 superterram,
1031 3764 1124 3818 eruut
1152 3753 1322 3838 ligataet

173 3858 205 3918 in
222 3849 330 3931 coelo,
348 3863 379 3918 et
401 3875 611 3940 quaecunque
633 3855 806 3934 solveritis.
819 3879 916 3943 super
937 3868 1062 3936 terram,
1085 3865 1178 3932 erunt
1200 3854 1307 3920 shluta
1351 3857 1353 3866 '

6 4045 7 4048 Ἴ
109 3951 139 3986 ”
175 3968 206 4027 ot
229 3961 262 4030 iu
285 3955 387 4026 coelo.
433 3957 483 4030 19.
506 3953 646 4032 Rursum
669 3958 742 4024 dico
764 3957 874 4040 vobis,
900 3951 1041 4046 quodsi
1064 3957 1129 4032 duo
1152 3955 1307 4024 errabis
1354 3999 1358 4006 ·

6 4051 8 4130 f
102 4087 108 4096 -
174 4063 398 4136 corasenseriut
419 4081 515 4152 super
536 4071 666 4146 terram,
694 4057 735 4125 d'e
758 4065 844 4126 omui
866 4085 915 4146 re,
944 4085 1035 4150 quam
1059 4063 1223 4148 petierint,
1248 4059 1307 4126 fiet

6 4135 10 4258 l
142 4157 238 4247 11113
269 4185 287 4240 a
316 4165 408 4229 Patre
436 4178 523 4246 atreo,
546 4165 603 4250 qui
631 4167 667 4230 in
692 4161 789 4230 coelis
818 4175 875 4235 est.
929 4168 981 4238 20.
1014 4163 1081 4232 Ubi
1114 4157 1198 4230 enim
1231 4173 1306 4242 sunt

6 4263 12 4464 p
176 4255 242 4321 duo
270 4264 412 4338 veltres
440 4267 623 4398 congrpgati
650 4268 839 4342 innomine
866 4292 953 4353 meo,
982 4267 1030 4344 ibi
1050 4289 1120 4338 suro
1142 4269 1176 4335 in
1197 4263 1305 4341 medio
1388 4281 1389 4344 j

176 4371 301 4424 eorum,
