2796 4774
171 231 269 294 ‘tu‘
399 225 509 294 suci.
528 225 610 287 xlv.
649 239 821 288 meseum
838 240 880 292 sr
897 237 1073 292 1001101011.
1180 269 1186 316 ,

176 377 241 442 euin
258 393 321 438 000
338 376 463 450 abesset,
488 375 553 456 quis
575 373 689 437 honore
711 375 845 456 prosequi
867 373 1015 440 bominem
1037 397 1054 437 s
1077 372 1206 438 carnifice
1225 371 1304 436 oeci·

176 476 237 520 sum
255 474 316 514 non
334 464 483 536 poterant,
502 450 570 534 quin
589 451 704 540 tyranni
722 451 830 513 rabiem
848 451 879 512 in
897 472 929 513 se
948 463 1149 533 provocarent.

183 729 187 738 ,
260 679 368 766 (131.)
388 679 560 748 Mauris.
582 681 670 747 XIV.
714 677 766 745 18.
788 677 826 745 ld
846 699 944 767 quum
966 679 1109 748 audisset
1130 681 1237 759 Iesus,
1257 698 1309 746 se·
1381 743 1382 754 ,

176 784 271 856 cessit
299 781 394 857 111100Ι
415 785 450 852 10
475 783 552 868 navi
579 781 622 849 ed
649 780 939 853 desertumvloeum
965 802 1127 868 seorsum:
1156 793 1187 848 et
1209 803 1309 871 quum
1381 777 1382 866 j

176 885 343 958 audissent
362 883 490 967 turbae,
512 895 666 972 sequutae
686 894 761 957 suut
782 883 872 952 iilum
893 885 1006 956 itinere
1028 885 1170 972 pedestri
1190 883 1233 952 ab
1253 907 1311 951 ur·
1382 908 1383 966 1

174 987 282 1056 bibus.
326 990 379 1057 lt.
399 990 442 1058 Et
462 1009 612 1076 egressus
633 989 724 1055 Iesus
744 987 827 1056 vidit
847 985 976 1054 multem
996 985 1130 1067 turbem,
1152 997 1184 1054 et
1204 997 1310 1057 tectus
1380 967 1383 1094 1

176 1101 226 1160 est
245 1091 365 1160 eiiectu
385 1090 624 1169 misericordiae
646 1111 722 1178 erga
743 1085 839 1170 illos,
861 1091 1047 1178 sanevitque
1075 1111 1113 1156 ex
1138 1088 1219 1170 illis,
1252 1089 1337 1176 qui'¹
1381 1111 1383 1186 p

175 1194 261 1266 susle
281 1195 453 1270 hebebant.
505 1193 558 1284 15.
584 1193 688 1277 Porro
716 1215 814 1282 quum
840 1195 1014 1281 appetisset
1039 1211 1189 1278 vespera,
1219 1189 1312 1258 adie-

176 1309 253 1367 nint
273 1320 348 1367 etun
368 1296 518 1386 discipuli
539 1298 619 1377 eius,
641 1293 791 1377 dicentes,
812 1297 967 1364 Desertus
989 1304 1038 1362 est
1058 1292 1160 1374 loeus,
1181 1302 1213 1360 et
1227 1291 1313 1378 bora
1356 1375 1359 1384 Ι
1383 1349 1384 1370 ,

147 1404 240 1474 ,iam
266 1405 444 1488 praeteriit,
471 1399 592 1468 dimitte
618 1396 747 1478 turbas,
775 1407 811 1464 ut
831 1395 948 1466 abeant
968 1399 1003 1466 in
1023 1399 1131 1477 vicos,
1151 1403 1183 1462 et
1204 1405 1312 1462 emant
1383 1371 1384 1402 ¹

176 1501 390 1570 sibi'eibarie.
444 1503 495 1572 16.
521 1505 564 1570 et
584 1503 675 1569 lesus
698 1501 777 1568 dixit
797 1496 877 1580 illis,
903 1498 982 1570 Non
1009 1511 1058 1568 est
1082 1499 1149 1566 illis
1174 1519 1311 1566 necesse
1384 1496 1385 1566 1

177 1603 280 1670 abire:
302 1603 375 1672 date
391 1605 458 1672 illis
478 1625 554 1684 vos,
576 1603 667 1702 quod
688 1603 791 1670 edent
815 1599 886 1670 111.
908 1605 951 1670 At
971 1604 1020 1670 illi
1041 1602 1153 1670 dieunt
1173 1603 1212 1681 ei,
1231 1600 1312 1668 Non

177 1705 332 1774 babemus
358 1707 425 1787 bie',
453 1709 518 1784 nisi
544 1709 688 1794 quinque
715 1725 814 1794 penes
844 1715 877 1776 et
903 1703 986 1772 duos
1014 1707 1129 1794 pisces.
1176 1705 1231 1780 18.
1251 1702 1313 1769 ille

176 1830 257 1886 vero
278 1807 372 1891 dixit,
397 1809 521 1879 Attente
542 1809 622 1876 mihi
643 1808 719 1878 illos
741 1809 813 1878 bue.
865 1808 918 1879 19.
939 1808 983 1872 Et
1002 1809 1096 1874 iussit
1116 1804 1219 1876 turbis
1242 1805 1313 1874 dis·

177 1909 329 1990 sumbone
355 1915 452 2000 snper
484 1914 642 2001 gresrrins,
679 1912 878 1999 sumptisque
910 1909 1053 1997 quinque
1085 1907 1238 1998 panibus,
1272 1929 1312 1974 ae
1385 1919 1386 1944 t

177 2011 308 2093 duobus
335 2013 491 2106 piscibus,
524 2001 659 2082 sublatis
686 2013 721 2088 in
749 1997 876 2082 eoelum*
906 2010 1009 2078 oeulis
1040 2009 1215 2081 benedixit.
1267 2010 1336 2078 Et·

178 2137 278 2204 quum
300 2116 459 2206 fregisset,
482 2116 570 2189 dedit
589 2113 757 2206 discipulis
778 2136 892 2204 penes,
918 2111 1070 2202 discipuli
1090 2132 1171 2180 vero
1194 2111 1311 2180 turbis.

178 2219 232 2285 20.
257 2219 301 2288 Et
328 2219 537 2300 uomederunt
571 2239 697 2296 omnes,
734 2227 766 2286 et
797 2218 898 2283 saturi
929 2227 1018 2296 sunt,
1054 2225 1086 2282 et
1110 2214 1312 2282 sustulerunt

180 2313 270 2412 quod
297 2323 498 2412 superfuerat
524 2313 553 2388 e'
571 2313 773 2408 fragmentis,
801 2317 971 2387 duodecim
998 2318 1155 2410 cophinus
1181 2317 1311 2407 plenos,
1387 2387 1388 2402 p

179 2423 233 2494 21.
262 2423 450 2514 Persequi
480 2423 697 2503 comederant,
736 2424 867 2492 inerunt
896 2424 1040 2494 virorum
1070 2423 1137 2490 iere
1167 2422 1314 2510 quinque
1387 2421 1388 2460 ¹

179 2526 294 2612 miliia,
315 2539 443 2616 praeter
463 2528 613 2596 mulieres
633 2548 672 2593 ar
692 2547 824 2616 pueros.
865 2525 868 2530 ’
1387 2547 1388 2596 1

266 2675 406 2762 Mene,
434 2681 492 2746 vl.
549 2683 603 2752 30.
629 2681 671 2747 Et
699 2674 1313 2770 0005105001001001101101100001,

181 2785 213 2856 et
236 2780 500 2852 renuntiaverunt
522 2783 553 2847 ei
574 2785 689 2861 omnia,
711 2790 743 2846 et
764 2802 848 2866 quae
870 2783 1010 2874 egissent
1031 2791 1062 2852 et
1083 2802 1166 2868 quae
1182 2777 1314 2846 docuis-

181 2889 263 2974 sent,
309 2878 363 2945 31.
386 2880 431 2950 Et
458 2882 502 2946 ait
527 2882 608 2961 illis,
635 2881 753 2946 Venite
779 2903 840 2946 vos
866 2882 929 2950 soli
955 2884 990 2947 in
1011 2881 1171 2950 desertum
1193 2881 1311 2962 losum,

181 2993 214 3050 et
234 2985 424 3071 requiescite
444 2981 606 3072 pusillum.
646 2982 760 3052 ,Erant
781 2985 866 3076 enirn
888 2983 989 3058 multi,
1010 2986 1067 3072 'qui
1087 2982 1313 3068 veniebant-et

182 3085 329 3167 ebibant,
354 3096 390 3154 ut
415 3105 459 3152 ne
488 3083 594 3162 eibum
620 3083 750 3171 quidem
776 3107 890 3173 capere
911 3097 1047 3160 vacaret.
1095 3087 1149 3157 32.
1170 3087 1213 3153 Et
1233 3077 1332 3154 abiit

79 3229 88 3243 r
167 3189 216 3266 ¹in
243 3188 402 3256 desertum
429 3186 537 3258 laeum
564 3188 693 3274 navigio
720 3208 876 3260 seorsum.
929 3189 983 3259 33.
1010 3189 1052 3256 Et
1076 3189 1228 3256 viderunt
1252 3211 1312 3258 eus
1346 3233 1349 3242 ·

155 3344 161 3360 .
181 3287 337 3371 abeuntes
359 3289 487 3374 turbae,
519 3299 551 3366 et
571 3279 776 3376 agnoverunt
793 3313 864 3366 eunr
879 3283 1009 3371 uuiti,
1025 3301 1057 3360 et
1077 3294 1191 3360 itinere
1211 3288 1312 3381 pede-
1347 3377 1350 3382 ¹

181 3391 240 3466 stri
266 3413 306 3462 ex
327 3391 477 3470 omnibus
498 3391 633 3468 urbibus
656 3403 886 3462 concurrerunt
907 3391 998 3474 illuc,
1029 3402 1061 3460 et
1075 3395 1311 3483 praevenerunt

181 3513 248 3570 eos,
269 3506 551 3589 conveneruntque
573 3494 733 3562 edilium.
776 3496 830 3562 34.
851 3497 894 3562 Ε1
915 3518 1061 3584 egressus
1082 3498 1164 3564 vidit
1183 3497 1310 3566 turbam
1351 3558 1360 3576 ,

180 3594 309 3678 01011001
336 3597 440 3676 lesus,
467 3607 499 3664 et
524 3597 642 3675 affeetu
671 3599 911 3680 miserieordiae
935 3609 1038 3668 tactus
1066 3609 1115 3674 est
1140 3621 1216 3688 erga
1243 3619 1312 3680 eos,

182 3699 238 3786 qni
259 3706 350 3794 erant
369 3698 459 3765 velut
479 3719 572 3779 oves,
593 3699 661 3776 000
683 3701 835 3773 babentes
858 3711 1034 3791 pastorem,
1055 3711 1087 3770 et
1108 3704 1213 3789 eoepit
1233 3701 1309 3770 illos

181 3801 302 3868 docere
322 3798 428 3888 100110.
478 3801 530 3872 35.
557 3803 601 3868 Et
627 3827 725 3891 quum
752 3806 815 3870 ianr
840 3799 974 3870 issultum
996 3804 1062 3880 diei
1087 3807 1310 3893 praeteriisset,

182 3912 385 3984 secesserunt
407 3901 449 3980 ad
469 3926 550 3984 enus.
564 3903 714 3992 discipuli
736 3909 819 3987 eius,
841 3905 997 3986 dicentes,
1019 3907 1174 3976 Desertus
1196 3917 1249 3990 est
1259 3909 1317 3976 10-’

182 4028 256 4084 eus,
282 4015 313 4088 et
333 4007 395 4082 1001
419 4005 553 4078 multum
574 4011 727 4096 temporis
749 4009 879 4088 effluxit.
920 4011 974 4086 36,
998 4011 1130 4086 Dimitte
1157 4009 1245 4092 illos,
1272 4019 1310 4076 ut

183 4101 298 4174 abeant
318 4111 353 4176 in
373 4109 633 4188 eireumieeeutes
655 4111 764 4190 villas,
788 4133 826 4176 ae
845 4114 949 4191 viros,
976 4124 1145 4200 errantque
1166 4113 1230 4180 sibi
1251 4136 1309 4208 pn-

182 4219 254 4294 11011
280 4229 353 4290 narn
379 4209 468 4298 qnod
496 4209 592 4294 edant
616 4231 683 4304 npp
709 4211 836 4292 habeut.
887 4213 940 4278 31.
968 4213 1040 4302 ipse
1067 4237 1146 4284 vero
1172 4237 1308 4306 respon-

184 4293 263 4370 dens
284 4306 361 4386 dixit
380 4307 458 4396 dlis,
483 4313 566 4400 Date
591 4315 656 4388 illis
671 4337 752 4398 ,vus,
777 4313 867 4420 quud
889 4313 992 4398 edant.
1040 4319 1082 4402 Et
1102 4315 1247 4404 (11101001
1267 4321 1307 4398 ei,
