2796 4774
180 205 239 272 ato
386 195 533 263 §ECHO
549 192 633 256 xm.
663 208 791 256 emrsrr
807 207 919 256 rursm
938 207 979 254 rr
997 209 1093 255 uuas.

184 355 333 428 medatis:
374 351 428 418 68.
450 345 581 436 Quodsi
601 347 694 414 etiam
714 347 962 432 interrogavero,
981 367 1049 416 non
1068 344 1317 435 respondebitis
1380 349 1381 426 i

185 461 276 538 mih'r,
309 475 416 542 neque
437 449 607 518 dimittetis.
657 447 710 512 69.
732 449 780 512 Ex
799 448 863 512 hoe
883 458 1027 535 tempore
1047 450 1106 514 erit
1125 449 1228 516 Filius
1254 452 1319 517 hu·

96 629 102 652 ,
185 565 281 632 minis
307 557 425 626 sedens
452 576 472 620 a
497 552 616 620 destris
645 550 770 617 virtutis
799 549 872 614 Dei.
938 551 990 615 7⁰.
1016 553 1173 616 Direrunt
1202 561 1320 616 autem

187 685 312 742 omum,
340 659 394 724 Tu
421 677 499 742 ergo
527 677 563 722 es
583 649 686 720 ritus
710 653 793 718 Dei?
857 650 924 738 Qui
946 655 1003 732 ait,
1024 655 1094 719 Vos
1117 653 1237 732 dicitis,
1263 675 1320 719 me

189 789 269 836 esse.
312 761 364 828 71.
385 759 429 824 At
449 757 499 829 illi
519 757 671 834 direrm,
693 752 782 840 Quid
804 753 908 820 adhue
929 753 1144 822 desideramus
1164 757 1320 825 testimu-

188 870 295 938 nium?
315 863 385 954 ipsi
399 864 482 930 euim
503 857 681 928 sumsimus
702 877 740 924 er
761 877 819 924 ore
840 859 917 924 eius.
1089 841 1098 866 ⁸

268 1120 368 1184 Mattb.
386 1119 434 1181 62
473 1117 514 1178 Et
538 1134 660 1196 surgens
682 1134 815 1174 summus
837 1113 983 1178 sacerdos.
1021 1112 1164 1176 Christum
1189 1113 1321 1176 tacuisse

194 1211 303 1264 eertum
324 1209 378 1272 est,
397 1215 484 1276 quum
502 1191 564 1254 salsi
581 1203 665 1252 testes
684 1212 748 1251 eum
765 1203 940 1272 premerent,
963 1210 1023 1250 non
1041 1191 1126 1251 modo
1146 1191 1209 1269 quia
1227 1191 1319 1251 refu-

192 1277 301 1338 tatione
324 1271 432 1355 indigni
456 1281 549 1346 eraut,
581 1268 630 1328 sed
652 1267 722 1348 quia
738 1268 793 1328 iam
813 1267 921 1331 absolvi
943 1287 1003 1328 nou
1027 1266 1189 1346 quaerebat,
1217 1266 1318 1328 sciens

193 1353 292 1424 huram
311 1371 390 1412 suam
407 1347 525 1412 venisse.
565 1343 681 1422 Caiphae
700 1357 793 1412 umen
813 1344 871 1406 eius
889 1343 1001 1402 silentio
1020 1342 1145 1416 insultat,
1169 1342 1248 1422 quasi
1266 1343 1318 1402 vi-

195 1441 256 1490 ctus
276 1425 497 1497 obmutesceret,
522 1419 604 1481 sicuti
622 1420 715 1481 solent
734 1420 781 1500 qui
800 1419 852 1480 sihi
870 1415 941 1480 male
959 1417 1063 1479 conscii
1080 1430 1155 1478 suut
1193 1420 1316 1480 Summa

194 1515 289 1566 antem
314 1500 476 1580 improbitas
503 1503 559 1572 est,
588 1498 668 1575 quod
691 1496 837 1556 Christum
859 1493 998 1556 insimulat
1019 1515 1078 1554 nou
1101 1515 1196 1555 carere
1219 1495 1316 1574 culpa,

194 1580 260 1660 quia
288 1597 353 1638 eum
375 1586 462 1636 testes
490 1583 666 1653 oppugnent.
712 1573 888 1634 Tantundem
919 1571 994 1631 enin
1023 1571 1095 1632 valet
1123 1571 1316 1652 interrogatio

194 1657 278 1734 haec,
310 1653 384 1732 quid
403 1653 457 1710 isti
475 1659 627 1709 testantur
644 1659 748 1708 eontra
767 1653 817 1708 te?
848 1647 904 1708 acsi
921 1647 1044 1722 dixisset,
1074 1647 1122 1766 gui
1145 1648 1177 1706 fit
1200 1659 1233 1706 ut
1259 1645 1317 1712 tihi

195 1731 376 1802 adversentur
399 1725 445 1786 isti
470 1723 612 1798 homines,
641 1723 695 1784 nisi
739 1725 784 1784 uis
808 1723 886 1805 cogit
904 1743 953 1784 eos
970 1722 1084 1804 religio.
1116 1723 1317 1804 nequeenim
1361 1729 1364 1738 ’

194 1807 257 1866 sine
280 1821 360 1864 musa
383 1801 436 1861 tibi
458 1799 561 1860 infensi
585 1811 687 1860 essent.
758 1802 903 1860 uari-vero
923 1799 1042 1860 nesciret
1060 1798 1155 1860 fraude
1172 1799 1317 1858 suborna-

195 1893 241 1944 tus
260 1899 332 1954 esse,
362 1876 471 1938 sedita
495 1895 611 1936 excusso
637 1873 745 1954 pudore
764 1875 907 1937 ferociunt
931 1877 969 1934 im
992 1875 1023 1948 ii,
1052 1875 1116 1934 dum
1133 1877 1264 1955 potentia
1283 1886 1317 1934 et

194 1953 300 2018 viribus
323 1964 389 2014 sunt
414 1951 580 2034 superiores.
618 1951 742 2020 Rursum
766 1973 835 2014 vere
860 1951 945 2012 tacuit
964 1899 1104 2024 Christus,
1135 1972 1192 2010 non
1218 1949 1314 2011 solum

195 2030 259 2110 quia
279 2027 377 2090 frivola
397 2037 457 2088 erat
475 2025 612 2100 obiectio,
642 2026 691 2087 sed
710 2027 774 2107 quia
792 2027 927 2088 sacrificio
946 2029 1062 2090 devotus
1086 2047 1199 2088 omnem
1217 2026 1314 2108 priva·
1380 2087 1381 2106 ,

195 2119 241 2169 tae
259 2103 430 2168 defensionis
448 2117 543 2164 euram
561 2103 708 2164 abiecerat.
1380 2165 1381 2172 ἵ

192 2183 202 2220 ¹
272 2185 319 2246 bd
336 2183 456 2242 'Adiuro
475 2191 506 2240 te
520 2201 575 2257 per
591 2183 684 2240 Deum
702 2182 853 2240 uiuentem.
872 2181 958 2241 -ddoc
975 2199 1059 2240 unum
1078 2177 1184 2240 crimen
1205 2177 1314 2260 putavit
1380 2177 1381 2184 '

192 2259 425 2332 addamnandum
435 2257 577 2322 Christum
587 2257 715 2320 sufficere
726 2256 871 2331 Pontifex,
892 2256 916 2317 si
923 2257 1099 2318 seChristum
1108 2258 1248 2336 professes
1265 2274 1312 2314 es-

197 2347 252 2403 set:
294 2336 371 2418 atqui
398 2357 485 2416 quum
508 2355 539 2394 se
562 2334 697 2399 instarent
723 2353 821 2396 omncs
839 2354 856 2394 a
876 2333 990 2394 Christo
1009 2332 1225 2414 redemptionem
1244 2350 1313 2410 spe-

162 2459 171 2468 .
197 2413 484 2504 rare,'quaerendum
503 2409 576 2506 prius
595 2409 698 2484 suerat,
728 2408 805 2470 itane
829 2414 909 2474 esset'
945 2405 1058 2470 Nullum
1076 2407 1138 2469 tore
1157 2407 1312 2480 Christum,

219 2509 251 2548 er
271 2507 348 2549 eurus
366 2499 480 2548 manum
496 2487 655 2548 liberandus
674 2495 747 2546 esset
764 2487 892 2566 populus,
910 2503 1014 2568 negare
1033 2507 1091 2546 non
1109 2483 1222 2545 scissem
1240 2482 1309 2544 ausi.

196 2509 298 2631 bmdtt
311 2565 392 2630 Iesus
411 2564 440 2624 iu
458 2563 580 2626 medium
599 2585 663 2634 ‚eum
683 2560 789 2622 Christi
807 2561 913 2700 elogio:
938 2585 988 2624 cur
1010 2562 1044 2624 ad
1066 2579 1127 2622 rem
1144 2561 1233 2641 ipsam
1250 2580 1311 2620 non

196 2639 363 2716 attendunt?
382 2659 433 2716 eur
450 2659 510 2700 non
527 2638 551 2698 si
573 2659 608 2698 na
630 2639 795 2712 examinant,
815 2655 855 2716 uu
872 2661 888 2700 e
906 2649 1014 2700 rectum
1032 2638 1162 2698 iudicium
1179 2635 1240 2696 fieri
1258 2657 1311 2717 pu·
1379 2651 1380 2685 t

197 2705 288 2799 terat?
325 2706 382 2772 Sed
406 2713 469 2793 quia
491 2659 576 2774 serait
598 2723 732 2774 statutum
755 2711 815 2775 ittts‘
832 2711 896 2786 erat‘
917 2713 1058 2776 Christum
1081 2714 1209 2794 perdere,
1241 2733 1312 2773 con-

193 2788 272 2849 tenti
285 2800 356 2848 runt
369 2789 426 2848 hoc
444 2789 579 2880 sacrilegii
597 2801 754 2868 praetextu,
774 2793 850 2869 quod
867 2791 984 2852 Deitatis
1002 2789 1117 2874 gloriam
1136 2809 1202 2872 prae
1221 2809 1250 2848 se
1265 2799 1312 2847 tu-
1378 2811 1379 2872 p

193 2863 270 2931 terit.
307 2865 346 2924 Et
358 2865 655 2930 ,ramerius-eiurante
675 2864 798 2927 adhibito
818 2868 933 2947 perinde
951 2887 1012 2928 rem
1031 2865 1164 2928 exandmt
1184 2864 1311 2945 Caiphas,
1378 2873 1379 2876 ’

195 2940 254 3024 acsi
280 2961 311 3002 ea
339 2939 429 3024 probe
453 2952 598 3022 comperta
621 2953 730 3022 paratus
749 2954 827 3003 esset
855 2943 966 3006 cedere:
999 2943 1110 3006 interim
1136 2953 1225 3002 totam
1252 2940 1312 3000 eius

194 3030 323 3080 mentem
343 3027 481 3099 occupant
504 3035 668 3097 perversum
685 3017 790 3081 Christi
814 3019 909 3081 odium
928 3033 956 3080 et
983 3023 1173 3099 contemptui,
1198 3018 1237 3078 sic
1259 3018 1312 3077 de-

194 3094 263 3158 ‘nde
283 3105 343 3156 eam
362 3104 514 3156 exesoetnt
531 3093 660 3174 superbia
679 3105 709 3155 et
726 3093 855 3172 ambitio,
881 3107 914 3156 ut
931 3115 984 3188 pru
1003 3095 1128 3156 confesso
1147 3105 1248 3168 sumat,
1273 3092 1312 3153 si·
1345 3111 1349 3122 ·

196 3169 288 3236 mutae
306 3173 342 3236 de
360 3171 437 3235 iacto
457 3170 626 3246 eonstiterit,
656 3172 756 3234 omissa
774 3170 841 3235 iuris
863 3171 1057 3264 inquuitipne,
1089 3171 1118 3232 in
1140 3191 1221 3230 mauu
1236 3175 1312 3252 'esse

197 3245 298 3308 iustam
322 3246 506 3310 damnationis
530 3267 654 3308 causam·
685 3251 778 3310 Porro
804 3271 838 3310 ex
860 3248 981 3328 Caiphae
1006 3247 1098 3309 verbis
1121 3245 1181 3308 colli
1202 3265 1251 3306 ere
1277 3243 1311 3304 ii-
1377 3297 1378 3318 ,

197 3331 255 3396 cet,
282 3320 421 3384 celebrem
443 3331 511 3386 tunc
529 3323 604 3384 inter
622 3323 841 3460 Iudaeospuisse
860 3325 976 3388 Messias
994 3324 1116 3399 titulum,
1137 3333 1168 3382 ut
1216 3321 1243 3382 ei
1259 3319 1309 3380 Fi·
1377 3329 1378 3351 ¹

108 3445 116 3454 .
197 3395 265 3456 lium
275 3405 433 3466 ‚rorarentz
464 3419 556 3481 neque
575 3399 650 3480 epim
668 3401 740 3460 aliun
761 3421 777 3461 e
796 3421 878 3481 quam
897 3421 931 3460 ex
946 3399 1088 3463 communi
1105 3391 1185 3460 m'ore
1202 3407 1310 3478 sumpta

81 3493 86 3498 ·
197 3471 251 3534 tuit
269 3473 336 3534 haee
355 3474 547 3559 interrogandi
564 3475 662 3546 forma.
686 3479 724 3536 Et
741 3498 885 3538 sanenon
903 3478 995 3540 minus
1013 3497 1047 3537 ex
1066 3477 1228 3557 scripturae
1246 3495 1310 3534 ora-

197 3548 266 3613 eutis
287 3549 344 3612 Dei
367 3551 469 3610 Filium
495 3571 554 3614 esse
577 3553 713 3613 tenebant
737 3573 818 3632 quam
837 3554 958 3617 Davidis.
995 3553 1041 3614 Ac
1063 3553 1174 3618 videtur
1190 3547 1309 3631 Caiphae

196 3623 242 3712 vei
260 3625 405 3688 territandi
424 3624 528 3688 Christi
549 3648 637 3704 causa,
657 3627 702 3690 vel
719 3631 862 3712 augendae
880 3629 1010 3707 invidiae,
1028 3631 1083 3691 hoc
1102 3628 1227 3712 epitheto
1247 3645 1309 3686 usus
1376 3639 1377 3685 t

196 3705 269 3763 esses
294 3701 350 3763 acsi
369 3702 494 3779 dixisset,
513 3704 586 3765 Vide
606 3723 662 3784 quo
681 3705 884 3790 progrediaris:
912 3728 950 3768 ne
969 3729 1005 3767 ue
1024 3707 1098 3767 enim
1116 3713 1146 3765 te
1166 3703 1308 3764 Christum

195 3777 290 3870 dicere
308 3789 413 3916 poteri]
426 3777 493 3860 quin
512 3779 592 3869 simul
610 3801 724 3865 arroges
741 3801 846 3844 nomen
861 3781 928 3843 ‘Filii
945 3729 1014 3857 bei,
1053 3772 1093 3862 'no
1113 3795 1176 3841 eum
1195 3779 1307 3916 ins'gbrit

113 3927 118 3934 ·
194 3853 718 3996 {wttssnttttttttttttfl
736 3857 1307 4020 {ttrtt‘ththttd‘bgtttst1

194 4001 277 4084 qh'a'm
295 4007 319 4069 si
338 4013 463 4069 sanctum
480 4009 539 4070 Dei
555 4029 660 4070 nomen
678 4009 859 4089 profanasset
1040 4034 1042 4039 ·
1081 4009 1082 4022 ¹
1375 3997 1376 4019 ¹

194 4091 219 4132 ³·
245 4085 315 4144 oh
355 4087 405 4143 Tu*
426 4087 544 4148 disisti.
581 4085 666 4144 Aud
693 4086 804 4147 Lucano
827 4087 959 4150 inseritur
989 4088 1040 4148 alia
1063 4085 1223 4168 responsio,
1255 4105 1306 4164 qua

193 4157 355 4246 perstringit
371 4159 498 4248 Christus
519 4177 598 4219 sacer
618 4172 697 4218 otum
715 4162 870 4239 malitiam,¹
889 4163 966 4243 quud
988 4164 1104 4226 scilieet¹
1120 4181 1306 4254 noneogno-

193 4229 289 4316 scendr
305 4233 397 4294 studio
415 4230 562 4314 inquirant.
614 4233 682 4292 Non
700 4238 842 4310 credetis,
874 4236 982 4318 inquit,
1012 4244 1040 4299 ri
1057 4241 1177 4300 dixero:
1208 4237 1305 4318 quibus

193 4300 283 4360 verbu
301 4305 450 4388 siguificat,
483 4307 591 4370 etiarnsi
614 4312 720 4370 centies
746 4315 908 4396 probauerit
930 4337 961 4376 se
984 4337 1044 4378 esse
1064 4315 1219 4386 Christum,
1250 4313 1306 4375 hoc
1374 4329 1375 4340 ¹
