2830 4772
150 199 155 208 ι
244 319 245 330 ,
304 257 487 348 (Hp-182
525 254 608 316 Acris
626 239 839 318 Pharisaeorum
859 231 1048 338 reprobatio.)
1117 343 1122 364 ¹
1177 262 1235 328 957

97 405 259 473 sceleribus
280 407 457 490 expulerant,
486 417 515 467 et
533 407 650 466 domum
668 409 797 484 ipsorum
816 427 918 468 vocam
937 407 1050 490 oblique
1067 399 1234 490 subindicat,

96 487 158 548 Dei
183 485 304 566 amplius
328 506 387 544 non
412 503 480 544 esse.
523 485 585 542 Hac
608 483 719 562 quidem
739 481 802 564 lege
822 496 990 546 exstructum
1010 498 1070 550 erat
1089 489 1234 569 templum,

97 573 133 624 ut
154 561 266 624 Christi
285 562 406 622 adventu
426 580 484 620 esse
502 559 643 620 desineret
661 559 739 619 sedes
758 579 790 618 ac
809 561 892 620 statio
909 563 977 622 Dei:
996 564 1119 625 stetisset
1136 576 1233 630 tamen

96 638 179 718 quasi
199 637 313 719 insigne
332 647 544 696 monumentum
563 646 715 728 perpetuae
729 634 790 695 diei
808 632 926 716 gratiae,
945 638 997 700 nisi
1036 637 1113 720 opuli
1132 640 1233 722 impie-

96 727 159 777 tate
179 715 356 776 destructum
374 713 458 772 soret
485 711 635 771 llorrrbilrs
653 710 739 790 igitur
758 710 826 771 haec
845 710 899 772 luit
921 711 977 772 Dei
994 659 1081 789 uilio,¹
1093 720 1168 796 qnod
1188 717 1241 778 Ιο-Ι

97 813 167 854 cum
191 801 249 851 tam
274 789 420 872 magnifice
446 807 462 848 a
484 808 514 849 se
539 786 702 847 decoratum
728 807 787 846 non
805 786 892 847 modo
912 789 1035 850 deseruit
1054 811 1087 851 ac
1107 793 1231 856 hunditus

97 865 193 930 everti
216 865 321 940 voluit,
349 866 399 926 sed
421 883 510 944 usque
532 864 567 924 ad
589 862 675 922 linem
693 863 790 922 mundi
809 862 930 924 subiecit
950 875 1089 926 extremae
1106 868 1231 950 ignomi.¹

96 943 173 1004 niae.
213 943 289 1003 liant
307 960 384 1002 nunc
402 941 609 1012 Romanensem
635 949 665 998 et
682 938 773 1000 invito
791 939 856 1001 Deo
875 938 1071 1022 babylonicam
1091 965 1166 1006 suam
1184 969 1230 1008 ar-

96 1041 163 1080 cem
185 1017 325 1080 extollere
342 1028 472 1100 pergant,
489 1037 575 1095 quum
592 1013 726 1096 templmn
740 1013 797 1076 Dei
814 1007 943 1096 a'uspiciis
963 1027 993 1078 et
1011 1015 1141 1082 mandato
1160 1043 1230 1084 con-

95 1095 188 1156 ditum
211 1095 329 1155 videant
347 1092 443 1176 populi
464 1090 615 1153 sceleribus
635 1091 776 1152 cecidisse.
1144 1102 1163 1132 ‘v
1273 1167 1276 1174 Ι

12 1173 14 1182 ’
99 1212 103 1221 ,
174 1175 224 1234 39.
264 1174 338 1232 Dico
363 1175 441 1231 enim
463 1170 555 1230 cotta.
607 1165 765 1228 Confirmat
788 1166 864 1247 quod
887 1165 992 1230 dixerat
1015 1167 1051 1228 de
1074 1171 1175 1252 propin
1195 1195 1230 1236 na

59 1271 66 1282 ¹
93 1247 154 1326 Dei
173 1248 301 1322 ultione,
331 1247 397 1326 quia
420 1244 525 1305 scilicet
544 1243 660 1303 unicum
685 1241 841 1324 effugiendi
859 1243 989 1306 interitus
1007 1246 1160 1308 remedium
1177 1194 1231 1310 llis

93 1323 226 1390 tolletur.
267 1324 341 1382 Nam
360 1321 427 1382 illud
446 1331 506 1384 erat
523 1331 632 1400 tempus
651 1329 806 1399 acceptum,
824 1319 871 1381 ille
890 1319 948 1382 dies
967 1319 1068 1398 salutis,
1106 1344 1168 1383 uam
1181 1325 1236 1385 diu*

94 1401 184 1474 idem,
205 1397 256 1478 qui
269 1397 445 1477 Redemptor
462 1391 514 1454 illis
533 1396 692 1468 advenerat,
709 1395 787 1455 testis
805 1417 837 1456 ac
878 1417 961 1457 raeco
981 1343 1240 1481 erat'redemptio-

94 1477 141 1536 nis
161 1498 180 1536 a
199 1495 232 1535 se
251 1471 356 1533 allatae.
413 1472 480 1531 Eius
498 1481 591 1531 autem
610 1470 745 1546 discessu,
768 1417 885 1551 perinde
898 1493 937 1557 ac
954 1473 1019 1535 solis
1040 1495 1156 1552 occasu,
1183 1476 1230 1537 lux

95 1553 175 1613 vitae
196 1548 325 1610 evanuit:
344 1568 430 1630 qrure
451 1568 565 1608 necesse
583 1547 637 1606 luit
654 1547 784 1607 miseram
803 1547 875 1609 hanc
894 1548 1009 1625 cladem,
1028 1573 1110 1630 quam
1119 1552 1231 1614 dennu-

94 1628 160 1701 tiat,
180 1625 344 1690 succedere.
372 1625 456 1685 Nunc
475 1623 617 1704 quaeritur
634 1623 777 1706 quodnam
794 1635 905 1706 tempus
924 1626 1054 1708 designet
1072 1627 1123 1689 hac
1142 1629 1230 1712 parti-

97 1702 178 1777 cula,
201 1701 432 1762 maeoticam.
492 1699 615 1776 Quidam
633 1699 668 1760 ad
689 1699 819 1760 ultimum
837 1699 931 1760 iudicii
950 1703 1023 1763 diem
1041 1703 1229 1788 restringunt:

96 1779 145 1839 alii
164 1777 332 1839 vaticinium
351 1799 411 1838 esse
429 1779 536 1858 putant,
556 1775 631 1856 quod
649 1775 732 1857 paulo
751 1789 817 1856 post
834 1776 979 1857 impletum
998 1777 1065 1854 suit,
1089 1801 1175 1860 quum
1195 1803 1229 1842 ex

96 1855 215 1916 Iudaeis
236 1854 347 1948 «puidam
358 1853 500 1916 Christum
518 1851 656 1934 supplices
674 1853 871 1914 adoraverunt.
900 1853 957 1916 Sed
974 1867 1075 1916 neutra
1085 1857 1229 1939 interpre-

95 1931 169 1994 tatio
189 1929 261 1991 'miha
278 1931 429 2012 probatur..
479 1931 523 1991 Ac
543 1939 621 1989 certe
642 1929 746 2006 miror,
767 1939 825 1990 tam
846 1929 937 1991 levem
957 1931 1118 2012 scrupulum
1137 1933 1228 1996 doctis

96 2007 267 2069 bominibus
287 2005 431 2068 obstaculo
450 2005 542 2078 luisse,
556 2005 627 2084 ,dum
647 2004 728 2066 anxie
747 2017 898 2084 quaerunt,
921 2008 1065 2086 quomodo
1084 2008 1121 2069 de
1142 2009 1228 2071 Chri-

97 2096 146 2146 sto
168 2083 274 2144 dicturi
292 2083 349 2144 sint
365 2082 508 2158 increduli,
527 2083 695 2142 benedictus
713 2085 767 2161 qui
783 2086 874 2154 vemt,
893 2093 949 2144 etc.
987 2084 1056 2144 Non
1071 2085 1145 2145 enim
1160 2109 1229 2166 qim-

97 2159 143 2220 les
162 2158 254 2219 futuri
271 2159 336 2235 sint,
354 2160 404 2220 sed
423 2159 489 2238 quid
507 2158 567 2238 ipse
586 2158 709 2219 sactums
728 2159 765 2218 sit
784 2159 959 2239 pronuntiat.
1010 2159 1073 2220 Nec
1091 2181 1161 2222 vero
1180 2164 1230 2224 ad-

98 2235 234 2297 verbium
256 2236 346 2297 dama
369 2230 676 2318 longius'''extenditur,
700 2235 835 2314 quamad
853 2245 966 2316 tempus
983 2235 1228 2316 quodpraecedit.

98 2311 210 2392 Ioseph
228 2331 289 2370 non
313 2323 356 2373 est
377 2331 543 2394 congressus
563 2331 627 2370 cum
645 2330 745 2384 uxore,
771 2310 863 2370 donec
882 2310 927 2370 illa
948 2310 1091 2375 Christum
1110 2334 1147 2394 pe
1169 2315 1230 2376 erit.

98 2389 171 2448 Non
187 2385 329 2469 xintelligit
351 2386 395 2447 his
417 2386 511 2448 verbis
534 2385 692 2466 Scriptura,
713 2395 784 2523 post
801 2397 909 2466 partum
930 2407 979 2448 eos
998 2399 1095 2468 postea
1114 2335 1229 2450 cohabi-

98 2474 175 2524 tasse
201 2475 333 2542 tanquam
356 2461 447 2523 virum
471 2474 500 2522 et
523 2482 654 2537 uxorem,
682 2483 711 2522 se
754 2474 862 2522 tantum
886 2462 1010 2524 ostendit
1028 2464 1144 2534 Mariam
1164 2477 1231 2528 ante

99 2539 151 2598 filii
171 2539 216 2598 sui
233 2550 343 2618 partum
360 2537 499 2619 virgiuem
518 2537 602 2598 luisse
622 2558 638 2597 a
656 2536 718 2599 viro
736 2535 877 2598 intactam.
909 2539 1064 2602 Praesentis
1084 2562 1114 2604 er
1135 2562 1154 2602 o
1172 2541 1230 2604 loci

99 2613 166 2688 bic,
195 2612 397 2689 meoiudicio,
419 2613 558 2696 genuinus
581 2623 623 2699 esp
647 2634 757 2688 sensus,
781 2613 912 2677 hactenus
932 2614 1007 2676 inter
1024 2638 1107 2680 voss
1146 2619 1230 2681 misse

13 2711 14 2720 ¹
99 2701 134 2750 et
152 2687 313 2750 humaniter
329 2701 454 2751 versatus
473 2711 542 2764 sum,
562 2700 592 2748 et
610 2687 705 2749 officio
724 2689 848 2751 doctoris
868 2689 993 2751 functus:
1018 2713 1094 2754 nnnc
1110 2707 1229 2786 peracto
1310 2687 1313 2712 ¹

99 2766 361 2834 vocationis-meae
380 2788 463 2826 cursu
481 2765 633 2840 discedam,
661 2787 714 2826 nec
738 2787 784 2827 me
803 2766 920 2846 posthac
939 2767 994 2827 frui
1012 2770 1139 2848 poteritis
1179 2772 1229 2834 sed

100 2865 188 2922 quem
212 2863 288 2902 nunc
311 2841 532 2922 Redemptorem
556 2843 735 2904 contemnitis
754 2856 783 2906 et
800 2841 893 2904 salutis
912 2843 1084 2921 ministrum,
1107 2814 1229 2908 iudicem
1307 2899 1309 2904 .

101 2917 297 3011 experiemini.
343 2919 387 2980 Ita
413 2918 548 2979 convenit
570 2917 616 2980 hic
634 2917 711 2991 locus
730 2941 794 2979 cum
812 2917 859 2979 illo
884 2919 1032 2980 Zachariae
1056 2923 1113 2999 (12
1134 2923 1228 3000 no),

100 2981 256 3056 Videbunt
268 3016 351 3074 quem
369 2995 575 3056 transfixerunt.
629 2994 709 3069 Quin
729 2997 812 3056 etiam
833 2995 945 3056 videtur
964 2997 1092 3058 Christus
1111 2965 1230 3078 hgurate

100 3071 297 3154 perstringere
320 3093 419 3132 vanam
443 3091 541 3132 eorum
564 3071 740 3150 hypocrisin,
767 3071 942 3152 quodvelut
961 3073 1113 3152 promissae
1137 3073 1229 3136 salutis

101 3151 238 3210 ardenter
267 3148 361 3285 culpidi
390 3147 514 3240 qnotidie
536 3169 569 3208 er
587 3146 873 3224 Psalmomanebant,
896 3148 1067 3208 benedictus
1084 3145 1131 3228 qni
1149 3153 1230 3211 venit

101 3222 132 3284 in
152 3223 270 3286 nomine
323 3221 428 3284 omimz'
464 3225 573 3285 interea
596 3223 716 3284 ludibrio
735 3223 875 3284 b‘abebant
892 3223 1016 3284 oblatum
1035 3223 1088 3287 sihi
1105 3225 1229 3287 Redem-

100 3313 226 3435 ptorem.
246 3301 395 3382 ,Denique
414 3321 444 3361 se
463 3301 497 3361 ad
515 3300 577 3361 illos
595 3311 746 3361 venturum
765 3311 863 3382 negat,
882 3301 975 3384 donec
993 3301 1027 3360 ad
1046 3315 1229 3382 conspectum

123 3379 262 3438 orrendae
285 3378 343 3439 eius
365 3377 516 3438 maiestatis
535 3375 638 3456 trepidi
661 3397 725 3437 sero
746 3377 913 3450 exclament,
937 3397 1005 3438 vere
1024 3379 1159 3440 esseDei
1179 3381 1229 3441 Fi-

101 3449 181 3512 lium.
239 3456 333 3542 Atque
356 3453 426 3514 haec
449 3453 629 3514 comminatio
652 3454 687 3513 ad
715 3474 813 3514 omnes
842 3452 988 3536 Evangelii
1019 3465 1228 3538 contemptores

102 3529 236 3608 pertinet,
259 3530 424 3609 praesertim
444 3530 492 3617 qui
511 3529 580 3590 falso
599 3529 657 3590 eius
675 3549 781 3590 nomen
800 3529 971 3604 obtendunt,
992 3551 1079 3611 quum
1099 3532 1158 3592 eius
1177 3533 1229 3592 do-

103 3603 226 3664 ctrinam
243 3619 389 3686 respuant:
449 3607 492 3666 uia
511 3607 624 3666 tandem
642 3611 808 3687 agnoscent,
826 3627 857 3667 se
876 3626 936 3666 non
953 3626 1036 3688 posse
1052 3608 1113 3670 eins
1131 3629 1229 3668 manus
1256 3627 1263 3646 ¹

104 3678 249 3759 effugere,
273 3683 318 3741 eui
336 3704 412 3743 nunc
429 3629 523 3744 lucau
542 3703 590 3744 sua
609 3681 786 3744 simulatione
809 3682 937 3742 illudunt
994 3684 1067 3744 Nam
1094 3695 1122 3746 et
1145 3683 1230 3742 hodie

15 3771 16 3780 ¹
104 3755 203 3844 eadem
229 3757 301 3836 apud
319 3759 443 3839 Papistas
462 3757 598 3818 cantilena
616 3770 743 3834 resonat,
768 3759 868 3839 quibus
888 3770 982 3820 tamen
1005 3779 1059 3840 pro
1079 3758 1166 3818 nihilo
1186 3769 1238 3817 est·

105 3830 250 3908 carmus,
279 3832 371 3894 donec
398 3833 519 3895 vindicta
546 3846 667 3894 amnatus
689 3835 812 3895 tribunal
842 3835 1019 3898 conscendat.
1077 3841 1231 3900 Monemur

105 3905 202 3982 etiam,
223 3928 303 3986 quam
322 3909 369 3968 diu
388 3901 503 3972 nobisa
544 3921 605 3970 aret
624 3909 752 3972 Christus
770 3911 859 3974 Patris
876 3911 1002 3986 nomine,
1021 3911 1167 3990 Interpres
1185 3929 1229 3968 sa-

103 3980 171 4042 lutis
195 4003 227 4042 ac
246 3983 401 4068 Mediator,
425 3931 523 4044 nonl
549 3986 586 4045 ris
603 3997 711 4046 tantum
730 3985 927 4052 honorandum
952 4006 1025 4062 esse,
1054 3985 1102 4044 sod
1120 3985 1245 4047 meere.

104 4060 258 4140 optandum
276 4071 310 4120 ut
328 4059 382 4121 sibi
400 4081 452 4122 nos
473 4071 622 4140 totumque
638 4063 773 4122 mundum
793 4063 929 4128 subiiciat.
986 4117 989 4122 .
1116 4073 1119 4082 ’
1156 4079 1159 4088 ’

178 4137 317 4202 tucos.
346 4137 446 4215 Quum
463 4147 563 4196 autem
581 4139 655 4198 boec
672 4139 716 4196 ad
731 4141 808 4200 illos.
839 4141 899 4199 Iam
917 4137 996 4218 prins
1014 4134 1160 4209 admonui,
1183 4157 1229 4196 su-

102 4211 229 4289 periores
248 4213 400 4274 sententias
419 4235 478 4275 non
498 4235 549 4274 suo
568 4211 635 4274 loco
654 4217 759 4294 positas
779 4238 839 4280 esse
865 4216 989 4276 a'Luca.
1045 4212 1118 4272 Nam
1144 4231 1248 4291 quumr

104 4288 239 4367 referret,
260 4291 423 4374 obiurgatus
442 4290 527 4352 luisse
543 4311 559 4351 a
576 4290 693 4352 Christo
712 4293 815 4354 scribas
833 4293 863 4352 in
882 4288 1002 4369 quodam
1019 4287 1153 4368 prandio,
1178 4309 1229 4370 po·

103 4373 222 4429 memor
242 4369 323 4430 etiam
343 4388 497 4444 sermones,
516 4367 616 4449 quibus
636 4383 735 4428 comm
753 4368 860 4450 flagitia
877 4363 960 4445 paulo
978 4377 1044 4424 ante
1062 4375 1184 4425 mortem
1195 4365 1229 4425 ab

107 4506 112 4518 ,
128 4455 213 4508 curvas
226 4469 346 4508 comment.
359 4459 384 4506 in
397 4457 473 4508 ltarm.
487 4459 528 4504 lv.
550 4459 599 4503 vol.
611 4458 641 4502 11.
991 4444 1030 4510 l‘d
