2790 4764
62 141 102 175 ¹-
171 184 233 252 iffi
451 181 559 242 SECT.
579 181 644 240 XV.
688 137 774 288 reios
792 195 835 242 nr
855 196 1046 268 urscnucr„
1120 207 1121 210 ¹

140 337 147 358 ‘
176 335 259 423 Quis
281 335 504 400 maximusest
520 335 559 416 iu
580 353 680 420 regno
702 334 885 400 coelorum?
932 335 963 400 2.
994 336 1036 402 Et
1057 327 1303 412 arcessitumad

175 461 211 505 se
230 435 372 524 puellum
394 435 483 500 iesus
505 437 611 500 statuit
630 439 665 502 iu
683 437 790 502 medio
806 437 943 514 iliorum,
985 438 1016 502 3.
1038 437 1080 504 Et
1097 433 1182 514 dixit,
1202 436 1304 501 Anien

176 537 250 606 dico
271 538 379 616 vobis,
405 539 468 602 nisi
489 539 637 602 conversi
664 537 803 618 fueritis,
834 550 865 603 et
888 537 1072 603 efficiamini
1093 539 1175 602 sicut
1196 536 1303 623 puelli,

58 689 61 701 .
175 663 244 709 non
271 637 493 726 ingrediemini
519 641 553 704 in
572 659 710 723 regnum
736 641 910 706 coelorum
962 642 993 704 t.
1027 641 1184 727 Quisquis
1212 641 1306 725 igitur
1380 677 1381 726 3

91 795 94 804 ,
176 743 338 810 demiserit
359 745 579 828 semetipsum,
605 728 688 808 sicut
705 742 832 832 puellus
855 745 929 822 iste,
956 742 1009 806 hic
1031 753 1079 808 est
1099 743 1250 830 nraqimus
1272 744 1307 805 in
1380 741 1381 782 ³

173 833 275 934 regno
291 842 476 944 coelorum.
524 845 555 910 5.
585 843 627 910 Et
654 847 711 932 qui
737 826 894 936 receperit
919 865 1018 911 unum
1044 845 1187 933 puellum
1212 843 1307 910 talem
1380 873 1381 958 q

175 951 210 1016 in
230 949 363 1020 nomine
383 969 471 1026 meo,
492 967 543 1014 me
561 947 684 1036 recipit

261 1153 403 1222 Mane.
423 1154 476 1220 tx.
531 1153 582 1219 30.
608 1151 650 1218 Et
670 1151 759 1218 illinc
781 1157 905 1242 egressi
920 1156 979 1220 iter
1000 1154 1143 1220 iecerunt
1163 1175 1223 1242 per
1245 1151 1309 1220 Ga·

175 1258 315 1337 lilacam,
336 1277 397 1324 nec
418 1253 563 1339 volebat,
584 1266 619 1321 ut
641 1259 808 1344 quisquam
830 1260 934 1324 sciret.
976 1259 1028 1325 31.
1054 1255 1203 1322 Docebat
1225 1258 1309 1320 euim

81 1387 87 1396 ’
176 1359 353 1450 discipulos
379 1379 473 1438 suos,
500 1367 532 1424 et
560 1354 686 1424 dic'ebat
712 1358 793 1438 iilis,
818 1358 919 1426 Filius
947 1357 1083 1426 hominis
1112 1359 1248 1425 traditur
1275 1361 1310 1422 in
1374 1371 1381 1434 't

155 1484 289 1544 ,manus
311 1462 490 1539 homiuum,
519 1470 549 1526 et
569 1451 825 1526 occidendeum:
861 1473 894 1528 et
915 1465 1042 1528 occisus
1066 1465 1163 1529 tertio
1187 1460 1239 1526 die
1259 1483 1310 1525 re·
1380 1445 1381 1524 i

175 1555 292 1651 sordet.
323 1564 375 1628 32.
397 1564 440 1628 At
461 1563 509 1628 ilii
530 1561 730 1648 ignorabant,
753 1562 843 1650 quod
865 1563 993 1644 dixerat,
1016 1575 1047 1631 et
1060 1563 1220 1630 timebant
1237 1585 1308 1628 eum

174 1673 380 1753 interrogare.
403 1663 476 1732 233.
498 1666 540 1730 Et
561 1667 647 1730 venit
670 1664 889 1752 Caperuaum,
919 1677 951 1732 ct
978 1689 1076 1754 quum
1104 1651 1243 1732 venisset
1272 1667 1308 1730 in
1380 1675 1381 1698 ³

175 1771 314 1848 domum,
341 1771 550 1852 interrogavit
570 1765 654 1844 illos,
678 1765 824 1853 Quid'in
844 1772 958 1834 itinere
978 1772 1062 1835 inter
1083 1791 1144 1836 vos
1167 1769 1309 1863 disputa·
1380 1763 1381 1766 '

173 1870 277 1936 hatis?
324 1869 376 1935 34.
402 1873 447 1936 At
467 1869 514 1934 illi
536 1867 704 1934 siluerunt:
736 1889 810 1940 nam
830 1871 919 1956 inter
946 1891 982 1934 se
1010 1869 1249 1956 disputaverant
1276 1875 1311 1936 in
1378 1845 1381 1886 ⁴

173 1975 240 2052 via,
267 1973 446 2059 quisesset
466 1973 575 2037 maior.
620 1969 672 2036 35.
699 1971 742 2038 Et
762 1951 930 2059 postquarie
953 1974 1113 2054 consedit,
1139 1977 1309 2040 arcessivit

174 2073 354 2154 duodecim,
372 2086 404 2140 et
421 2074 497 2141 dicit
514 2077 567 2150 eis,
586 2073 622 2140 Si
642 2077 714 2162 quis
729 2073 799 2139 vult
812 2077 933 2161 primus
952 2093 1030 2153 esse,
1047 2077 1075 2140 is
1091 2079 1151 2140 erit
1167 2081 1321 2142 cranium,
1380 2077 1381 2120 ἒ

169 2189 357 2266 postremus
379 2185 411 2242 et
432 2165 573 2242 omnium
594 2179 747 2246 minister.
783 2175 835 2241 36.
857 2179 964 2266 Atque
986 2187 1149 2263 acceptum
1171 2199 1311 2265 puerum

171 2284 284 2348 'statuit
314 2283 349 2346 in
375 2278 483 2346 medio
514 2269 656 2344 illorum:
690 2291 723 2346 et
748 2283 1009 2368 quumcepisset
1033 2281 1123 2345 ilium
1150 2283 1184 2344 in
1213 2279 1313 2346 ulnas
1380 2273 1381 2338 t

175 2407 276 2465 sues,
293 2383 373 2450 dixit
393 2382 471 2463 illis,
513 2382 565 2448 37.
589 2383 747 2472 Quisquis
769 2404 867 2447 unum
891 2405 928 2450 ex
949 2381 1067 2448 talibus
1088 2386 1199 2469 pueris
1221 2403 1313 2448 rece·
1380 2407 1381 2444 3

174 2491 258 2573 perit
277 2490 408 2555 uonriue
429 2508 515 2566 meo,
537 2507 589 2551 me
610 2488 736 2574 recipit:
764 2495 795 2552 et
817 2489 998 2574 quicunque
1018 2507 1070 2550 me
1090 2486 1220 2574 recipit,
1242 2507 1311 2584 uon

175 2609 227 2653 me
248 2592 376 2675 recipit,
404 2587 464 2656 sed
486 2610 571 2668 eum,
597 2592 653 2676 qui
675 2591 759 2664 misit
780 2611 840 2654 me.

259 2789 436 2878 conix.
480 2793 532 2858 43.
558 2792 624 2859 Sed
647 2791 796 2858 omnibus
818 2791 1008 2858 mirantibus
1031 2814 1127 2882 super
1149 2791 1306 2872 omnihus,
1380 2793 1381 2888 i

92 2927 94 2930 ·
157 2898 257 2982 'quae
280 2895 406 2973 iecerat,
429 2893 505 2960 dixit
526 2894 567 2960 ad
590 2893 765 2978 discipulos
789 2917 874 2974 suos,
893 2899 961 2986 44.
984 2897 1174 2980 Ponitevos
1196 2897 1230 2959 in
1251 2917 1310 2958 au-

173 2997 266 3062 ribus
282 2997 396 3064 vestris
417 3015 580 3061 sermones
601 2999 695 3061 istos:
723 2995 864 3061 futurum
885 3007 934 3062 est
953 3001 1047 3078 enim,
1069 2992 1104 3064 ot
1125 2997 1226 3063 Filius
1247 2997 1311 3061 ho-

173 3102 269 3164 minis
295 3088 436 3166 tradatur
462 3101 497 3164 in
524 3119 635 3165 manus
662 3098 835 3164 hominum.
885 3100 937 3164 45.
971 3104 1015 3166 At
1042 3099 1090 3166 itti
1117 3097 1310 3186 ignorabant

173 3200 308 3266 verbum
330 3201 432 3281 istud,
455 3211 486 3266 et
508 3211 574 3266 erat
596 3199 820 3266 absconditum
842 3201 882 3267 ab
904 3202 982 3282 iilis,
1004 3213 1040 3268 ut
1060 3224 1127 3268 uon
1149 3200 1310 3286 iutellige-

172 3314 244 3366 rent
265 3303 355 3382 iliud,
374 3315 410 3370 et
429 3301 583 3370 timebant
598 3322 669 3368 eum
684 3306 880 3391 interrogare
897 3299 938 3371 de
957 3305 1020 3371 hoc
1037 3305 1148 3371 verbo.
1182 3304 1231 3368 46.
1253 3305 1309 3367 lrr-
1380 3347 1381 3396 ;

172 3404 267 3467 travit
293 3413 397 3470 autem
423 3405 593 3494 disputatio
620 3408 703 3471 iuter
729 3429 801 3486 eoS,
831 3409 916 3493 Quis
944 3429 1056 3473 eorum
1076 3411 1185 3496 maior
1213 3399 1308 3471 esset.

173 3505 226 3570 47.
248 3505 407 3580 Atlesus
428 3507 541 3573 videns
565 3511 786 3594 cogitationem
808 3510 917 3575 cordis
942 3509 1082 3576 illorum,
1095 3509 1310 3597 apprehendit
1380 3577 1381 3614 ,

173 3606 323 3695 puellum,
349 3619 380 3674 et
401 3614 509 3674 statuit
531 3633 603 3676 cum
624 3615 711 3676 iuxta
732 3633 776 3686 se,
811 3612 864 3676 48.
886 3613 928 3678 Et
950 3617 993 3678 ait
1014 3611 1087 3693 illis,-
1110 3613 1308 3700 Quicunque
1380 3617 1381 3700 ζ

173 3713 330 3798 receperit
342 3732 476 3796 puerum
494 3711 589 3778 huuc
601 3717 732 3780 nomine
754 3735 835 3794 meo,
857 3736 906 3779 nte
923 3718 1051 3802 recipit:
1075 3719 1105 3781 et
1123 3713 1307 3802 quicunque

173 3835 225 3879 mc
246 3815 414 3900 receperit,
440 3815 554 3900 recipit
576 3836 660 3894 eum,
688 3818 744 3902 qui
765 3837 815 3880 mc
837 3817 931 3882 misit:
959 3839 1032 3883 nam
1055 3819 1111 3905 qui
1132 3821 1237 3884 minor
1258 3827 1308 3882 est
1380 3881 1381 3886 ,

172 3915 349 3997 intervos,
374 3915 672 4017 piceritmagnus.
747 3981 748 3986 ,
1380 3907 1381 3916 “

1380 3999 1381 4064 i

1380 4075 1381 4100 i

194 4211 202 4225 ,
247 4145 350 4208 Matth.
369 4148 416 4209 22.
457 4147 555 4226 Quum
573 4159 674 4208 autem
692 4158 883 4208 versarentur
901 4152 933 4208 irs
955 4141 1103 4211 Galilaea.
1144 4150 1212 4225 Quo
1233 4170 1306 4230 pro·
1380 4101 1381 4192 4

174 4227 235 4283 {³¹⁰⁸
258 4221 377 4314 inquirat
402 4235 514 4316 tempus
537 4224 653 4301 mortis,
681 4225 848 4315 eosaepius
867 4227 979 4286 monuit
999 4228 1126 4288 Christus
1145 4225 1308 4306 discipulos,
1380 4215 1381 4264 4

175 4299 212 4340 ne
229 4299 312 4356 tuctu
330 4299 375 4361 uta
388 4319 500 4380 species
520 4299 702 4364 labefactaret
720 4321 842 4382 ipsorum
860 4302 952 4364 fidem.
999 4303 1088 4366 Paulo
1108 4315 1176 4388 post
1198 4302 1308 4364 editum
