2796 4774
356 171 358 178 Α
407 200 411 210 ’
435 208 447 264 .’
470 209 547 285 (121.
585 209 633 272 De
655 207 789 273 conubio
803 169 915 296 regio)
1215 217 1255 280 89

117 369 317 443 nunptuosos.
358 352 436 436 Quid
445 357 551 444 igitur?
568 379 673 444 nempe
690 361 730 426 iu
747 383 873 425 mensam
890 359 1023 426 divitibus
1039 361 1181 426 tumen
1198 385 1253 446 poss

116 437 199 520 teris,
223 447 259 502 ut
277 436 387 499 interea
404 458 538 519 pauperes
557 459 618 500 non
636 439 777 523 negligas:
802 439 841 502 ita
860 439 956 503 licebit
975 437 1081 520 epulari
1099 460 1164 502 cum
1181 441 1252 516 ami-

118 513 160 574 eis
182 523 213 576 et
234 513 378 594 cognatis,
399 523 432 576 ut
452 513 567 576 alienos
583 535 643 576 non
664 515 787 593 reficias,
811 515 835 580 si
857 527 887 580 et
909 516 949 579 illl
972 513 1073 598 inopes
1096 525 1198 592 erunt,
1222 522 1252 578 et

116 588 175 665 tibi
199 589 234 649 ad
252 587 397 650 levandam
422 609 520 652 eorum
539 589 723 683 indigentiam
742 591 859 654 incultas
881 602 1021 674 suppetet.
1060 591 1175 654 Summa
1199 604 1251 668 est,
1341 631 1344 643 ι

120 666 171 746 qui
191 665 319 746 cognatis
339 676 369 725 et
382 665 476 726 amicis
489 665 678 740 benefaciunt,
698 689 765 751 erga
777 689 915 751 pauperes
927 679 1021 730 autem
1033 667 1158 738 restricti
1175 663 1251 744 sirm,

120 739 200 804 nulla
216 739 297 803 lande
318 761 378 803 esse
396 741 515 826 dignos,
539 742 603 822 quia
622 743 765 808 caritatem
784 765 845 804 non
864 755 1011 820 exercent,
1030 744 1080 806 sed
1097 743 1179 805 lucro
1197 764 1250 806 suo

26 815 27 826 ’
119 828 233 878 tantum
251 813 297 878 vel
317 816 465 878 ambitioni
484 817 643 880 consulunt.
682 819 858 882 Nominatim
875 841 945 882 vero
962 819 1091 886 Christus
1109 817 1250 901 hospitem

119 914 203 954 suum
229 892 395 973 compellat,
421 913 506 972 quem
519 893 642 954 ridebat
661 895 806 976 splendori
830 907 860 957 et
882 893 996 960 lautitiis
1020 895 1104 958 nimis
1126 897 1250 972 studere,

26 1015 28 1038 ‚
119 969 208 1040 etita
227 980 338 1048 captare
357 991 373 1030 a
391 969 525 1053 divitibus
546 967 656 1032 laudem
674 983 705 1035 et
721 972 849 1054 gratiam,
868 981 901 1033 ut
917 993 1054 1052 pauperes
1073 991 1133 1032 non
1144 973 1250 1032 radmo-

118 1046 188 1108 dum
206 1056 326 1124 uuaret.
367 1044 465 1120 Quare
489 1044 543 1106 sub
566 1046 648 1107 unius
671 1045 794 1110 hominis
812 1067 935 1130 persona
951 1045 1021 1108 haec
1040 1045 1200 1134 obiurgatio
1218 1047 1249 1109 in

26 1137 28 1144 '
118 1141 170 1185 eos
189 1141 288 1187 omnes
306 1119 471 1205 stringitur,
495 1119 544 1200 qre'
557 1120 709 1206 *ambitiose
732 1144 782 1182 sna
799 1121 998 1204 profundunt,‘
1017 1132 1050 1182 ut
1073 1141 1134 1184 sese
1153 1134 1251 1186 osten·
1276 1147 1278 1154 ’

116 1209 191 1272 tent,
214 1195 260 1258 vel
278 1209 407 1266 mutuam
419 1195 678 1278 compensationem
694 1209 849 1258 venantur:
868 1197 977 1260 interea
995 1196 1163 1278 pauperibus
1181 1195 1250 1258 nibil

116 1273 263 1335 residuum
276 1272 393 1350 sariunt,
411 1261 468 1335 acsi
507 1275 608 1337 erdere
619 1274 755 1336 timerent
772 1273 904 1355 quiequid
923 1273 1009 1357 gratis
1021 1282 1151 1356 erogant
1179 1273 1251 1334 Ideo

117 1349 250 1412 Christus
268 1347 369 1412 beatos
389 1358 484 1412 essea'
515 1361 601 1424 rmat,
625 1349 673 1432 qui
697 1349 773 1412 nulla
797 1371 848 1432 spe
870 1361 1002 1416 terrenae
1023 1348 1161 1418 mercedis
1183 1359 1251 1410 runt

26 1451 28 1460 ³
116 1423 262 1486 liberales:
293 1443 342 1486 eos
373 1425 449 1486 enim
473 1437 585 1488 constat
607 1425 638 1486 in
661 1425 755 1488 Deum
776 1425 927 1508 respicere.
971 1425 1083 1502 Quibus
1105 1445 1176 1486 vero
1200 1446 1251 1488 sua

26 1513 27 1516 ’
115 1501 224 1563 utelitas
244 1510 312 1565 ante
331 1497 428 1562 oculos
446 1513 592 1576 versatur,
612 1499 659 1564 vel
682 1523 753 1582 quos
777 1523 845 1567 aura
868 1500 1010 1587 popularis
1032 1500 1165 1588 impellit,
1188 1521 1251 1572 non

26 1591 27 1620 t
116 1589 162 1660 est
181 1577 261 1658 quod
277 1577 438 1640 mercedem
455 1598 472 1640 a
490 1578 556 1640 Deo
576 1589 749 1661 exspectent.

179 1755 278 1844 (121.)
298 1753 577 1846 MATTRXXR.
604 1756 633 1822 1.
652 1755 694 1824 Et
706 1756 1020 1846 respondendnm,
1042 1759 1157 1828 iterum
1168 1741 1250 1828 dixit

113 1881 177 1947 per
195 1855 377 1946 parabolas,
397 1867 429 1923 et
449 1860 501 1952 ait,
535 1857 700 1932 astruite
721 1861 838 1930 factum
860 1871 909 1932 est
930 1884 1061 1950 regnum
1082 1859 1249 1932 coelorum

115 1962 241 2028 homini
262 1963 343 2048 regi,
363 1963 418 2048 qui
439 1959 514 2030 lecit
534 1961 753 2048 nuptias-tilio
775 1987 847 2032 eno.
890 1965 922 2031 3.
947 1965 991 2036 Et
1011 1965 1114 2033 emisit
1134 1979 1249 2030 servos

26 2115 27 2134 .
116 2086 211 2146 suos,
235 2074 272 2130 ut
296 2073 448 2130 vocarent
474 2065 624 2134 invitatos
646 2065 689 2133 ad
710 2071 854 2154 nuptias,
881 2076 913 2135 ct
933 2063 1108 2133 noluerunt
1129 2065 1249 2131 venire.

26 2183 27 2188 ’
116 2169 150 2234 4.
170 2169 310 2234 Rursum
331 2167 435 2232 emisit
455 2167 537 2242 alios
558 2187 685 2248 servos,
706 2167 832 2249 dicens,
853 2169 963 2238 Dicite
983 2168 1141 2247 invitatis,
1160 2167 1250 2238 Ecce

26 2335 27 2340 ,
114 2269 286 2363 prandium
307 2291 412 2356 meum
432 2273 559 2360 paravi,
574 2271 670 2340 'tauri
689 2271 754 2338 mei
775 2281 810 2340 et
828 2269 926 2336 altilia
947 2250 1080 2336 meelate
1096 2276 1191 2346 sunt,
1219 2273 1251 2332 et

116 2375 226 2438 omnia
246 2375 372 2459 parata',
397 2372 506 2438 venite
533 2369 575 2436 ml
596 2373 735 2460 nuptias.
773 2370 808 2434 b.
835 2370 887 2437 llli
908 2377 1015 2434 eutem
1035 2365 1251 2452 neglexerunt,
1295 2401 1324 2434 a

26 2487 28 2520 ⁶
115 2486 151 2543 et
173 2473 335 2553 abierunt,
360 2471 443 2538 alius
468 2475 503 2536 in
523 2471 634 2538 villam
660 2491 766 2558 suam,
791 2470 877 2536 elius
896 2489 977 2536 vero
998 2469 1040 2536 ad
1061 2469 1253 2556 negotiatio·

26 2623 28 2652 ,
112 2597 194 2644 nem
216 2597 319 2651 suam:
362 2574 394 2639 6.
421 2570 553 2658 Reliqui
573 2591 652 2638 vero
680 2580 850 2640 tenuerunt
870 2593 982 2638 servos
1004 2573 1088 2654 eius,
1114 2581 1146 2638 et
1171 2591 1249 2636 con·

112 2675 261 2746 tumeliis
287 2675 475 2754 affecerunt,
502 2683 533 2740 ct
561 2672 756 2754 occiderunt.
800 2677 828 2742 7.
854 2677 925 2743 Rex
946 2686 1049 2742 autem
1072 2693 1171 2762 quum
1192 2695 1250 2740 au-

115 2781 234 2859 disset,
258 2780 359 2844 iratus
381 2771 441 2844 ests
468 2785 499 2844 et
520 2777 626 2844 missis
648 2777 836 2845 exercitibus
857 2781 938 2859 suis,
952 2778 1097 2868 perdidit
1117 2777 1254 2843 bomini·

117 2881 179 2948 des
199 2867 290 2960 illos,
312 2889 344 2946 et
364 2881 521 2946 ciuitatem
541 2881 671 2948 illorum
693 2879 866 2948 succendit.
909 2880 941 2950 6.
965 2883 1060 2948 Tune
1080 2882 1124 2946 ait
1145 2879 1249 2946 servis

116 2987 200 3066 suis,
231 2983 372 3072 Nuptiae
399 2982 527 3071 quidem
553 2993 683 3070 paratae
698 2995 799 3064 sunt,
830 2983 889 3052 sed
916 2985 973 3071 qui
998 2982 1123 3048 invitati
1150 2988 1250 3059 erent,

116 3109 188 3156 non
208 3086 336 3152 luerunt
357 3085 453 3171 digni.
495 3085 527 3152 9.
553 3087 600 3152 lte
627 3107 705 3174 ergo
731 3085 773 3152 ad
800 3089 902 3156 esitus
927 3087 1067 3162 uiarum,
1096 3089 1127 3147 et
1153 3101 1251 3168 quos-

117 3211 247 3279 cunque
272 3189 471 3268 iuveneritis,
493 3197 610 3254 uocate
633 3187 675 3254 ad
696 3191 831 3275 nuptias.
875 3187 927 3253 lo.
954 3187 996 3252 Et
1022 3185 1143 3272 egressi
1163 3185 1251 3250 servi

73 3339 79 3360 .
119 3297 191 3360 eins
211 3295 246 3359 in
267 3293 336 3356 vias
358 3298 631 3376 congregaverunt
651 3309 772 3383 omues,
794 3298 955 3378 quotquot
967 3290 1165 3366 invenerunt,
1185 3309 1251 3354 ma·
1294 3353 1296 3358 ,
1356 3277 1357 3282 ¹

119 3397 172 3464 los
192 3397 312 3484 pariter
338 3397 387 3458 ae'
401 3391 524 3472 bonos,
548 3403 579 3459 et
607 3391 753 3480 impletae
779 3404 854 3460 sunt
873 3393 1007 3480 nuptiae
1025 3389 1253 3462 discumbenti-

88 3526 92 3542 ·
119 3499 193 3566 bus.
222 3497 288 3562 .ll.
314 3495 480 3583 Ingressus
504 3507 608 3562 autern
628 3517 696 3575 rex,
715 3505 751 3562 ut
772 3495 896 3562 videret
917 3491 1169 3573 discumbentes,
1194 3489 1252 3560 ubi

121 3599 201 3668 vidit
222 3601 290 3666 illic
308 3599 469 3665 hominem
490 3619 558 3664 non
579 3601 728 3664 vestitum
747 3608 837 3664 veste
856 3598 1003 3686 nuptiali,
1045 3597 1097 3664 tn.
1119 3598 1174 3690 Ait
1195 3593 1252 3672 illi,

121 3704 248 3782 Amice,
270 3700 437 3789 quomodo
460 3701 524 3768 huc
544 3703 668 3769 intrasti
687 3721 756 3767 non
777 3699 898 3768 habens
919 3710 1040 3768 vestem
1060 3693 1254 3788 nuptialem?

121 3808 166 3872 At
185 3805 241 3870 ille
263 3793 431 3871 obmutuit.
477 3805 528 3870 13.
551 3806 645 3870 Tunc
667 3802 746 3874 dixit
766 3826 822 3872 rex
842 3805 1005 3883 ministris,
1020 3803 1145 3888 Ligatis
1162 3795 1254 3883 pedi-

121 3907 185 3974 bus
208 3917 239 3972 et
259 3907 407 3974 manibus
430 3908 518 3988 eius,
544 3905 648 3973 tollite
669 3923 751 3973 eum.
767 3909 801 3974 in
822 3905 972 3973 tenebras
992 3907 1181 3972 exteriores:
1206 3895 1255 3961 ibi

123 4012 184 4076 erit
204 4008 300 4076 fletus
327 4019 359 4075 et
385 4009 505 4078 stridor
527 4008 677 4078 dentium.
722 4010 774 4076 14.
800 4009 899 4078 Multi
926 3997 1011 4078 euim
1036 4013 1113 4071 sunt
1137 4000 1255 4080 vocati,

122 4114 219 4203 pauci
241 4129 320 4178 vero
343 4111 445 4178 electi.

209 4213 311 4282 LUC.
333 4215 420 4279 xtv.
467 4215 519 4280 to.
546 4217 635 4282 Haec
661 4235 760 4300 quum
786 4212 928 4278 audisset
949 4201 1078 4290 quidam
1098 4201 1140 4267 de
1162 4197 1257 4266 simul

126 4313 421 4431 dlflfflmbfflilbus,
446 4315 525 4386 dixit
550 4317 614 4400 illi,
633 4317 754 4384 Beatus
774 4314 831 4402 qui
850 4303 989 4378 eductis
1008 4317 1123 4388 panem
1147 4301 1182 4366 in
1206 4319 1258 4392 re7
