2796 4774
401 253 481 332 (206.
522 253 610 315 Indae
627 251 782 356 proditoris
800 256 902 332 mors.)
1151 259 1208 321 347

88 405 258 498 aestimati,
288 426 382 496 quem
414 390 618 480 aestimarunt
646 428 664 470 a
691 405 767 470 filiis
793 407 905 473 Israeli
970 409 1021 474 10.
1042 407 1084 474 Et
1109 407 1208 476 dede-

54 600 57 608 1
87 515 164 572 runt
186 527 242 583 eos
264 507 298 572 in
320 530 428 596 agrum
448 507 552 612 figuli,
574 510 655 574 sicut
676 511 839 576 constituit
859 512 935 576 mihi
955 512 1126 624 Dominus.
1196 602 1199 614 Ι
1309 573 1312 602 ÷

173 675 323 748 Maste„
340 681 414 750 XV.
472 681 501 767 l.
526 680 573 746 Et·
597 679 761 746 confestim
794 677 935 746 diluculo
963 642 1099 750 consilio
1127 681 1207 750 inito
1259 658 1265 676 ¹

87 779 205 844 summi
232 781 412 848 sacerdotes
440 804 512 848 cum
541 781 735 864 senioribus,
772 793 804 846 et
829 781 944 846 scribis
968 807 1007 850 ac
1022 795 1103 850 toto
1129 771 1222 851 con·n
1257 766 1265 784 ¹
1297 785 1314 806 ‘

87 899 195 960 sessu,
214 879 320 948 lesum
341 887 480 962 uinctum
502 880 716 966 abduxerunt,
731 869 998 972 'tradideruntque
1018 887 1130 956 Pilato.

171 1019 274 1128 laUC.
295 1034 407 1122 tlxtlt
451 1055 545 1151 l'sEt
559 1022 699 1142 'surgens
720 1055 876 1122 universa
901 1053 1070 1126 multitudo
1095 1079 1206 1125 eorum

86 1157 179 1226 duxit
200 1177 272 1258 enm
294 1161 335 1224 ad
356 1157 501 1262 Pilatum.
1019 1261 1024 1272 ι
1119 1233 1125 1276 ι

161 1447 262 1506 Matth
281 1450 309 1507 l.
331 1446 418 1506 Mane
436 1455 537 1507 autem
549 1445 639 1522 facto
658 1445 812 1510 consilium
826 1450 975 1526 'separat
1014 1445 1112 1522 Quum
1129 1445 1208 1540 prius
1228 1459 1246 1496 ·'

82 1532 174 1584 nocte
192 1522 358 1604 intempesta
376 1543 498 1582 summus
509 1522 642 1582 Pontifex
660 1544 726 1582 cum
743 1541 793 1590 suo
813 1523 929 1584 consilio
943 1523 1037 1600 lesum
1056 1527 1209 1586 stammas«.

82 1608 146 1671 set,
165 1598 278 1658 tandem
296 1595 348 1658 suh
368 1610 461 1658 ortum
481 1597 546 1658 solis
566 1599 738 1672 decernunt,
757 1598 907 1660 sistendum
928 1619 995 1660 esse
1007 1620 1101 1660 coram
1122 1602 1209 1664 Prae·
1260 1609 1262 1618 ’

83 1671 156 1734 side.
194 1676 290 1752 Atque
309 1671 339 1732 in
358 1695 393 1736 eo
413 1674 507 1734 iudicii
526 1673 646 1734 sormam
665 1673 828 1750 observant,
846 1683 883 1736 ne
903 1675 1035 1756 suspecta¹
1049 1677 1086 1736 sit
1099 1697 1222 1738 eorum

82 1747 244 1826 festinatio,
275 1748 385 1810 sianto
401 1762 510 1830 tempus
536 1751 659 1828 (utheri
677 1748 750 1812 solet
769 1750 797 1809 in
815 1751 949 1826 tumultu)
970 1751 1004 1811 ad
1022 1753 1140 1814 Pilatum
1159 1774 1221 1814 ac·-

83 1837 210 1886 currant.
247 1823 516 1888 Prohahile’tamen
539 1837 596 1902 est,
629 1847 714 1906 Qum
739 1825 774 1886 ah
799 1847 898 1888 eorum
923 1848 1055 1892 consessu
1073 1831 1208 1894 abductus

82 1899 322 1976 essecutus,
352 1902 587 1964 consultationem
609 1923 676 1962 mox
699 1901 734 1962 ah
759 1901 810 1964 illis
832 1903 916 1964 luisse
933 1903 1070 1981 habitam,
1099 1919 1128 1967 et
1146 1907 1208 1968 sine

80 1975 218 2058 longiore
235 1998 315 2050 mora
333 1979 469 2054 statuisse,
488 1979 554 2058 quid
574 1977 668 2040 iacere
688 1977 801 2041 vedent
826 1975 908 2042 Prius
928 1979 1002 2052 enim
1020 1981 1126 2044 dictum
1144 1981 1209 2059 fnit,

81 2070 143 2132 quo
162 2064 292 2132 tmpore
311 2054 439 2116 Christus
458 2053 492 2114 ah
511 2055 562 2115 illis
584 2075 710 2144 egressus
730 2055 817 2116 Petro
838 2057 1002 2131 occurrerit,
1020 2079 1124 2138 nempe
1142 2071 1221 2139 post·
1239 2067 1243 2077 “’
1303 2089 1306 2096 ·

62 2122 67 2146 ⁸
105 2127 256 2188 allicinum
281 2141 310 2190 et
334 2152 419 2209 quum
442 2130 497 2190 iam
522 2151 623 2191 aurora
649 2141 775 2190 instaret.
809 2131 931 2208 Quare
958 2153 1017 2191 uon
1044 2134 1208 2216 intelligunt

31 2267 45 2294 Ι
82 2149 201 2286 livange
213 2204 289 2279 istae,
312 2203 378 2267 loco
397 2205 481 2266 inisse
499 2217 611 2281 motos,
626 2205 676 2264 sed
694 2217 802 2270 tanturn
822 2207 956 2282 referunt,
976 2207 1067 2286 primo
1086 2209 1208 2272 diluculo
1234 2266 1238 2273 s

14 2311 18 2331 ν
83 2279 231 2352 Christum
250 2281 335 2341 luisse
353 2280 387 2340 ah
408 2279 460 2340 illis
479 2281 565 2340 morti
583 2281 740 2353 addictum,
773 2301 827 2344 nec
846 2293 1020 2344 momentum
1039 2305 1127 2345 unum
1147 2305 1209 2346 ces-

83 2377 160 2428 sasse
185 2358 216 2416 in
240 2357 347 2418 scelere
369 2376 421 2416 suo
445 2368 559 2416 strenue
583 2355 769 2434 exsequendo.
815 2357 902 2432 Quod
925 2369 1018 2416 autern
1040 2359 1118 2440 prius
1141 2359 1211 2422 dixit

82 2435 192 2508 Lucas,
213 2453 299 2492 mone
309 2431 413 2506 fuisse
431 2442 640 2523 congregatos,
664 2431 699 2490 de
717 2431 779 2522 ipso
799 2431 938 2524 principio
959 2434 1061 2512 exponi
1079 2455 1140 2494 non
1158 2435 1209 2510 de-

83 2509 150 2584 het,
168 2507 218 2568 sed
236 2509 272 2568 de
290 2507 388 2568 ultimo
407 2519 470 2568 actu
490 2529 538 2586 qm
556 2507 657 2568 deinde
675 2505 832 2568 subiicitur:
851 2529 908 2569 acsr
926 2509 1041 2582 diceret,
1060 2530 1110 2572 eos
1129 2513 1216 2593 post-f

84 2604 171 2666 quam
190 2583 291 2658 illuxit,
320 2584 384 2662 quia
407 2581 551 2656 confessus
576 2592 637 2646 erat
654 2583 794 2663 Dominus
818 2605 849 2644 se
872 2605 933 2646 esse
951 2581 1007 2644 Dei
1030 2586 1145 2663 Filium,
1172 2587 1208 2650 de

85 2661 147 2722 eius
165 2671 261 2718 morte
278 2681 359 2720 suum
377 2659 519 2720 decretum
538 2659 695 2740 protulisse.
722 2705 724 2715 r
741 2659 851 2735 Quodsi
870 2659 905 2722 de
923 2660 1044 2724 hominis
1062 2664 1151 2744 capite
1172 2664 1209 2740 il-¹

83 2737 120 2804 lis
138 2734 271 2816 permissa
288 2733 386 2814 fnisset
404 2733 539 2817 cognitio,
558 2735 686 2797 certatim
706 2757 805 2798 omnes
824 2757 876 2814 pro
896 2758 947 2798 suo
960 2737 1056 2800 furore
1074 2739 1130 2802 suis
1149 2761 1208 2802 ma-

84 2811 170 2875 nibus
190 2811 220 2870 iu
240 2821 305 2871 eum
323 2811 484 2874 saevihseot:
504 2813 553 2874 sed
572 2812 635 2892 quia
648 2811 751 2875 Pilatus
770 2811 931 2893 capitalibus
949 2813 1056 2876 iudiciis
1071 2829 1210 2908 praeerat,

13 2930 15 2940 ι
75 2899 231 2971 coguntur
247 2887 288 2948 ad·
301 2886 360 2948 eius
376 2887 500 2948 tribunal
518 2887 701 2950 descendere:
729 2900 838 2950 tantum
857 2911 910 2950 suo
929 2891 1098 2970 praeiudicio
1118 2893 1224 2984 ipsum·

83 2965 244 3044 illaqueant.
282 2964 356 3024 Nam
374 2963 504 3044 lapidatio
529 2963 665 3045 Stephani
689 2966 736 3040 (ut
760 2965 790 3024 in
813 2965 896 3026 rebus
919 2965 1051 3042 turbatis)
1077 2968 1210 3028 seditiose

85 3041 220 3124 contigit:
249 3041 305 3102 Dei
328 3052 421 3102 autem
444 3041 547 3100 Filium
572 3041 698 3120 oportuit
721 3041 843 3102 solleuni
865 3041 922 3102 ritu
945 3053 1096 3105 aterreno
1117 3043 1211 3105 iudice

84 3116 225 3192 damnari,
244 3129 275 3176 ut
294 3128 421 3177 nostrum
439 3116 469 3176 in
490 3117 570 3176 coelo
588 3129 697 3177 reatum
717 3117 832 3178 deleret.

162 3196 191 3256 3.
233 3197 314 3254 Tunc
332 3195 433 3253 uidens
451 3194 555 3254 Iudas.
594 3193 660 3254 Hoc
678 3193 811 3256 adverbio
830 3214 888 3254 non
907 3191 1034 3275 designat
1052 3193 1210 3270 Matthaeus

87 3279 197 3330 certum
214 3269 351 3350 temporIs
369 3268 527 3330 articulum:
559 3273 625 3328 ham
644 3269 726 3350 paulo
765 3282 809 3330 ost
826 3269 992 3351 subiunget‚
1016 3270 1079 3350 quia
1098 3271 1211 3344 videbat

85 3345 170 3404 Iudas
196 3346 362 3424 proditionis
384 3346 544 3406 mercedem
566 3366 582 3406 a
605 3291 796 3408 sacerdotilus
823 3365 868 3404 res
888 3345 931 3420 ui,
963 3343 992 3404 in
1017 3346 1125 3428 templo
1149 3369 1211 3410 eam
1252 3347 1255 3358 '

86 3419 248 3511 proiecisse.
286 3421 374 3503 atqui
393 3443 425 3484 ex
444 3422 556 3484 aedibus
577 3421 701 3502 Caiphae
720 3433 796 3482 recta
817 3421 848 3480 in
867 3365 1043 3482 lraetorium
1062 3437 1211 3502 venerunt,

21 3535 29 3554 .
86 3493 202 3572 illicque
224 3507 362 3559 steterunt
384 3520 472 3578 usqne
495 3497 529 3560 ad
550 3497 656 3560 Christi
680 3498 896 3560 damnationem.
935 3497 991 3556 Vix
1011 3520 1081 3582 ergo
1105 3523 1140 3564 eo
1165 3501 1211 3564 die

86 3567 207 3632 fuissent
225 3571 254 3631 in
272 3575 378 3654 templo
402 3597 434 3636 re
471 3575 521 3653 rti‚
550 3575 599 3637 sed
622 3574 685 3656 quia
704 3574 739 3634 de
758 3573 866 3657 tragico
886 3573 1009 3656 synedrii
1027 3575 1124 3639 furore
1143 3599 1210 3659 age-

6 3685 8 3696 ·
86 3648 151 3722 hat,
169 3659 291 3710 mortem
310 3671 367 3728 quo
406 3596 515 3713 eliidae
535 3651 580 3725 (in
598 3673 650 3732 qua
669 3651 768 3714 melius
786 3651 912 3743 apparuit
931 3671 1016 3734 coeca
1038 3673 1138 3737 eorum
1156 3653 1210 3712 oh-

87 3723 202 3786 stinatio
222 3736 252 3784 et
270 3725 347 3804 quasi
378 3747 456 3788 erres
475 3728 603 3804 durities)
622 3727 748 3788 inseruit.
788 3728 865 3788 Dnit
883 3739 991 3802 autem,
1020 3727 1117 3790 Iudam
1138 3747 1212 3807 poe-

6 3857 8 3864 ,
88 3799 207 3860 nitentia
225 3799 307 3861 fuisse
325 3811 444 3877 tactum,
464 3824 523 3862 non
562 3803 618 3862 uod
635 3804 799 3884 resipueritj
822 3804 870 3865 sed
889 3804 965 3884 quod
984 3803 1021 3864 illi
1040 3801 1212 3884 displicuerit

88 3875 238 3941 admissum
257 3875 378 3938 facinus:
396 3889 430 3936 ut
448 3826 619 3957 saepeheus
637 3879 766 3959 reprobis
785 3879 884 3940 oculos
903 3877 1000 3960 aperit,
1022 3890 1056 3937 ut
1072 3899 1121 3938 sua
1140 3877 1211 3940 mala

90 3951 195 4014 sentire
222 3951 356 4033 incipiant
381 3964 412 4013 et
436 3952 561 4014 horrere.
598 3955 672 4016 Nam
693 3955 742 4046 qui
765 3956 840 4016 serio
860 3955 962 4017 'dolent
984 3964 1016 4014 ut
1037 3951 1211 4034 resipiscant,

87 4048 150 4088 non
163 4039 272 4088 tantum
284 4029 416 4090 dicuntur
432 4033 589 4100 μεταμελεῐν,
609 4031 658 4091 sed
675 4043 756 4092 eham
775 4039 921 4100 μετανοεῖνἶ
944 4029 1018 4090 uode
1039 4041 1067 4090 et
1076 4026 1210 4102 μετάνοια,

88 4125 161 4184 quae
179 4125 246 4168 vera
265 4117 309 4166 est
326 4104 448 4166 horninis
467 4106 502 4166 ad
520 4107 614 4168 Deum
638 4107 797 4168 conversio.
834 4105 970 4168 Taedium
989 4103 1078 4186 igitur
1096 4115 1125 4168 et
1142 4105 1212 4166 hdr-

89 4201 186 4251 rorem
203 4179 338 4262 eoncepit
356 4181 452 4258 Iudas,
482 4202 543 4250 non
561 4193 596 4243 ut
612 4203 642 4252 se
659 4182 694 4246 ad
712 4185 807 4245 Deum
828 4183 979 4261 reciperet,
998 4180 1047 4241 sed
1065 4181 1160 4262 potius
1178 4193 1212 4242 ut

6 4269 8 4278 ·
90 4257 285 4350 desperatione
311 4257 435 4320 obrutus·
462 4257 620 4340 exemplum
646 4271 719 4325 esset
742 4259 862 4320 hominis
880 4279 896 4317 a
915 4256 971 4318 Dei
989 4257 1077 4339 gratia
1094 4277 1211 4336 proruas

89 4332 217 4398 abdicati.
257 4335 364 4400 Merito
389 4333 503 4418 quidem
520 4333 623 4400 Paulus
644 4333 792 4402 muman
816 4332 954 4397 tristitiam
978 4353 1039 4396 esse
1061 4333 1230 4416 praedicat·
