2830 4772
27 211 35 218 ’
81 319 93 338 ⁸
204 228 207 232 ’
241 251 250 278 a
314 225 325 234 ”
395 229 474 306 (tte.
511 227 601 290 Petro
619 225 712 312 lapsus
728 227 924 310 praedicitur.)
969 217 990 231 ”
1087 183 1090 190 ¹
1141 239 1229 304 ‘317
1271 281 1274 288 ,

90 386 153 452 Ait
176 381 228 448 illi
248 381 378 459 Petrus,
414 381 547 450 Etiamsi
569 381 761 470 oportuerit,
781 403 833 456 me
852 385 949 451 mori
962 354 1175 469 tecumsuon
1196 399 1229 458 te·

88 483 236 578 negabo.
280 478 433 602 Similiter
454 494 486 551 et
507 505 618 591 omues
640 484 792 576 discipuli
814 485 967 556 dixerunt.

40 711 43 716 .
120 649 126 660 '
182 651 323 723 Mane
345 655 430 722 XIV.
462 653 514 722 27.
534 655 577 724 Et
600 654 684 724 dicit
698 655 763 724 illia
784 657 883 738 lesus,
906 658 1028 730 Omnes
1048 663 1084 729 in
1105 683 1157 730 me
1178 665 1236 732 ot:

89 756 295 826 lendioulum
313 758 476 847 patiemini
495 757 606 826 iubae
626 771 740 827 nocte:
763 762 838 848 qnia
859 745 1096 849 ¹scriptumest,¹
1109 767 1230 836 Percu.
1314 846 1318 852 μ

90 865 174 930 tiam
196 875 369 954 pastorem,
398 871 429 928 et
452 861 673 963 dispergentur
694 882 781 929 oves.
825 863 879 929 28.
901 865 967 930 Sed
988 878 1156 955 postquam
1177 895 1226 938 rc·

90 983 283 1043 surrexero,
314 963 503 1052 praecedam
528 986 589 1033 vos
615 965 649 1030 in
678 963 865 1032 Galilaeam.
914 966 967 1032 29.
990 969 1100 1035 Petrus
1122 975 1230 1040 autem'

91 1068 175 1134 dicit
197 1067 257 1144 illi,
278 1067 411 1134 Etiamsi
433 1087 546 1133 omnes
575 1065 803 1134 ollendiculum
831 1069 919 1154 passi
940 1068 1073 1150 luerint,
1101 1085 1134 1140 at
1160 1097 1230 1142 non

90 1191 166 1260 ego.
209 1171 262 1236 311.
284 1169 384 1236 Tunc·
400 1168 479 1235 dixit
498 1169 547 1235 illi
567 1171 667 1250 lesus,
687 1171 791 1237 Amen
813 1168 891 1236 dico
905 1170 984 1250 tibi,
1017 1173 1109 1259 quod
1129 1176 1228 1246 bodie

90 1279 128 1342 in
149 1283 248 1340 nocte
269 1272 337 1352 bac,
358 1273 546 1360 priusquam
566 1271 618 1339 bis
640 1271 743 1360 gallus
765 1275 924 1354 cecinerit,
945 1283 996 1342 ter
1016 1298 1067 1342 me
1086 1277 1228 1366 negabis.

90 1377 216 1450 31111
240 1375 296 1440 ille
327 1375 545 1440 vehementius
574 1373 714 1452 dicebat,
747 1375 830 1456 imo,
859 1379 890 1442 si
911 1399 963 1444 me
985 1385 1162 1474 oportuerit
1182 1392 1230 1449 te-

90 1501 170 1546 cum
199 1479 297 1557 mori,
334 1479 410 1546 non
427 1485 459 1542 te
488 1471 628 1566 negabo.
671 1478 825 1546 Similiter
852 1489 957 1559 antem
983 1492 1015 1550 et
1041 1504 1154 1562 omnes
1181 1471 1246 1552 dt
1285 1563 1288 1572 Κ
1355 1560 1357 1568 ,

91 1589 223 1652 xerunt

181 1749 286 1820 Luc.
307 1749 407 1817 XXII.
449 1749 504 1816 31.
529 1750 585 1819 Ait
610 1759 716 1818 autem
741 1752 1078 1838 Dominus,‚Simon,
1106 1756 1229 1838 Simon,

92 1877 174 1924 ecce
197 1854 331 1920 Satanas
354 1854 503 1942 expetivit
528 1867 602 1934 vot,
629 1865 666 1920 ut
692 1853 846 1923 cribraret
874 1859 958 1924 sicut
984 1861 1131 1926 triticum.
1173 1863 1226 1927 32.

91 1955 247 2044 Sed-ego
268 1957 380 2043 rogavi
401 1966 513 2044 prote,
533 1978 576 2022 ne
598 1955 730 2024 deficiat
750 1957 832 2026 fides
853 1969 925 2027 tua:
946 1971 977 2027 et
997 1971 1032 2027 tn
1053 1964 1228 2052 aliquando

82 2049 276 2130 'conversus
298 2058 454 2126 confirma
475 2058 587 2126 iratres
609 2069 693 2132 tuos.
736 2061 789 2127 33.
810 2063 855 2128 At
875 2063 931 2130 ille
953 2062 1030 2130 dixit
1052 2067 1229 2144 111)οωί-
1301 2085 1304 2090 “

92 2187 155 2245 ne,
190 2173 294 2229 tecum
315 2173 445 2251 paratus
467 2181 551 2240 snm,
596 2171 629 2227 et
656 2163 691 2226 in
719 2183 878 2245 carcerem
906 2175 938 2231 et
958 2165 992 2232 in
1014 2172 1226 2236 mortem'ire.

94 2269 151 2334 31.
175 2263 234 2332 llle
255 2287 335 2342 vero
359 2264 450 2344 dixit,
470 2262 555 2330 Dico
577 2262 644 2343 tibi,
667 2264 777 2345 Petre,
798 2287 866 2335 non
886 2278 978 2336 cenet
997 2267 1095 2337 bodie
1114 2271 1228 2359 gallus,
1331 2352 1333 2357 ¹

91 2373 284 2460 prinsquam
305 2379 355 2436 ter
375 2366 532 2455 abneges,
551 2387 651 2435 nosse
672 2387 732 2433 me.
1278 2371 1282 2376 ’

174 2639 276 2702 blattb.
293 2641 341 2704 31.
383 2640 491 2701 Omnes
509 2643 571 2700 oo's.
610 2639 700 2716 Quod
717 2637 874 2702 Matthaeus
892 2646 924 2702 et
941 2642 1054 2705 Marcus
1072 2643 1227 2708 extendunt

150 2717 158 2732 '
189 2716 372 2778 radomnes
390 2713 553 2797 discipulos,
580 2713 670 2778 Lucas
693 2716 743 2778 uni
766 2718 854 2779 Petro
867 2715 983 2779 ‘dictum
1006 2718 1092 2782 fixisse
1114 2722 1224 2785 recitat.

94 2729 188 2870 lim
206 2816 269 2854 uam
287 2804 381 2854 autem
400 2791 559 2854 eommunis
578 2793 613 2854 ad
632 2813 731 2854 omnes
750 2805 811 2854 erat
830 2813 939 2869 sermo,
963 2795 1110 2874 probabile
1128 2809 1225 2861 tamen
1259 2865 1265 2870 ,

94 2879 155 2947 est,
185 2815 331 2933 {hristum
348 2881 405 2941 teos
428 2866 599 2951 alloquutum
623 2889 689 2950 esse„
707 2869 738 2929 in
760 2870 842 2932 unius
863 2891 999 2950 persona,
1030 2873 1079 2954 qui
1104 2885 1134 2934 et
1155 2895 1227 2955 prae

93 2947 155 3010 aliis
175 2946 332 3008 monendus
350 2956 423 3020 erat,
444 2957 473 3007 et
490 2945 623 3038 singulari
641 2945 838 3008 consolatione
855 2945 975 3010 babebat
994 2968 1080 3032 opus,
1102 2969 1141 3010 ne
1158 2961 1225 3030 post

96 3023 245 3086 Christum
264 3034 398 3104 negatum
417 3021 465 3084 des
486 3033 575 3084 eratro
593 3019 705 3104 penitus
726 3039 790 3082 cmu
809 3022 954 3085 obmeret.
1164 3067 1169 3084 .

172 3101 244 3162 Luc.
263 3102 312 3162 31.
348 3101 426 3158 Eece
473 3109 595 3158 atomos.
633 3097 752 3159 Bravius
774 3097 821 3159 alii
844 3099 901 3161 dno
927 3111 955 3160 et
977 3095 1130 3180 simplicius
1152 3099 1232 3162 reci-'

93 3171 626 3315 etenensium
643 3171 929 3312 3111111
938 3173 1147 3313 nitense
1162 3177 1225 3316 tu*

95 3274 311 3410 bbbtmbeatbbbe
330 3271 697 3410 lobsuiturcgbristub,qsed
714 3325 979 3418 diserte'exprimit,
1010 3275 1162 3414 certurruerl¹
1171 3275 1224 3394 11111

98 3425 165 3468 eum
184 3405 286 3466 sauna
304 3404 382 3480 lore,
402 3416 431 3466 et
452 3404 533 3468 simul
547 3402 693 3498 promittit
710 3414 868 3468 victoriam.
906 3403 956 3464 Est
974 3415 1067 3466 autem
1086 3405 1155 3468 baec
1173 3429 1225 3490 ap·

96 3479 189 3561 prime
203 3479 280 3542 utilis
299 3481 469 3555 admonitio,
489 3495 598 3562 quoties
617 3479 729 3560 aliquod
747 3479 830 3540 nobis
849 3475 982 3540 obiicitur
999 3481 1172 3560 scandalum,
1191 3496 1234 3545 ut⁴
1275 3503 1277 3508 ·

97 3553 182 3618 nobis
199 3568 264 3617 ante
283 3558 379 3620 oculos
398 3558 513 3623 veniant
530 3560 650 3620 Satanae
670 3556 797 3620 insidiae:
819 3557 1052 3638 quemadmodum
1067 3565 1103 3620 ‘et
1120 3559 1223 3622 Paulus

99 3633 141 3706 (E
161 3629 188 3692 b.
208 3635 242 3706 6,
263 3632 324 3706 12.)
343 3635 441 3712 docet,
460 3656 520 3696 non
540 3632 701 3697 essenobis
720 3632 823 3694 luctam
844 3654 908 3694 cum
927 3654 1011 3696 earne
1031 3645 1060 3696 et
1078 3636 1224 3718 sanguine,

97 3732 98 3736 ¹
166 3729 231 3770 cum
250 3707 434 3789 spiritualibus
454 3711 552 3791 copiis,
572 3724 626 3771 etc.
665 3711 770 3772 Sensus
790 3729 859 3794 ergo
883 3710 1036 3788 verborum
1056 3723 1110 3773 est:
1135 3727 1224 3790 qurum

96 3783 181 3866 paulo
207 3796 272 3866 post
294 3805 340 3845 me
368 3807 532 3866 oppressum
557 3785 696 3863 videritis,
727 3785 829 3860 scitote
851 3787 983 3848 Satanam
1008 3786 1049 3847 bis
1072 3787 1155 3847 armis
1177 3785 1223 3846 in-

96 3872 237 3923 structum
256 3881 316 3928 esse
334 3859 368 3922 ad
387 3882 439 3922 vos
457 3863 680 3944 oppugnandos,
700 3874 729 3922 et
748 3861 819 3922 banc
838 3860 877 3922 illi
898 3863 1153 3931 commodam‘esse,
1170 3881 1223 3922 oc-

96 3935 254 4012 easlonem,
279 3949 313 3998 ut
336 3937 420 3998 lldcxb
447 3950 569 3998 vestram
593 3937 751 4000 labefactet.
808 3937 879 4000 Ideo
905 3952 1001 4000 antem
1024 3935 1093 4010 dixi,
1121 3935 1222 4000 utilem

96 4033 158 4075 cese
180 4014 253 4076 banc
275 4013 460 4088 doctrinam,
479 4013 543 4094 quia
566 4034 649 4095 saepe
673 4014 816 4098 contingit
841 4025 937 4076 nostra
960 4011 1143 4094 incogitantia
1166 4033 1221 4074 nos

96 4089 308 4169 circumveniri,
332 4093 400 4153 dnm
419 4089 589 4152 tentationes
612 4089 793 4174 negligimus,
818 4109 889 4172 quae
908 4089 990 4150 nobis
1010 4099 1104 4148 essem
1121 4087 1222 4151 sormi-

97 4165 221 4244 dabiles,
245 4169 268 4230 al
292 4175 485 4251 reputaremus
503 4165 592 4248 ignita
611 4187 670 4228 esse
691 4165 747 4228 tela
767 4177 824 4226 um
842 4164 925 4226 validi
944 4177 973 4224 et
995 4163 1104 4225 robusti
1123 4164 1220 4228 bostis.

9 4287 10 4290 =
98 4241 265 4328 Quanquam
282 4259 378 4310 autern
397 4243 432 4306 de
459 4242 597 4304 acerrimo
616 4241 664 4304 illo
684 4242 838 4305 certamine
857 4259 933 4300 nunc
952 4239 985 4300 lit
1008 4240 1133 4316 mentio,
1161 4249 1233 4324 quo'

10 4307 11 4346 l
97 4321 182 4383 tunel
202 4323 324 4404 perculsi
346 4321 464 4386 luerunt
490 4318 616 4401 discipuli
639 4339 736 4402 prope¹
752 4320 787 4378 ad
804 4317 870 4378 fidei
887 4335 976 4394 nsque
995 4315 1233 4408 exstinctionem,'
1319 4362 1324 4370 .
1398 4281 1402 4288 ι
