2830 4772
311 271 316 282 ·
401 269 413 282 ··
432 224 512 320 (19Τ.
552 239 966 318 Sacraecoenaeinstitutio.)
1015 249 1018 256 “
1178 244 1289 305 ,ΜΨ
1333 209 1341 224 ’
1406 219 1407 228 ¹

125 401 175 456 ¹tus
194 401 248 451 est:
260 409 345 470 enon,
369 342 447 450 ἰωὰ»
466 389 589 471 proditio
613 387 700 452 Iudae
719 389 852 470 'proprie
866 391 963 454 vocari
985 389 1086 454 debeat
1104 391 1160 454 Dei
1180 411 1260 473 opus,
1289 385 1305 392 ”

129 468 181 530 sed
200 465 263 548 quia
270 467 348 529 Deus
384 466 453 529 udae
467 466 610 548 perfidiam
629 466 664 528 ad
676 463 1023 546 implendumconsilium
1041 489 1122 530 suurn
1141 469 1258 539 inflexit
1276 485 1280 490 “’

128 544 234 605 Scioe
274 539 362 618 idem,
387 537 683 624 quomodo-nonnulli
707 543 875 622 interpretes
903 543 978 606 bunc
1003 545 1148 626 scopulum
1173 545 1259 628 decli-

127 631 215 696 nent,
248 619 462 680 nentur-Iudae
481 637 568 696 opera
586 617 734 698 impletum
753 637 814 678 esse
839 620 914 698 quod
940 621 1075 702 scriptum
1095 632 1167 696 erat,
1195 621 1257 700 quia
1308 627 1313 643 '

127 697 209 757 Deus
229 697 309 833 quod
325 694 520 833 praesciverat
542 695 677 756 vaticiniis
704 706 821 756 testatus
843 694 888 756 sit.
927 697 1004 789 Ergo
1029 709 1061 757 nt
1088 697 1278 772 doctrinam,

25 797 26 804 ¹
127 771 229 852 <praei
250 773 271 832 is
295 771 324 834 vi

344 783 416 832 etur,
431 770 516 852 paulo
533 771 673 850 asperior,
697 771 842 852 mitigent,
870 775 1080 850 praescientiam
1106 773 1162 834 Dei
1188 773 1256 834 sub·

127 847 247 912 stituuut
266 848 371 910 decreti
387 847 466 922 loco,
486 847 543 908 acsi
563 847 670 907 eminus
690 858 799 906 tantum
825 847 1003 926 prospiceret
1021 851 1100 910 Deus
1119 871 1190 930 quae
1210 849 1256 910 lu-

127 936 192 984 tura
210 923 293 1002 sunt,
313 935 484 984 nouantem
503 933 554 984 suo
574 921 690 982 arbitrio
709 923 880 1004 disponeret.
908 923 965 984 Sed
984 924 1071 1002 longe
1090 924 1170 986 aliter
1189 926 1255 1062 Spi-

70 999 75 1006 ’
126 999 199 1061 ritus
225 999 295 1060 banc
320 999 539 1062 controversiam
563 999 682 1060 dirimit:
723 999 871 1078 quianon
894 1009 1003 1060 tantum
1030 1021 1139 1060 causam
1161 1013 1204 1061 tra
1225 1003 1279 1061 iti'

1316 316 1324 348 l

119 1071 235 1138 'Christi
256 1075 356 1149 alsert,
377 1077 454 1156 quod
471 1075 510 1136 ita
528 1075 664 1155 scriptum
679 1087 766 1148 esset,
787 1077 982 1138 verumetiam
1001 1077 1077 1156 quod
1097 1076 1135 1136 ita
1154 1077 1255 1137 defiui—
1310 1081 1322 1092 ‘

126 1161 215 1214 tumst
235 1153 309 1214 Nam
327 1152 375 1212 ubi
396 1152 552 1214 Matthaeus
572 1163 601 1212 et
620 1154 739 1212 lllarcns-
750 1152 926 1232 Scripturam
945 1151 1085 1234 allegant,
1099 1152 1190 1212 Lucas
1208 1173 1254 1216 re-

75 1284 78 1291 s
125 1239 173 1296 cta
192 1249 245 1290 nos
263 1229 297 1289 ad
320 1226 446 1290 coeleste
469 1229 612 1288 decretum
635 1227 757 1288 adducit:
790 1229 1024 1308 quemadmodum
1048 1229 1079 1286 in
1102 1227 1184 1304 Actis
1202 1225 1255 1290 do·

123 1316 186 1380 cet,
228 1303 373 1366 Christum
400 1323 460 1364 non
487 1303 576 1365 modo
606 1302 790 1383 praescientia
814 1303 884 1379 nei,
919 1305 968 1364 sed
996 1303 1112 1365 definito
1137 1303 1254 1365 consilio

45 1443 48 1446 .
122 1381 212 1446 tense
235 1380 381 1454 nattum,
406 1392 435 1440 et
459 1379 543 1460 paulo
572 1390 650 1472 post,
677 1371 824 1441 Herodem
850 1391 879 1440 et
899 1380 1020 1442 Pilatum
1049 1402 1113 1440 cum
1139 1379 1254 1459 reliquis
1297 1423 1299 1428 ,

123 1455 263 1537 improbis
287 1454 401 1528 secisse,
440 1475 511 1536 quae
529 1457 586 1516 Der
608 1477 693 1516 manu
717 1466 747 1516 et
770 1455 888 1518 consilio
911 1457 1106 1538 praeordinata
1129 1455 1252 1516 fuerant.

19 1576 22 1586 ι
122 1533 214 1596 Unde
231 1535 309 1611 patet
328 1529 428 1592 inscite
444 1543 489 1591 ter
510 1531 638 1606 iversari,
668 1533 721 1612 'qui
739 1533 774 1592 ad
794 1533 896 1593 nudam
917 1533 1130 1615 praescientiam
1151 1531 1254 1593 consu-

91 1661 94 1663 .
123 1609 217 1696 giunt.
250 1606 369 1666 ‘Bonum
387 1619 464 1670 erat.
534 1629 570 1668 oc
589 1607 677 1670 verbo
697 1609 846 1684 docemur,
869 1629 950 1688 quam
968 1608 1111 1670 horribilis
1131 1607 1254 1669 vindicta

123 1685 240 1745 maneat
253 1681 370 1764 irupios,
402 1684 501 1764 quibus
519 1685 603 1746 satius
622 1695 696 1746 esset
714 1706 856 1765 nunquam
876 1697 957 1746 natos
978 1707 1046 1746 esse.
1085 1685 1177 1765 Atqui
1196 1684 1253 1744 vita

123 1761 211 1835 baec,
231 1759 406 1838 quatumvis
426 1761 528 1822 caduca
547 1771 577 1822 et
595 1761 751 1823 innumeris
770 1759 909 1821 aerumnis
928 1759 1046 1838 referta,
1075 1761 1171 1823 iucom
1192 1781 1253 1822 ara-

122 1835 182 1898 bile
202 1847 244 1904 est
266 1835 322 1898 Dei
339 1835 515 1898 heneficium.
548 1836 778 1899 *Rursumetiam
799 1837 865 1897 hinc
884 1836 1053 1931 colligimus,
1072 1781 1253 1916 quambene-

84 1929 89 1936 “
122 1912 227 1976 stabilis
248 1911 283 1974 sit
302 1911 412 1972 illorum
435 1909 575 1994 impietas,
593 1933 664 1994 quae
682 1933 742 1995 non
762 1925 870 1974 tautum
890 1915 1042 1996 exstinguit
1059 1915 1185 1994 pretiosa
1195 1909 1253 1984 Dei

124 1991 214 2065 dona,
238 2000 268 2048 et
284 1988 314 2049 in
332 1987 490 2068 perniciem·
507 1991 663 2065 convertit,
682 1991 732 2051 sed
751 1989 826 2065 iacit,
846 2001 878 2049 ut
896 2001 1021 2070 praestet
1038 2011 1179 2070 nunquam
1190 1989 1252 2074 g'u·

121 2077 214 2128 stasse
232 2064 289 2126 Dei
310 2065 476 2126 honitatem.
514 2067 623 2126 Notatu
641 2077 736 2126 tamen
756 2067 839 2158 digna
861 2079 903 2126 est
923 2067 991 2126 baec
1010 2067 1157 2146 particula,
1177 2063 1254 2146 quod

123 2144 236 2203 homini
253 2145 358 2202 bonum
368 2141 485 2220 fuisset
506 2163 563 2202 non
581 2146 682 2202 irasci:
717 2153 782 2234 qura'
799 2144 975 2222 quantumvis
993 2143 1095 2204 misera
1112 2143 1148 2204 sit
1166 2143 1253 2206 Iudae
1290 2189 1293 2194 .

123 2215 268 2290 conditio,
299 2221 365 2279 Deo
388 2229 484 2278 tamen
507 2217 620 2287 bonum
640 2217 694 2283 luit
725 2217 802 2277 ntum
831 2239 954 2294 creasse,
988 2219 1036 2303 qui
1061 2219 1198 2298 reprobos
1219 2217 1254 2278 ad

26 2321 30 2334 ·
124 2295 201 2357 diem
221 2293 297 2354 exitii
315 2293 470 2368 destinans,
489 2293 708 2374 gloriam‘suam
723 2293 779 2354 boc
798 2313 909 2373 quoque
928 2295 1016 2358 modo
1036 2292 1160 2366 illustrat,
1180 2293 1254 2354 sicut

123 2372 212 2434 docet
233 2370 357 2430 Salomo.
394 2369 438 2428 Ita
457 2368 492 2428 ab
517 2370 596 2434 omni
622 2369 742 2430 sinistra.
756 2381 827 2430 nota
850 2371 984 2432 asseritur
1007 2389 1108 2433 arcana
1129 2369 1174 2430 illa
1199 2369 1256 2429 Dei

38 2456 41 2465 a
124 2444 309 2606 §ppgepnatim
331 2463 403 2526 quae
421 2443 568 2508 bominum
586 2445 708 2510 consiliis
728 2457 758 2507 et
777 2445 912 2528 operibus
927 2443 1081 2550 praesidet,
1109 2457 1253 2540 utuluper

124 2672 230 2757 pidare,
249 2693 297 2752 qur
316 2673 369 2732 subi
381 2672 453 2732 male
472 2674 586 2735 conscii
594 2685 670 2748 sunt,
693 2674 837 2734 formidini
852 2687 946 2735 tamen
967 2687 996 2738 et
1015 2675 1109 2746 coecis
1127 2686 1256 2734 tormen-

124 2751 163 2812 tis
180 2748 332 2830 implicitus
351 2759 393 2810 est
415 2760 528 2830 stupor,
562 2761 597 2810 ut
622 2751 756 2811 audacter
780 2753 814 2812 ad
837 2751 997 2834 negandum
1015 2751 1172 2834 prosiliant:
1206 2750 1255 2810 sed

126 2826 183 2888 hoc
200 2825 314 2886 tandem
332 2825 482 2906 proficiunt
501 2847 549 2888 sua
573 2827 758 2908 impudentia,
775 2837 822 2887 'ut
844 2827 986 2888 occultum
1005 2828 1099 2910 scelus
1113 2828 1255 2917 detegant.
1329 2883 1331 2886 .

126 2903 176 2966 Sic
194 2901 291 2976 Iudas,
324 2923 410 2980 quum
430 2901 508 2960 illum
526 2902 597 2962 mala
620 2901 792 2965 conscientia
813 2903 995 2966 constrictum
1018 2914 1145 2976 teneret,
1167 2901 1256 2961 ‘silere

127 2993 224 3042 tamen
243 2977 355 3058 nequit:
387 2979 457 3037 adeo
476 2977 552 3037 illum
574 3001 621 3040 exa
644 2979 694 3038 itat
716 2979 837 3042 interior
859 2980 906 3041 ille
927 2979 1062 3051 carnifex,
1092 2979 1159 3038 dnm
1177 2987 1257 3035 metu

129 3067 159 3118 et
178 3053 319 3117 anxietate
338 3051 457 3114 eundem
479 3053 582 3116 delicit.
621 2999 644 3116 d

126 3153 232 3215 sponso
256 3131 369 3209 oblique
393 3131 590 3216 perstringens
617 3131 759 3204 Christus,
794 3153 809 3190 a
857 3131 1044 3212 reputandum
1063 3130 1141 3218 quod
1159 3140 1260 3216 tegere

111 3207 242 3286 ¹solebat
264 3205 353 3268 scelus
382 3205 521 3268 sollicitat.
567 3208 626 3267 Sed
654 3208 709 3266 iam
733 3207 871 3270 diabolico
897 3207 997 3268 furore
1019 3227 1099 3266 meus
1121 3216 1256 3286 occupata
1287 3215 1298 3226 “

127 3285 278 3378 concipere
287 3283 379 3380 ¹talem
399 3301 512 3344 sensum
534 3304 594 3342 non
613 3283 716 3373 potuit,
739 3360 746 3374 ι
763 3283 918 3375 Caeterum
941 3283 998 3343 boc
1019 3281 1147 3376 exemplo
1167 3281 1255 3376 disca-

128 3381 204 3496 Ἐξ,
200 3381 340 3501 submedsfrse
350 3371 489 3474 proterve
511 3361 669 3452 excusando
688 3359 757 3425 mhd
776 3359 849 3432 alind
872 3379 955 3474 quam
971 3369 1105 3430 maturius
1126 3359 1257 3468 indictum

202 2599 250 2662 25.
275 2596 462 2687 Ilespondens
480 2607 581 2662 autem
598 2598 703 2659 Iudas.
744 2597 914 2678 Quanquam
942 2619 1027 2680 saepe
1045 2597 1171 2659 videmus
1194 2563 1256 2657 tress
1323 2615 1347 2640 ²

647 3077 715 3116 orro
734 3055 817 3134 stupi'
843 3078 871 3116 m
890 3057 948 3118 eius
971 3055 1111 3122 audaciam
1134 3072 1186 3113 sno
1209 3071 1256 3112 rc·
1329 3081 1334 3094 ·

214 3714 343 3803 (192).
360 3715 530 3785 ΜΑΤΤΗ.
543 3720 673 3810 ,xxvt
727 3717 781 3784 26.
821 3717 1036 3786 vescentibus
1062 3725 1172 3797 autem
1205 3712 1260 3786 ein

133 3819 257 3903 aceepit
277 3817 367 3884 Iesus
388 3843 517 3906 panem:
544 3831 576 3886 et
597 3819 695 3908 quum
722 3824 839 3910 egisset
865 3825 998 3906 gratias,
1023 3820 1131 3906 fregit,
1160 3806 1261 3878 dedit·
1307 3807 1311 3812 ’

131 3940 195 4012 quc
217 3917 400 4008 discipulis,
433 3931 464 3986 ct
490 3925 548 4004 ait,
571 3923 735 4010 Accipite,
769 3923 943 3990 comedite:
978 3925 1042 3992 boc
1068 3929 1117 3984 etl
1142 3935 1260 4002 corput

112 4041 243 4092 ,meum
287 4023 341 4090 2⁷4
358 4021 404 4088 ‘Et
421 4033 555 4111 accepto
577 4026 698 4114 poculo
720 4047 759 4090 ac
773 4028 879 4110 gratiis
903 4027 990 4104 aetii,
1012 4019 1102 4086 dedit
1121 4017 1193 4094 illis,
1214 4013 1262 4079 di·
1285 4080 1287 4088 ,

8 4161 9 4166 1
84 4197 88 4202 ¹
124 4141 224 4205 scens,
245 4123 352 4192 Bibite
375 4145 412 4191 ex
433 4125 497 4190 hoc
519 4147 639 4192 omues.
689 4125 742 4191 28.
765 4127 826 4192 Hic
848 4136 895 4192 est
917 4127 1001 4190 euim
1024 4121 1151 4206 sanguis
1173 4137 1262 4184 meus

131 4226 220 4294 Novi
241 4228 452 4308 Testamenti,
481 4219 538 4314 qui
565 4251 626 4316 pro
654 4229 762 4296 multis
793 4225 967 4302 effunditur
988 4230 1022 4290 iu
1044 4223 1264 4291 remissionem

110 4340 363 4418 ,peccatorum
391 4331 445 4400 29.
466 4332 553 4414 Dico
575 4341 681 4400 autem
703 4329 813 4410 vobis,
842 4329 919 4398 Nou
941 4323 1049 4394 bibam
1071 4325 1206 4415 posthac
1227 4343 1267 4389 ex
