<?xml version="1.0" encoding="UTF-8"?>
<!DOCTYPE html PUBLIC "-//W3C//DTD XHTML 1.0 Transitional//EN"
    "http://www.w3.org/TR/xhtml1/DTD/xhtml1-transitional.dtd">
<html xmlns="http://www.w3.org/1999/xhtml" xml:lang="en" lang="en">
 <head>
  <title>
</title>
<meta http-equiv="Content-Type" content="text/html;charset=utf-8" />
  <meta name='ocr-system' content='tesseract 3.04.00' />
  <meta name='ocr-capabilities' content='ocr_page ocr_carea ocr_par ocr_line ocrx_word'/>
</head>
<body>
  <div class='ocr_page' id='page_1' title='image "./novumtestamentu00calvgoog_0254.png"; bbox 0 0 2804 4762; ppageno 0'>
   <div class='ocr_carea' id='block_1_1' title="bbox 266 241 1238 360">
    <p class='ocr_par' dir='ltr' id='par_1_1' title="bbox 266 241 1238 360">
     <span class='ocr_line' id='line_1_1' title="bbox 266 241 1238 360; baseline 0.01 -26"><span class='ocrx_word' id='word_1_1' title='bbox 266 281 484 358; x_wconf 73' lang='lat' dir='ltr'><strong>,tlte—183.</strong></span> <span class='ocrx_word' id='word_1_2' title='bbox 522 278 605 340; x_wconf 83' lang='lat' dir='ltr'><strong>Acris</strong></span> <span class='ocrx_word' id='word_1_3' title='bbox 625 241 838 340; x_wconf 85' lang='lat' dir='ltr'><strong>Pharisaeorum</strong></span> <span class='ocrx_word' id='word_1_4' title='bbox 857 277 1047 360; x_wconf 83' lang='lat' dir='ltr'><strong>reprobatio.)</strong></span> <span class='ocrx_word' id='word_1_5' title='bbox 1082 345 1083 352; x_wconf 38' lang='lat'><strong>,</strong></span> <span class='ocrx_word' id='word_1_6' title='bbox 1180 279 1238 344; x_wconf 78' lang='lat'><strong>245</strong></span> 
     </span>
    </p>
   </div>
   <div class='ocr_carea' id='block_1_2' title="bbox 1 429 1347 2884">
    <p class='ocr_par' dir='ltr' id='par_1_2' title="bbox 91 429 1313 970">
     <span class='ocr_line' id='line_1_2' title="bbox 91 429 1283 514; baseline 0.003 -24"><span class='ocrx_word' id='word_1_7' title='bbox 91 441 162 510; x_wconf 81' lang='lat' dir='ltr'><strong>apta</strong></span> <span class='ocrx_word' id='word_1_8' title='bbox 183 441 250 494; x_wconf 85' lang='lat' dir='ltr'><strong>erat</strong></span> <span class='ocrx_word' id='word_1_9' title='bbox 267 430 392 504; x_wconf 78' lang='lat' dir='ltr'><strong>venado.</strong></span> <span class='ocrx_word' id='word_1_10' title='bbox 449 430 518 492; x_wconf 81' lang='lat' dir='ltr'><strong>Fuit</strong></span> <span class='ocrx_word' id='word_1_11' title='bbox 537 443 631 492; x_wconf 87' lang='lat' dir='ltr'><strong>autom</strong></span> <span class='ocrx_word' id='word_1_12' title='bbox 649 448 709 491; x_wconf 87' lang='lat' dir='ltr'><strong>non</strong></span> <span class='ocrx_word' id='word_1_13' title='bbox 728 429 819 492; x_wconf 87' lang='lat' dir='ltr'><strong>minus</strong></span> <span class='ocrx_word' id='word_1_14' title='bbox 837 431 1012 514; x_wconf 72' lang='lat' dir='ltr'><strong>perniciosus</strong></span> <span class='ocrx_word' id='word_1_15' title='bbox 1031 451 1115 513; x_wconf 84' lang='lat' dir='ltr'><strong>quam</strong></span> <span class='ocrx_word' id='word_1_16' title='bbox 1133 429 1238 494; x_wconf 89' lang='lat' dir='ltr'><strong>stultus</strong></span> <span class='ocrx_word' id='word_1_17' title='bbox 1272 452 1283 494; x_wconf 77' lang='lat' dir='ltr'><strong>s</strong></span> 
     </span>
     <span class='ocr_line' id='line_1_3' title="bbox 92 507 1238 590; baseline 0.002 -24"><span class='ocrx_word' id='word_1_18' title='bbox 92 529 197 584; x_wconf 82' lang='lat' dir='ltr'><strong>error,</strong></span> <span class='ocrx_word' id='word_1_19' title='bbox 223 529 260 570; x_wconf 91' lang='lat' dir='ltr'><strong>eo</strong></span> <span class='ocrx_word' id='word_1_20' title='bbox 282 509 358 590; x_wconf 90' lang='lat' dir='ltr'><strong>quod</strong></span> <span class='ocrx_word' id='word_1_21' title='bbox 377 507 510 588; x_wconf 86' lang='lat' dir='ltr'><strong>populum</strong></span> <span class='ocrx_word' id='word_1_22' title='bbox 530 509 672 570; x_wconf 79' lang='lat' dir='ltr'><strong>adorasse</strong></span> <span class='ocrx_word' id='word_1_23' title='bbox 695 507 827 590; x_wconf 84' lang='lat' dir='ltr'><strong>figmenta</strong></span> <span class='ocrx_word' id='word_1_24' title='bbox 850 507 1010 571; x_wconf 84' lang='lat' dir='ltr'><strong>abduceret.</strong></span> <span class='ocrx_word' id='word_1_25' title='bbox 1067 507 1146 572; x_wconf 83' lang='lat' dir='ltr'><strong>Nihil</strong></span> <span class='ocrx_word' id='word_1_26' title='bbox 1160 510 1238 589; x_wconf 70' lang='lat' dir='ltr'><strong>pro·</strong></span> 
     </span>
     <span class='ocr_line' id='line_1_4' title="bbox 93 580 1238 669; baseline 0.003 -27"><span class='ocrx_word' id='word_1_27' title='bbox 93 585 199 644; x_wconf 85' lang='lat' dir='ltr'><strong>clivius</strong></span> <span class='ocrx_word' id='word_1_28' title='bbox 225 595 274 644; x_wconf 86' lang='lat' dir='ltr'><strong>est</strong></span> <span class='ocrx_word' id='word_1_29' title='bbox 297 607 379 664; x_wconf 88' lang='lat' dir='ltr'><strong>quarn</strong></span> <span class='ocrx_word' id='word_1_30' title='bbox 402 583 529 646; x_wconf 89' lang='lat' dir='ltr'><strong>homines</strong></span> <span class='ocrx_word' id='word_1_31' title='bbox 551 607 567 646; x_wconf 86' lang='lat' dir='ltr'><strong>a</strong></span> <span class='ocrx_word' id='word_1_32' title='bbox 590 605 663 663; x_wconf 89' lang='lat' dir='ltr'><strong>puro</strong></span> <span class='ocrx_word' id='word_1_33' title='bbox 690 583 747 644; x_wconf 88' lang='lat' dir='ltr'><strong>Dei</strong></span> <span class='ocrx_word' id='word_1_34' title='bbox 771 584 846 644; x_wconf 91' lang='lat' dir='ltr'><strong>cultu</strong></span> <span class='ocrx_word' id='word_1_35' title='bbox 865 583 967 646; x_wconf 82' lang='lat' dir='ltr'>delabi:</span> <span class='ocrx_word' id='word_1_36' title='bbox 991 585 1072 646; x_wconf 90' lang='lat' dir='ltr'><strong>huius</strong></span> <span class='ocrx_word' id='word_1_37' title='bbox 1093 607 1162 669; x_wconf 87' lang='lat' dir='ltr'><strong>ergo</strong></span> <span class='ocrx_word' id='word_1_38' title='bbox 1182 580 1238 647; x_wconf 90' lang='lat' dir='ltr'><strong>veli</strong></span> 
     </span>
     <span class='ocr_line' id='line_1_5' title="bbox 92 659 1237 742; baseline -0.003 -19"><span class='ocrx_word' id='word_1_39' title='bbox 92 661 226 723; x_wconf 83' lang='lat' dir='ltr'><strong>ohteutu</strong></span> <span class='ocrx_word' id='word_1_40' title='bbox 246 661 366 722; x_wconf 85' lang='lat' dir='ltr'><strong>Satanae</strong></span> <span class='ocrx_word' id='word_1_41' title='bbox 384 681 465 742; x_wconf 83' lang='lat' dir='ltr'><strong>prom</strong></span> <span class='ocrx_word' id='word_1_42' title='bbox 485 673 546 722; x_wconf 87' lang='lat' dir='ltr'><strong>tum</strong></span> <span class='ocrx_word' id='word_1_43' title='bbox 565 661 628 734; x_wconf 83' lang='lat' dir='ltr'><strong>fuit,</strong></span> <span class='ocrx_word' id='word_1_44' title='bbox 640 661 749 740; x_wconf 80' lang='lat' dir='ltr'><strong>‘procul</strong></span> <span class='ocrx_word' id='word_1_45' title='bbox 767 679 783 722; x_wconf 86' lang='lat' dir='ltr'><strong>a</strong></span> <span class='ocrx_word' id='word_1_46' title='bbox 801 659 858 722; x_wconf 90' lang='lat' dir='ltr'><strong>Dei</strong></span> <span class='ocrx_word' id='word_1_47' title='bbox 877 660 979 722; x_wconf 76' lang='lat' dir='ltr'><strong>interitu</strong></span> <span class='ocrx_word' id='word_1_48' title='bbox 999 661 1170 737; x_wconf 75' lang='lat' dir='ltr'><strong>abstrahere,</strong></span> <span class='ocrx_word' id='word_1_49' title='bbox 1189 661 1237 742; x_wconf 88' lang='lat' dir='ltr'><strong>qui</strong></span> 
     </span>
     <span class='ocr_line' id='line_1_6' title="bbox 92 683 1236 820; baseline 0.003 -25"><span class='ocrx_word' id='word_1_50' title='bbox 92 735 153 796; x_wconf 85' lang='lat' dir='ltr'><strong>iam</strong></span> <span class='ocrx_word' id='word_1_51' title='bbox 173 737 239 816; x_wconf 89' lang='lat' dir='ltr'><strong>plus</strong></span> <span class='ocrx_word' id='word_1_52' title='bbox 259 759 350 818; x_wconf 92' lang='lat' dir='ltr'><strong>aequo</strong></span> <span class='ocrx_word' id='word_1_53' title='bbox 370 738 403 798; x_wconf 84' lang='lat' dir='ltr'><strong>ad</strong></span> <span class='ocrx_word' id='word_1_54' title='bbox 422 683 519 798; x_wconf 81' lang='lat' dir='ltr'><strong>stollas</strong></span> <span class='ocrx_word' id='word_1_55' title='bbox 538 737 750 820; x_wconf 67' lang='lat' dir='ltr'>imaginationes</span> <span class='ocrx_word' id='word_1_56' title='bbox 768 736 931 799; x_wconf 75' lang='lat' dir='ltr'><strong>tendebant.</strong></span> <span class='ocrx_word' id='word_1_57' title='bbox 989 739 1069 799; x_wconf 86' lang='lat' dir='ltr'><strong>llaec</strong></span> <span class='ocrx_word' id='word_1_58' title='bbox 1092 740 1164 800; x_wconf 89' lang='lat' dir='ltr'><strong>ratio</strong></span> <span class='ocrx_word' id='word_1_59' title='bbox 1185 749 1236 814; x_wconf 85' lang='lat' dir='ltr'><strong>est,</strong></span> 
     </span>
     <span class='ocr_line' id='line_1_7' title="bbox 94 813 1313 895; baseline 0.001 -21"><span class='ocrx_word' id='word_1_60' title='bbox 94 835 150 874; x_wconf 88' lang='lat' dir='ltr'><strong>cur</strong></span> <span class='ocrx_word' id='word_1_61' title='bbox 170 835 238 877; x_wconf 89' lang='lat' dir='ltr'><strong>eum</strong></span> <span class='ocrx_word' id='word_1_62' title='bbox 260 834 386 874; x_wconf 89' lang='lat' dir='ltr'><strong>errorem</strong></span> <span class='ocrx_word' id='word_1_63' title='bbox 405 825 463 872; x_wconf 87' lang='lat' dir='ltr'><strong>tam</strong></span> <span class='ocrx_word' id='word_1_64' title='bbox 481 815 588 874; x_wconf 89' lang='lat' dir='ltr'><strong>duriter</strong></span> <span class='ocrx_word' id='word_1_65' title='bbox 607 813 735 875; x_wconf 86' lang='lat' dir='ltr'><strong>Christus</strong></span> <span class='ocrx_word' id='word_1_66' title='bbox 757 813 881 895; x_wconf 82' lang='lat' dir='ltr'><strong>castiget.</strong></span> <span class='ocrx_word' id='word_1_67' title='bbox 939 815 978 873; x_wconf 77' lang='lat' dir='ltr'><strong>Et</strong></span> <span class='ocrx_word' id='word_1_68' title='bbox 999 827 1093 875; x_wconf 83' lang='lat' dir='ltr'><strong>tamen</strong></span> <span class='ocrx_word' id='word_1_69' title='bbox 1112 815 1236 894; x_wconf 77' lang='lat' dir='ltr'><strong>Papistrs</strong></span> <span class='ocrx_word' id='word_1_70' title='bbox 1310 887 1313 890; x_wconf 21' lang='grc' dir='ltr'>Ι</span> 
     </span>
     <span class='ocr_line' id='line_1_8' title="bbox 93 888 1236 970; baseline 0.005 -22"><span class='ocrx_word' id='word_1_71' title='bbox 93 911 159 949; x_wconf 88' lang='lat' dir='ltr'><strong>non</strong></span> <span class='ocrx_word' id='word_1_72' title='bbox 181 889 286 970; x_wconf 88' lang='lat' dir='ltr'><strong>puduit</strong></span> <span class='ocrx_word' id='word_1_73' title='bbox 302 911 410 952; x_wconf 87' lang='lat' dir='ltr'><strong>sacmm</strong></span> <span class='ocrx_word' id='word_1_74' title='bbox 428 891 484 952; x_wconf 86' lang='lat' dir='ltr'><strong>Dei</strong></span> <span class='ocrx_word' id='word_1_75' title='bbox 504 911 610 954; x_wconf 89' lang='lat' dir='ltr'><strong>nomen</strong></span> <span class='ocrx_word' id='word_1_76' title='bbox 628 889 662 948; x_wconf 86' lang='lat' dir='ltr'><strong>ad</strong></span> <span class='ocrx_word' id='word_1_77' title='bbox 681 888 956 970; x_wconf 81' lang='lat' dir='ltr'><strong>turpiusludibrium</strong></span> <span class='ocrx_word' id='word_1_78' title='bbox 968 892 1151 970; x_wconf 77' lang='lat' dir='ltr'>prostituere:</span> <span class='ocrx_word' id='word_1_79' title='bbox 1169 913 1236 954; x_wconf 82' lang='lat' dir='ltr'><strong>natu</strong></span> 
     </span>
    </p>

    <p class='ocr_par' dir='ltr' id='par_1_3' title="bbox 44 955 1237 1212">
     <span class='ocr_line' id='line_1_9' title="bbox 44 955 1237 1052; baseline 0.007 -32"><span class='ocrx_word' id='word_1_80' title='bbox 44 1006 50 1020; x_wconf 92' lang='lat'><em>.</em></span> <span class='ocrx_word' id='word_1_81' title='bbox 92 965 174 1046; x_wconf 83' lang='lat' dir='ltr'><strong>apud</strong></span> <span class='ocrx_word' id='word_1_82' title='bbox 193 965 260 1028; x_wconf 89' lang='lat' dir='ltr'><strong>illos</strong></span> <span class='ocrx_word' id='word_1_83' title='bbox 280 965 365 1044; x_wconf 86' lang='lat' dir='ltr'><strong>pluris</strong></span> <span class='ocrx_word' id='word_1_84' title='bbox 385 979 429 1028; x_wconf 93' lang='lat' dir='ltr'><strong>est</strong></span> <span class='ocrx_word' id='word_1_85' title='bbox 447 966 566 1026; x_wconf 84' lang='lat' dir='ltr'><strong>frustum</strong></span> <span class='ocrx_word' id='word_1_86' title='bbox 585 967 688 1044; x_wconf 87' lang='lat' dir='ltr'><strong>putridi</strong></span> <span class='ocrx_word' id='word_1_87' title='bbox 707 955 851 1034; x_wconf 58' lang='lat' dir='ltr'><strong>cadaveris*</strong></span> <span class='ocrx_word' id='word_1_88' title='bbox 866 978 993 1052; x_wconf 82' lang='lat' dir='ltr'><strong>tangere,</strong></span> <span class='ocrx_word' id='word_1_89' title='bbox 1012 988 1095 1044; x_wconf 81' lang='lat' dir='ltr'><strong>quam</strong></span> <span class='ocrx_word' id='word_1_90' title='bbox 1111 981 1237 1028; x_wconf 89' lang='lat' dir='ltr'><strong>sanctum</strong></span> 
     </span>
     <span class='ocr_line' id='line_1_10' title="bbox 92 1039 1234 1123; baseline 0.003 -23"><span class='ocrx_word' id='word_1_91' title='bbox 92 1039 255 1123; x_wconf 75' lang='lat' dir='ltr'><strong>utriusque</strong></span> <span class='ocrx_word' id='word_1_92' title='bbox 269 1041 445 1106; x_wconf 73' lang='lat' dir='ltr'><strong>Testamenti</strong></span> <span class='ocrx_word' id='word_1_93' title='bbox 468 1041 615 1114; x_wconf 90' lang='lat' dir='ltr'><strong>volumen,</strong></span> <span class='ocrx_word' id='word_1_94' title='bbox 644 1043 688 1102; x_wconf 91' lang='lat' dir='ltr'><strong>vel</strong></span> <span class='ocrx_word' id='word_1_95' title='bbox 712 1043 796 1102; x_wconf 86' lang='lat' dir='ltr'><strong>etiam</strong></span> <span class='ocrx_word' id='word_1_96' title='bbox 820 1041 911 1103; x_wconf 85' lang='lat' dir='ltr'><strong>levare</strong></span> <span class='ocrx_word' id='word_1_97' title='bbox 936 1043 963 1101; x_wconf 92' lang='lat' dir='ltr'><strong>in</strong></span> <span class='ocrx_word' id='word_1_98' title='bbox 990 1041 1099 1102; x_wconf 89' lang='lat' dir='ltr'><strong>coelum</strong></span> <span class='ocrx_word' id='word_1_99' title='bbox 1127 1039 1234 1104; x_wconf 87' lang='lat' dir='ltr'><strong>mamis.</strong></span> 
     </span>
     <span class='ocr_line' id='line_1_11' title="bbox 92 1117 1236 1212; baseline 0.001 -34"><span class='ocrx_word' id='word_1_100' title='bbox 92 1121 201 1182; x_wconf 87' lang='lat' dir='ltr'><strong>Porro·</strong></span> <span class='ocrx_word' id='word_1_101' title='bbox 214 1119 273 1182; x_wconf 90' lang='lat' dir='ltr'><strong>boc</strong></span> <span class='ocrx_word' id='word_1_102' title='bbox 291 1121 379 1180; x_wconf 90' lang='lat' dir='ltr'><strong>modo</strong></span> <span class='ocrx_word' id='word_1_103' title='bbox 398 1117 540 1179; x_wconf 81' lang='lat' dir='ltr'><strong>inducitur</strong></span> <span class='ocrx_word' id='word_1_104' title='bbox 559 1117 674 1180; x_wconf 85' lang='lat' dir='ltr'><strong>carnalis</strong></span> <span class='ocrx_word' id='word_1_105' title='bbox 692 1120 748 1180; x_wconf 91' lang='lat' dir='ltr'><strong>Dei</strong></span> <span class='ocrx_word' id='word_1_106' title='bbox 768 1118 870 1196; x_wconf 92' lang='lat' dir='ltr'><strong>cultus,</strong></span> <span class='ocrx_word' id='word_1_107' title='bbox 894 1119 942 1212; x_wconf 83' lang='lat' dir='ltr'><strong>qui</strong></span> <span class='ocrx_word' id='word_1_108' title='bbox 964 1131 1074 1179; x_wconf 89' lang='lat' dir='ltr'><strong>rectum</strong></span> <span class='ocrx_word' id='word_1_109' title='bbox 1099 1118 1157 1180; x_wconf 82' lang='lat' dir='ltr'><strong>eius</strong></span> <span class='ocrx_word' id='word_1_110' title='bbox 1174 1123 1236 1179; x_wconf 85' lang='lat' dir='ltr'><strong>rhe-</strong></span> 
     </span>
    </p>

    <p class='ocr_par' dir='ltr' id='par_1_4' title="bbox 52 1194 1347 1656">
     <span class='ocr_line' id='line_1_12' title="bbox 52 1194 1347 1282; baseline 0 -28"><span class='ocrx_word' id='word_1_111' title='bbox 52 1211 55 1224; x_wconf 66' lang='grc'><strong>“</strong></span> <span class='ocrx_word' id='word_1_112' title='bbox 92 1207 158 1254; x_wconf 89' lang='lat' dir='ltr'><strong>tum</strong></span> <span class='ocrx_word' id='word_1_113' title='bbox 189 1197 298 1257; x_wconf 89' lang='lat' dir='ltr'><strong>sensim</strong></span> <span class='ocrx_word' id='word_1_114' title='bbox 325 1195 465 1255; x_wconf 87' lang='lat' dir='ltr'><strong>obliterat.</strong></span> <span class='ocrx_word' id='word_1_115' title='bbox 522 1195 610 1254; x_wconf 75' lang='lat' dir='ltr'><strong>Nion</strong></span> <span class='ocrx_word' id='word_1_116' title='bbox 638 1207 693 1255; x_wconf 84' lang='lat' dir='ltr'><strong>est.</strong></span> <span class='ocrx_word' id='word_1_117' title='bbox 751 1196 815 1264; x_wconf 81' lang='lat' dir='ltr'><strong>Hac</strong></span> <span class='ocrx_word' id='word_1_118' title='bbox 839 1194 974 1276; x_wconf 72' lang='lat' dir='ltr'><strong>paucula</strong></span> <span class='ocrx_word' id='word_1_119' title='bbox 1002 1215 1062 1282; x_wconf 87' lang='lat' dir='ltr'><strong>nop</strong></span> <span class='ocrx_word' id='word_1_120' title='bbox 1091 1194 1237 1278; x_wconf 81' lang='lat' dir='ltr'><strong>significat,</strong></span> <span class='ocrx_word' id='word_1_121' title='bbox 1345 1243 1347 1248; x_wconf 68' lang='lat'><strong>,</strong></span> 
     </span>
     <span class='ocr_line' id='line_1_13' title="bbox 91 1269 1237 1354; baseline 0.001 -24"><span class='ocrx_word' id='word_1_122' title='bbox 91 1293 213 1332; x_wconf 84' lang='lat' dir='ltr'><strong>omnem</strong></span> <span class='ocrx_word' id='word_1_123' title='bbox 236 1271 350 1352; x_wconf 82' lang='lat' dir='ltr'><strong>penitus</strong></span> <span class='ocrx_word' id='word_1_124' title='bbox 369 1272 509 1334; x_wconf 87' lang='lat' dir='ltr'><strong>honorem</strong></span> <span class='ocrx_word' id='word_1_125' title='bbox 534 1271 701 1354; x_wconf 79' lang='lat' dir='ltr'><strong>abrogatum</strong></span> <span class='ocrx_word' id='word_1_126' title='bbox 723 1270 806 1333; x_wconf 87' lang='lat' dir='ltr'><strong>fuisse</strong></span> <span class='ocrx_word' id='word_1_127' title='bbox 829 1273 933 1353; x_wconf 92' lang='lat' dir='ltr'><strong>templo</strong></span> <span class='ocrx_word' id='word_1_128' title='bbox 976 1269 1025 1334; x_wconf 88' lang='lat' dir='ltr'><strong>sed</strong></span> <span class='ocrx_word' id='word_1_129' title='bbox 1049 1271 1237 1352; x_wconf 78' lang='lat' dir='ltr'><strong>comparative</strong></span> 
     </span>
     <span class='ocr_line' id='line_1_14' title="bbox 90 1317 1236 1429; baseline 0.002 -25"><span class='ocrx_word' id='word_1_130' title='bbox 90 1346 236 1426; x_wconf 89' lang='lat' dir='ltr'><strong>loquitur.</strong></span> <span class='ocrx_word' id='word_1_131' title='bbox 274 1342 369 1429; x_wconf 32' lang='lat' dir='ltr'><strong>,Nam</strong></span> <span class='ocrx_word' id='word_1_132' title='bbox 394 1367 481 1426; x_wconf 91' lang='lat' dir='ltr'><strong>quum</strong></span> <span class='ocrx_word' id='word_1_133' title='bbox 505 1346 524 1404; x_wconf 93' lang='lat' dir='ltr'><strong>h</strong></span> <span class='ocrx_word' id='word_1_134' title='bbox 566 1347 688 1408; x_wconf 82' lang='lat' dir='ltr'><strong>erbolice</strong></span> <span class='ocrx_word' id='word_1_135' title='bbox 708 1347 863 1410; x_wconf 86' lang='lat' dir='ltr'><strong>oblationes</strong></span> <span class='ocrx_word' id='word_1_136' title='bbox 881 1317 1066 1422; x_wconf 57' lang='lat' dir='ltr'><strong>extollerent,</strong></span> <span class='ocrx_word' id='word_1_137' title='bbox 1090 1348 1121 1406; x_wconf 91' lang='lat' dir='ltr'><strong>iu</strong></span> <span class='ocrx_word' id='word_1_138' title='bbox 1141 1365 1236 1428; x_wconf 75' lang='lat' dir='ltr'><strong>earum</strong></span> 
     </span>
     <span class='ocr_line' id='line_1_15' title="bbox 90 1418 1237 1508; baseline -0.003 -24"><span class='ocrx_word' id='word_1_139' title='bbox 90 1423 292 1492; x_wconf 82' lang='lat' dir='ltr'><strong>reverentiam</strong></span> <span class='ocrx_word' id='word_1_140' title='bbox 312 1424 351 1483; x_wconf 82' lang='lat' dir='ltr'><strong>ita</strong></span> <span class='ocrx_word' id='word_1_141' title='bbox 370 1421 529 1503; x_wconf 86' lang='lat' dir='ltr'><strong>rapiebatur</strong></span> <span class='ocrx_word' id='word_1_142' title='bbox 568 1423 693 1484; x_wconf 86' lang='lat' dir='ltr'><strong>ominum</strong></span> <span class='ocrx_word' id='word_1_143' title='bbox 716 1425 829 1508; x_wconf 78' lang='lat' dir='ltr'><strong>vulgus,</strong></span> <span class='ocrx_word' id='word_1_144' title='bbox 849 1437 880 1485; x_wconf 89' lang='lat' dir='ltr'><strong>ut</strong></span> <span class='ocrx_word' id='word_1_145' title='bbox 900 1425 997 1507; x_wconf 88' lang='lat' dir='ltr'><strong>templi</strong></span> <span class='ocrx_word' id='word_1_146' title='bbox 1018 1436 1046 1486; x_wconf 88' lang='lat' dir='ltr'><strong>et</strong></span> <span class='ocrx_word' id='word_1_147' title='bbox 1066 1418 1157 1484; x_wconf 85' lang='lat' dir='ltr'><strong>altaris</strong></span> <span class='ocrx_word' id='word_1_148' title='bbox 1177 1443 1237 1482; x_wconf 90' lang='lat' dir='ltr'><strong>ma-</strong></span> 
     </span>
     <span class='ocr_line' id='line_1_16' title="bbox 92 1499 1237 1586; baseline 0.001 -28"><span class='ocrx_word' id='word_1_149' title='bbox 92 1500 182 1560; x_wconf 85' lang='lat' dir='ltr'><strong>iestas</strong></span> <span class='ocrx_word' id='word_1_150' title='bbox 202 1499 367 1572; x_wconf 80' lang='lat' dir='ltr'><strong>vilesceret,</strong></span> <span class='ocrx_word' id='word_1_151' title='bbox 392 1519 508 1578; x_wconf 89' lang='lat' dir='ltr'><strong>eamque</strong></span> <span class='ocrx_word' id='word_1_152' title='bbox 525 1499 654 1581; x_wconf 89' lang='lat' dir='ltr'><strong>periuriis</strong></span> <span class='ocrx_word' id='word_1_153' title='bbox 672 1499 790 1562; x_wconf 82' lang='lat' dir='ltr'><strong>violasse</strong></span> <span class='ocrx_word' id='word_1_154' title='bbox 808 1501 902 1563; x_wconf 86' lang='lat' dir='ltr'><strong>minos</strong></span> <span class='ocrx_word' id='word_1_155' title='bbox 921 1513 995 1563; x_wconf 88' lang='lat' dir='ltr'><strong>esset</strong></span> <span class='ocrx_word' id='word_1_156' title='bbox 1015 1499 1129 1586; x_wconf 82' lang='lat' dir='ltr'><strong>religio,</strong></span> <span class='ocrx_word' id='word_1_157' title='bbox 1153 1519 1237 1580; x_wconf 82' lang='lat' dir='ltr'><strong>quam</strong></span> 
     </span>
     <span class='ocr_line' id='line_1_17' title="bbox 92 1573 1149 1656; baseline 0.005 -20"><span class='ocrx_word' id='word_1_158' title='bbox 92 1595 149 1656; x_wconf 86' lang='lat' dir='ltr'><strong>per</strong></span> <span class='ocrx_word' id='word_1_159' title='bbox 169 1595 266 1634; x_wconf 88' lang='lat' dir='ltr'><strong>sacras</strong></span> <span class='ocrx_word' id='word_1_160' title='bbox 287 1573 444 1636; x_wconf 86' lang='lat' dir='ltr'><strong>oblationes</strong></span> <span class='ocrx_word' id='word_1_161' title='bbox 465 1575 556 1638; x_wconf 87' lang='lat' dir='ltr'><strong>minus</strong></span> <span class='ocrx_word' id='word_1_162' title='bbox 575 1589 741 1638; x_wconf 82' lang='lat' dir='ltr'><strong>reverenter</strong></span> <span class='ocrx_word' id='word_1_163' title='bbox 758 1577 871 1639; x_wconf 83' lang='lat' dir='ltr'><strong>iurasse.</strong></span> <span class='ocrx_word' id='word_1_164' title='bbox 1148 1621 1149 1626; x_wconf 22' lang='grc' dir='ltr'><strong>κ</strong></span> 
     </span>
    </p>

    <p class='ocr_par' dir='ltr' id='par_1_5' title="bbox 93 1649 1263 2110">
     <span class='ocr_line' id='line_1_18' title="bbox 176 1649 1237 1744; baseline -0.001 -33"><span class='ocrx_word' id='word_1_165' title='bbox 176 1653 227 1720; x_wconf 81' lang='grc'><strong>18.</strong></span> <span class='ocrx_word' id='word_1_166' title='bbox 270 1651 331 1729; x_wconf 72' lang='lat' dir='ltr'><strong>Qui</strong></span> <span class='ocrx_word' id='word_1_167' title='bbox 354 1655 499 1732; x_wconf 62' lang='lat' dir='ltr'><strong>iurauerit</strong></span> <span class='ocrx_word' id='word_1_168' title='bbox 517 1675 574 1744; x_wconf 79' lang='lat' dir='ltr'><strong>per</strong></span> <span class='ocrx_word' id='word_1_169' title='bbox 595 1656 732 1720; x_wconf 70' lang='lat' dir='ltr'><strong>altore,</strong></span> <span class='ocrx_word' id='word_1_170' title='bbox 761 1652 909 1716; x_wconf 79' lang='lat' dir='ltr'><strong>illc-facit</strong></span> <span class='ocrx_word' id='word_1_171' title='bbox 932 1651 1087 1729; x_wconf 85' lang='lat' dir='ltr'><strong>Dominus,</strong></span> <span class='ocrx_word' id='word_1_172' title='bbox 1111 1649 1188 1731; x_wconf 90' lang='lat' dir='ltr'><strong>quod</strong></span> <span class='ocrx_word' id='word_1_173' title='bbox 1206 1649 1237 1710; x_wconf 88' lang='lat' dir='ltr'><strong>in</strong></span> 
     </span>
     <span class='ocr_line' id='line_1_19' title="bbox 94 1725 1236 1820; baseline -0.004 -29"><span class='ocrx_word' id='word_1_174' title='bbox 94 1725 281 1820; x_wconf 74' lang='lat' dir='ltr'><strong>corrigendis</strong></span> <span class='ocrx_word' id='word_1_175' title='bbox 302 1728 446 1788; x_wconf 87' lang='lat' dir='ltr'><strong>erroribus</strong></span> <span class='ocrx_word' id='word_1_176' title='bbox 465 1729 524 1790; x_wconf 80' lang='lat' dir='ltr'><strong>fieri</strong></span> <span class='ocrx_word' id='word_1_177' title='bbox 545 1729 644 1808; x_wconf 71' lang='lat' dir='ltr'><strong>debet,</strong></span> <span class='ocrx_word' id='word_1_178' title='bbox 663 1731 736 1792; x_wconf 79' lang='lat' dir='ltr'><strong>dunt¹</strong></span> <span class='ocrx_word' id='word_1_179' title='bbox 749 1751 803 1792; x_wconf 90' lang='lat' dir='ltr'><strong>uos</strong></span> <span class='ocrx_word' id='word_1_180' title='bbox 824 1729 859 1792; x_wconf 92' lang='lat' dir='ltr'><strong>ad</strong></span> <span class='ocrx_word' id='word_1_181' title='bbox 876 1729 986 1790; x_wconf 85' lang='lat' dir='ltr'><strong>iontem</strong></span> <span class='ocrx_word' id='word_1_182' title='bbox 1003 1739 1133 1804; x_wconf 88' lang='lat' dir='ltr'><strong>revocat,</strong></span> <span class='ocrx_word' id='word_1_183' title='bbox 1152 1739 1181 1787; x_wconf 87' lang='lat' dir='ltr'><strong>et</strong></span> <span class='ocrx_word' id='word_1_184' title='bbox 1201 1747 1236 1786; x_wconf 82' lang='lat' dir='ltr'><strong>ex</strong></span> 
     </span>
     <span class='ocr_line' id='line_1_20' title="bbox 94 1803 1237 1892; baseline 0 -30"><span class='ocrx_word' id='word_1_185' title='bbox 94 1803 160 1884; x_wconf 88' lang='lat' dir='ltr'><strong>ipsa</strong></span> <span class='ocrx_word' id='word_1_186' title='bbox 185 1804 365 1871; x_wconf 69' lang='lat' dir='ltr'><strong>iurisiurandi</strong></span> <span class='ocrx_word' id='word_1_187' title='bbox 376 1855 379 1862; x_wconf 93' lang='grc'><em>,</em></span> <span class='ocrx_word' id='word_1_188' title='bbox 391 1815 488 1866; x_wconf 83' lang='lat' dir='ltr'><strong>natura</strong></span> <span class='ocrx_word' id='word_1_189' title='bbox 512 1805 611 1882; x_wconf 83' lang='lat' dir='ltr'><strong>docet,</strong></span> <span class='ocrx_word' id='word_1_190' title='bbox 635 1805 770 1887; x_wconf 86' lang='lat' dir='ltr'><strong>tempium</strong></span> <span class='ocrx_word' id='word_1_191' title='bbox 788 1808 845 1868; x_wconf 87' lang='lat' dir='ltr'><strong>suis</strong></span> <span class='ocrx_word' id='word_1_192' title='bbox 864 1805 986 1867; x_wconf 90' lang='lat' dir='ltr'><strong>donariis</strong></span> <span class='ocrx_word' id='word_1_193' title='bbox 1005 1806 1092 1892; x_wconf 82' lang='lat' dir='ltr'><strong>longe</strong></span> <span class='ocrx_word' id='word_1_194' title='bbox 1110 1803 1237 1885; x_wconf 86' lang='lat' dir='ltr'><strong>praecel-</strong></span> 
     </span>
     <span class='ocr_line' id='line_1_21' title="bbox 93 1879 1237 1963; baseline 0 -23"><span class='ocrx_word' id='word_1_195' title='bbox 93 1879 169 1941; x_wconf 79' lang='lat' dir='ltr'><strong>lere.</strong></span> <span class='ocrx_word' id='word_1_196' title='bbox 199 1922 202 1928; x_wconf 67' lang='lat'><strong>,</strong></span> <span class='ocrx_word' id='word_1_197' title='bbox 222 1880 396 1960; x_wconf 83' lang='lat' dir='ltr'><strong>Principium</strong></span> <span class='ocrx_word' id='word_1_198' title='bbox 415 1880 448 1953; x_wconf 76' lang='lat' dir='ltr'><strong>br</strong></span> <span class='ocrx_word' id='word_1_199' title='bbox 469 1903 487 1943; x_wconf 94' lang='lat' dir='ltr'><strong>o</strong></span> <span class='ocrx_word' id='word_1_200' title='bbox 505 1881 572 1943; x_wconf 87' lang='lat' dir='ltr'><strong>illud</strong></span> <span class='ocrx_word' id='word_1_201' title='bbox 591 1882 690 1958; x_wconf 85' lang='lat' dir='ltr'><strong>sumit,</strong></span> <span class='ocrx_word' id='word_1_202' title='bbox 714 1903 774 1944; x_wconf 89' lang='lat' dir='ltr'><strong>non</strong></span> <span class='ocrx_word' id='word_1_203' title='bbox 787 1885 855 1944; x_wconf 72' lang='lat' dir='ltr'><strong>&#39;esse</strong></span> <span class='ocrx_word' id='word_1_204' title='bbox 874 1883 915 1942; x_wconf 86' lang='lat' dir='ltr'><strong>sas</strong></span> <span class='ocrx_word' id='word_1_205' title='bbox 933 1883 988 1943; x_wconf 88' lang='lat' dir='ltr'><strong>nisi</strong></span> <span class='ocrx_word' id='word_1_206' title='bbox 1006 1904 1059 1963; x_wconf 90' lang='lat' dir='ltr'><strong>per</strong></span> <span class='ocrx_word' id='word_1_207' title='bbox 1079 1883 1160 1942; x_wconf 85' lang='lat' dir='ltr'><strong>unius</strong></span> <span class='ocrx_word' id='word_1_208' title='bbox 1179 1879 1237 1942; x_wconf 89' lang='lat' dir='ltr'><strong>Dei</strong></span> 
     </span>
     <span class='ocr_line' id='line_1_22' title="bbox 94 1955 1263 2039; baseline 0.005 -23"><span class='ocrx_word' id='word_1_209' title='bbox 94 1975 210 2018; x_wconf 82' lang='lat' dir='ltr'><strong>nomen</strong></span> <span class='ocrx_word' id='word_1_210' title='bbox 235 1956 337 2021; x_wconf 80' lang='lat' dir='ltr'><strong>iurare.</strong></span> <span class='ocrx_word' id='word_1_211' title='bbox 394 1959 441 2018; x_wconf 91' lang='lat' dir='ltr'><strong>Un</strong></span> <span class='ocrx_word' id='word_1_212' title='bbox 502 1959 644 2038; x_wconf 83' lang='lat' dir='ltr'><strong>seqnitur,</strong></span> <span class='ocrx_word' id='word_1_213' title='bbox 657 1981 851 2039; x_wconf 68' lang='lat' dir='ltr'><strong>‹quascunque</strong></span> <span class='ocrx_word' id='word_1_214' title='bbox 874 1960 1082 2026; x_wconf 83' lang='lat' dir='ltr'><strong>adiurandum</strong></span> <span class='ocrx_word' id='word_1_215' title='bbox 1101 1955 1235 2020; x_wconf 80' lang='lat' dir='ltr'><strong>formulas</strong></span> <span class='ocrx_word' id='word_1_216' title='bbox 1260 2010 1263 2022; x_wconf 88' lang='lat'><strong><em>.</em></strong></span> 
     </span>
     <span class='ocr_line' id='line_1_23' title="bbox 95 2027 1236 2110; baseline 0.003 -19"><span class='ocrx_word' id='word_1_217' title='bbox 95 2033 234 2093; x_wconf 82' lang='lat' dir='ltr'><strong>immines</strong></span> <span class='ocrx_word' id='word_1_218' title='bbox 254 2033 413 2110; x_wconf 76' lang='lat' dir='ltr'><strong>adhibeant,</strong></span> <span class='ocrx_word' id='word_1_219' title='bbox 425 2035 480 2095; x_wconf 86' lang='lat' dir='ltr'><strong>&#39;uni</strong></span> <span class='ocrx_word' id='word_1_220' title='bbox 500 2037 565 2096; x_wconf 90' lang='lat' dir='ltr'><strong>Deo</strong></span> <span class='ocrx_word' id='word_1_221' title='bbox 584 2035 751 2098; x_wconf 88' lang='lat' dir='ltr'><strong>servandum</strong></span> <span class='ocrx_word' id='word_1_222' title='bbox 771 2057 831 2097; x_wconf 91' lang='lat' dir='ltr'><strong>esse</strong></span> <span class='ocrx_word' id='word_1_223' title='bbox 851 2027 932 2097; x_wconf 85' lang='lat' dir='ltr'><strong>suuin</strong></span> <span class='ocrx_word' id='word_1_224' title='bbox 954 2035 1103 2095; x_wconf 90' lang='lat' dir='ltr'><strong>honorem.</strong></span> <span class='ocrx_word' id='word_1_225' title='bbox 1149 2035 1236 2094; x_wconf 86' lang='lat' dir='ltr'><strong>Unde</strong></span> 
     </span>
    </p>

    <p class='ocr_par' dir='ltr' id='par_1_6' title="bbox 1 2109 1321 2500">
     <span class='ocr_line' id='line_1_24' title="bbox 1 2109 1237 2193; baseline 0 -25"><span class='ocrx_word' id='word_1_226' title='bbox 1 2134 2 2140; x_wconf 48' lang='lat'>¹</span> <span class='ocrx_word' id='word_1_227' title='bbox 51 2144 54 2158; x_wconf 85' lang='lat'><strong>·</strong></span> <span class='ocrx_word' id='word_1_228' title='bbox 95 2109 222 2168; x_wconf 80' lang='lat' dir='ltr'><strong>rurs&#39;uui·</strong></span> <span class='ocrx_word' id='word_1_229' title='bbox 242 2109 397 2192; x_wconf 82' lang='lat' dir='ltr'><strong>colligitur,</strong></span> <span class='ocrx_word' id='word_1_230' title='bbox 429 2112 574 2190; x_wconf 88' lang='lat' dir='ltr'><strong>quomodo</strong></span> <span class='ocrx_word' id='word_1_231' title='bbox 598 2124 628 2172; x_wconf 89' lang='lat' dir='ltr'><strong>et</strong></span> <span class='ocrx_word' id='word_1_232' title='bbox 651 2125 787 2192; x_wconf 87' lang='lat' dir='ltr'><strong>quatenus</strong></span> <span class='ocrx_word' id='word_1_233' title='bbox 807 2133 857 2192; x_wconf 90' lang='lat' dir='ltr'><strong>per</strong></span> <span class='ocrx_word' id='word_1_234' title='bbox 875 2111 1011 2193; x_wconf 87' lang='lat' dir='ltr'><strong>templum</strong></span> <span class='ocrx_word' id='word_1_235' title='bbox 1029 2111 1124 2170; x_wconf 86' lang='lat' dir='ltr'><strong>iurare</strong></span> <span class='ocrx_word' id='word_1_236' title='bbox 1139 2109 1237 2171; x_wconf 76' lang='lat' dir='ltr'><strong>liceat:</strong></span> 
     </span>
     <span class='ocr_line' id='line_1_25' title="bbox 96 2185 1237 2270; baseline 0.002 -27"><span class='ocrx_word' id='word_1_237' title='bbox 96 2205 209 2264; x_wconf 82' lang='lat' dir='ltr'><strong>nempe</strong></span> <span class='ocrx_word' id='word_1_238' title='bbox 228 2185 291 2264; x_wconf 85' lang='lat' dir='ltr'><strong>quia</strong></span> <span class='ocrx_word' id='word_1_239' title='bbox 309 2187 389 2266; x_wconf 72' lang='lat' dir='ltr'><strong>sedes</strong></span> <span class='ocrx_word' id='word_1_240' title='bbox 404 2197 452 2248; x_wconf 79' lang='lat' dir='ltr'><strong>&#39;est</strong></span> <span class='ocrx_word' id='word_1_241' title='bbox 470 2207 503 2248; x_wconf 90' lang='lat' dir='ltr'><strong>ac</strong></span> <span class='ocrx_word' id='word_1_242' title='bbox 521 2191 708 2250; x_wconf 87' lang='lat' dir='ltr'><strong>sanctuarium</strong></span> <span class='ocrx_word' id='word_1_243' title='bbox 734 2189 803 2250; x_wconf 88' lang='lat' dir='ltr'><strong>Dei:</strong></span> <span class='ocrx_word' id='word_1_244' title='bbox 824 2187 923 2249; x_wconf 83' lang='lat' dir='ltr'><strong>&#39;sicuti</strong></span> <span class='ocrx_word' id='word_1_245' title='bbox 948 2209 1001 2270; x_wconf 91' lang='lat' dir='ltr'><strong>per</strong></span> <span class='ocrx_word' id='word_1_246' title='bbox 1020 2187 1146 2264; x_wconf 89' lang='lat' dir='ltr'><strong>coelum,</strong></span> <span class='ocrx_word' id='word_1_247' title='bbox 1171 2186 1237 2266; x_wconf 87' lang='lat' dir='ltr'><strong>qnia</strong></span> 
     </span>
     <span class='ocr_line' id='line_1_26' title="bbox 96 2261 1321 2356; baseline 0 -36"><span class='ocrx_word' id='word_1_248' title='bbox 96 2262 157 2324; x_wconf 87' lang='lat' dir='ltr'><strong>illic</strong></span> <span class='ocrx_word' id='word_1_249' title='bbox 184 2261 310 2356; x_wconf 69' lang='lat' dir='ltr'><strong>refulget</strong></span> <span class='ocrx_word' id='word_1_250' title='bbox 334 2263 389 2324; x_wconf 88' lang='lat' dir='ltr'><strong>Dei</strong></span> <span class='ocrx_word' id='word_1_251' title='bbox 412 2263 518 2346; x_wconf 52' lang='lat' dir='ltr'><strong>glorias</strong></span> <span class='ocrx_word' id='word_1_252' title='bbox 567 2265 646 2326; x_wconf 88' lang='lat' dir='ltr'><strong>Deus</strong></span> <span class='ocrx_word' id='word_1_253' title='bbox 664 2265 740 2324; x_wconf 90' lang='lat' dir='ltr'><strong>euim</strong></span> <span class='ocrx_word' id='word_1_254' title='bbox 759 2265 838 2326; x_wconf 87' lang='lat' dir='ltr'><strong>sein</strong></span> <span class='ocrx_word' id='word_1_255' title='bbox 858 2264 959 2352; x_wconf 73' lang='lat' dir='ltr'><strong>talibus</strong></span> <span class='ocrx_word' id='word_1_256' title='bbox 980 2263 1153 2344; x_wconf 88' lang='lat' dir='ltr'><strong>praesentiae</strong></span> <span class='ocrx_word' id='word_1_257' title='bbox 1171 2281 1236 2324; x_wconf 88' lang='lat' dir='ltr'><strong>suae</strong></span> <span class='ocrx_word' id='word_1_258' title='bbox 1286 2302 1289 2317; x_wconf 69' lang='lat'>‚</span> <span class='ocrx_word' id='word_1_259' title='bbox 1319 2313 1321 2320; x_wconf 84' lang='lat'>.</span> 
     </span>
     <span class='ocr_line' id='line_1_27' title="bbox 98 2337 1236 2420; baseline -0.002 -22"><span class='ocrx_word' id='word_1_260' title='bbox 98 2337 239 2419; x_wconf 82' lang='lat' dir='ltr'><strong>symbolis</strong></span> <span class='ocrx_word' id='word_1_261' title='bbox 259 2361 292 2398; x_wconf 81' lang='lat' dir='ltr'><strong>in</strong></span> <span class='ocrx_word' id='word_1_262' title='bbox 307 2349 409 2402; x_wconf 84' lang='lat' dir='ltr'><strong>testem</strong></span> <span class='ocrx_word' id='word_1_263' title='bbox 429 2353 457 2402; x_wconf 91' lang='lat' dir='ltr'><strong>et</strong></span> <span class='ocrx_word' id='word_1_264' title='bbox 478 2340 599 2402; x_wconf 89' lang='lat' dir='ltr'><strong>iudicem</strong></span> <span class='ocrx_word' id='word_1_265' title='bbox 617 2341 747 2401; x_wconf 89' lang='lat' dir='ltr'><strong>advocari</strong></span> <span class='ocrx_word' id='word_1_266' title='bbox 766 2341 884 2420; x_wconf 85' lang='lat' dir='ltr'><strong>patitur,</strong></span> <span class='ocrx_word' id='word_1_267' title='bbox 913 2341 1000 2401; x_wconf 89' lang='lat' dir='ltr'><strong>modo</strong></span> <span class='ocrx_word' id='word_1_268' title='bbox 1020 2337 1063 2398; x_wconf 90' lang='lat' dir='ltr'><strong>ius</strong></span> <span class='ocrx_word' id='word_1_269' title='bbox 1083 2343 1164 2400; x_wconf 83' lang='lat' dir='ltr'><strong>sunio</strong></span> <span class='ocrx_word' id='word_1_270' title='bbox 1183 2337 1236 2398; x_wconf 81' lang='lat' dir='ltr'><strong>sal-</strong></span> 
     </span>
     <span class='ocr_line' id='line_1_28' title="bbox 98 2413 1238 2500; baseline 0 -28"><span class='ocrx_word' id='word_1_271' title='bbox 98 2437 169 2473; x_wconf 87' lang='lat' dir='ltr'><strong>vum</strong></span> <span class='ocrx_word' id='word_1_272' title='bbox 190 2415 323 2476; x_wconf 86' lang='lat' dir='ltr'><strong>retineat:</strong></span> <span class='ocrx_word' id='word_1_273' title='bbox 348 2437 413 2474; x_wconf 91' lang='lat' dir='ltr'><strong>nam</strong></span> <span class='ocrx_word' id='word_1_274' title='bbox 433 2416 515 2476; x_wconf 88' lang='lat' dir='ltr'><strong>coelo</strong></span> <span class='ocrx_word' id='word_1_275' title='bbox 532 2413 675 2477; x_wconf 78' lang='lat' dir='ltr'><strong>Deitdtem</strong></span> <span class='ocrx_word' id='word_1_276' title='bbox 693 2416 829 2500; x_wconf 82' lang='lat' dir='ltr'><strong>affingere</strong></span> <span class='ocrx_word' id='word_1_277' title='bbox 846 2415 962 2477; x_wconf 87' lang='lat' dir='ltr'><strong>scelesta</strong></span> <span class='ocrx_word' id='word_1_278' title='bbox 979 2414 1136 2476; x_wconf 84' lang='lat' dir='ltr'><strong>idololatria</strong></span> <span class='ocrx_word' id='word_1_279' title='bbox 1156 2425 1238 2475; x_wconf 50' lang='lat' dir='ltr'><strong>esset,</strong></span> 
     </span>
    </p>

    <p class='ocr_par' dir='ltr' id='par_1_7' title="bbox 1 2487 1239 2573">
     <span class='ocr_line' id='line_1_29' title="bbox 1 2487 1239 2573; baseline 0 -23"><span class='ocrx_word' id='word_1_280' title='bbox 1 2537 2 2560; x_wconf 64' lang='lat'><strong>,</strong></span> <span class='ocrx_word' id='word_1_281' title='bbox 99 2492 164 2550; x_wconf 84' lang='lat' dir='ltr'><strong>lam</strong></span> <span class='ocrx_word' id='word_1_282' title='bbox 189 2511 247 2570; x_wconf 90' lang='lat' dir='ltr'><strong>quo</strong></span> <span class='ocrx_word' id='word_1_283' title='bbox 270 2487 401 2550; x_wconf 86' lang='lat' dir='ltr'><strong>illustrius</strong></span> <span class='ocrx_word' id='word_1_284' title='bbox 423 2491 531 2573; x_wconf 83' lang='lat' dir='ltr'><strong>gloriae</strong></span> <span class='ocrx_word' id='word_1_285' title='bbox 555 2511 620 2552; x_wconf 90' lang='lat' dir='ltr'><strong>suae</strong></span> <span class='ocrx_word' id='word_1_286' title='bbox 642 2491 786 2571; x_wconf 87' lang='lat' dir='ltr'><strong>speculum</strong></span> <span class='ocrx_word' id='word_1_287' title='bbox 814 2493 844 2551; x_wconf 89' lang='lat' dir='ltr'><strong>in</strong></span> <span class='ocrx_word' id='word_1_288' title='bbox 866 2492 972 2572; x_wconf 88' lang='lat' dir='ltr'><strong>templo</strong></span> <span class='ocrx_word' id='word_1_289' title='bbox 995 2493 1076 2554; x_wconf 90' lang='lat' dir='ltr'><strong>Deus</strong></span> <span class='ocrx_word' id='word_1_290' title='bbox 1100 2489 1239 2573; x_wconf 89' lang='lat' dir='ltr'><strong>proponit·</strong></span> 
     </span>
    </p>

    <p class='ocr_par' dir='ltr' id='par_1_8' title="bbox 1 2565 1290 2884">
     <span class='ocr_line' id='line_1_30' title="bbox 1 2565 1237 2646; baseline 0.003 -25"><span class='ocrx_word' id='word_1_291' title='bbox 1 2570 2 2584; x_wconf 64' lang='lat'>¹</span> <span class='ocrx_word' id='word_1_292' title='bbox 99 2585 192 2642; x_wconf 78' lang='lat' dir='ltr'><strong>quam</strong></span> <span class='ocrx_word' id='word_1_293' title='bbox 207 2566 238 2624; x_wconf 88' lang='lat' dir='ltr'><strong>in</strong></span> <span class='ocrx_word' id='word_1_294' title='bbox 258 2565 454 2642; x_wconf 85' lang='lat' dir='ltr'><strong>oblationibus,</strong></span> <span class='ocrx_word' id='word_1_295' title='bbox 475 2586 510 2627; x_wconf 87' lang='lat' dir='ltr'><strong>eo</strong></span> <span class='ocrx_word' id='word_1_296' title='bbox 529 2565 590 2646; x_wconf 89' lang='lat' dir='ltr'><strong>plus</strong></span> <span class='ocrx_word' id='word_1_297' title='bbox 610 2568 788 2640; x_wconf 72' lang='lat' dir='ltr'><strong>reverentiae</strong></span> <span class='ocrx_word' id='word_1_298' title='bbox 807 2579 837 2630; x_wconf 86' lang='lat' dir='ltr'><strong>et</strong></span> <span class='ocrx_word' id='word_1_299' title='bbox 856 2567 1009 2628; x_wconf 87' lang='lat' dir='ltr'><strong>sanctitatis</strong></span> <span class='ocrx_word' id='word_1_300' title='bbox 1022 2580 1149 2628; x_wconf 86' lang='lat' dir='ltr'><strong>meretur</strong></span> <span class='ocrx_word' id='word_1_301' title='bbox 1162 2580 1237 2627; x_wconf 81' lang='lat' dir='ltr'><strong>tent-</strong></span> 
     </span>
     <span class='ocr_line' id='line_1_31' title="bbox 100 2641 1290 2724; baseline 0.004 -27"><span class='ocrx_word' id='word_1_302' title='bbox 100 2641 142 2720; x_wconf 93' lang='lat' dir='ltr'><strong>pli</strong></span> <span class='ocrx_word' id='word_1_303' title='bbox 161 2661 278 2720; x_wconf 86' lang='lat' dir='ltr'><strong>nomen.</strong></span> <span class='ocrx_word' id='word_1_304' title='bbox 317 2642 402 2702; x_wconf 86' lang='lat' dir='ltr'><strong>Nunc</strong></span> <span class='ocrx_word' id='word_1_305' title='bbox 420 2661 491 2724; x_wconf 81' lang='lat' dir='ltr'><strong>ergo</strong></span> <span class='ocrx_word' id='word_1_306' title='bbox 510 2655 646 2719; x_wconf 87' lang='lat' dir='ltr'><strong>tenemus,</strong></span> <span class='ocrx_word' id='word_1_307' title='bbox 665 2667 723 2724; x_wconf 88' lang='lat' dir='ltr'><strong>quo</strong></span> <span class='ocrx_word' id='word_1_308' title='bbox 741 2662 823 2706; x_wconf 83' lang='lat' dir='ltr'><strong>sensu</strong></span> <span class='ocrx_word' id='word_1_309' title='bbox 841 2643 917 2706; x_wconf 88' lang='lat' dir='ltr'><strong>dicat</strong></span> <span class='ocrx_word' id='word_1_310' title='bbox 933 2643 1062 2722; x_wconf 83' lang='lat' dir='ltr'><strong>Christus</strong></span> <span class='ocrx_word' id='word_1_311' title='bbox 1080 2643 1165 2719; x_wconf 76' lang='lat' dir='ltr'><strong>iurari</strong></span> <span class='ocrx_word' id='word_1_312' title='bbox 1184 2663 1237 2724; x_wconf 90' lang='lat' dir='ltr'><strong>per</strong></span> <span class='ocrx_word' id='word_1_313' title='bbox 1286 2709 1290 2720; x_wconf 43' lang='grc'>,</span> 
     </span>
     <span class='ocr_line' id='line_1_32' title="bbox 101 2715 1237 2802; baseline 0.006 -27"><span class='ocrx_word' id='word_1_314' title='bbox 101 2715 292 2788; x_wconf 69' lang='lat' dir='ltr'><strong>habitatorem</strong></span> <span class='ocrx_word' id='word_1_315' title='bbox 311 2717 394 2789; x_wconf 83' lang='lat' dir='ltr'><strong>coeli,</strong></span> <span class='ocrx_word' id='word_1_316' title='bbox 411 2717 478 2778; x_wconf 89' lang='lat' dir='ltr'><strong>dum</strong></span> <span class='ocrx_word' id='word_1_317' title='bbox 498 2739 550 2799; x_wconf 90' lang='lat' dir='ltr'><strong>per</strong></span> <span class='ocrx_word' id='word_1_318' title='bbox 568 2721 679 2781; x_wconf 86' lang='lat' dir='ltr'><strong>coelum</strong></span> <span class='ocrx_word' id='word_1_319' title='bbox 698 2721 818 2795; x_wconf 88' lang='lat' dir='ltr'><strong>iuratur,</strong></span> <span class='ocrx_word' id='word_1_320' title='bbox 837 2738 942 2802; x_wconf 87' lang='lat' dir='ltr'><strong>nempe</strong></span> <span class='ocrx_word' id='word_1_321' title='bbox 960 2732 991 2782; x_wconf 88' lang='lat' dir='ltr'><strong>ut</strong></span> <span class='ocrx_word' id='word_1_322' title='bbox 1010 2719 1237 2783; x_wconf 73' lang='lat' dir='ltr'><strong>omnes&#39;iurandi</strong></span> 
     </span>
     <span class='ocr_line' id='line_1_33' title="bbox 100 2791 852 2884; baseline 0.005 -30"><span class='ocrx_word' id='word_1_323' title='bbox 100 2793 211 2880; x_wconf 72' lang='lat' dir='ltr'><strong>somnes</strong></span> <span class='ocrx_word' id='word_1_324' title='bbox 228 2792 260 2854; x_wconf 80' lang='lat' dir='ltr'><strong>in</strong></span> <span class='ocrx_word' id='word_1_325' title='bbox 278 2791 433 2878; x_wconf 72' lang='lat' dir='ltr'><strong>legitimum</strong></span> <span class='ocrx_word' id='word_1_326' title='bbox 451 2794 537 2871; x_wconf 56' lang='lat' dir='ltr'><strong>hem</strong></span> <span class='ocrx_word' id='word_1_327' title='bbox 555 2815 588 2858; x_wconf 86' lang='lat' dir='ltr'><strong>ac</strong></span> <span class='ocrx_word' id='word_1_328' title='bbox 607 2819 725 2880; x_wconf 88' lang='lat' dir='ltr'><strong>scopum</strong></span> <span class='ocrx_word' id='word_1_329' title='bbox 743 2797 852 2884; x_wconf 83' lang='lat' dir='ltr'><strong>dirigat.</strong></span> 
     </span>
    </p>
   </div>
   <div class='ocr_carea' id='block_1_3' title="bbox 5 3062 1305 4416">
    <p class='ocr_par' dir='ltr' id='par_1_9' title="bbox 5 3062 1305 4416">
     <span class='ocr_line' id='line_1_34' title="bbox 117 3062 1250 3164; baseline 0 -26"><span class='ocrx_word' id='word_1_330' title='bbox 117 3129 121 3139; x_wconf 84' lang='lat'><em>.</em></span> <span class='ocrx_word' id='word_1_331' title='bbox 189 3062 296 3160; x_wconf 69' lang='lat'><strong>(182.)</strong></span> <span class='ocrx_word' id='word_1_332' title='bbox 339 3073 511 3164; x_wconf 78' lang='grc' dir='ltr'><strong>ΜΑΤΤῌ,</strong></span> <span class='ocrx_word' id='word_1_333' title='bbox 532 3077 647 3162; x_wconf 80' lang='lat' dir='ltr'><strong>XXlll.</strong></span> <span class='ocrx_word' id='word_1_334' title='bbox 677 3077 731 3144; x_wconf 86' lang='grc'><strong>23.</strong></span> <span class='ocrx_word' id='word_1_335' title='bbox 752 3079 824 3144; x_wconf 82' lang='lat' dir='ltr'><strong>Vae</strong></span> <span class='ocrx_word' id='word_1_336' title='bbox 844 3075 939 3147; x_wconf 81' lang='lat' dir='ltr'><strong>vohis</strong></span> <span class='ocrx_word' id='word_1_337' title='bbox 961 3075 1141 3145; x_wconf 76' lang='lat' dir='ltr'><strong>Scriberet</strong></span> <span class='ocrx_word' id='word_1_338' title='bbox 1156 3074 1250 3140; x_wconf 64' lang='lat' dir='ltr'><strong>Pha-2</strong></span> 
     </span>
     <span class='ocr_line' id='line_1_35' title="bbox 103 3175 1238 3269; baseline -0.005 -22"><span class='ocrx_word' id='word_1_339' title='bbox 103 3179 200 3247; x_wconf 79' lang='lat' dir='ltr'><strong>risaei</strong></span> <span class='ocrx_word' id='word_1_340' title='bbox 221 3177 420 3266; x_wconf 74' lang='lat' dir='ltr'><strong>hypocritae,</strong></span> <span class='ocrx_word' id='word_1_341' title='bbox 441 3179 517 3269; x_wconf 75' lang='lat' dir='ltr'><strong>quia</strong></span> <span class='ocrx_word' id='word_1_342' title='bbox 539 3175 701 3247; x_wconf 86' lang='lat' dir='ltr'><strong>decimatis</strong></span> <span class='ocrx_word' id='word_1_343' title='bbox 722 3179 887 3259; x_wconf 86' lang='lat' dir='ltr'><strong>mentham,</strong></span> <span class='ocrx_word' id='word_1_344' title='bbox 911 3191 942 3246; x_wconf 88' lang='lat' dir='ltr'><strong>et</strong></span> <span class='ocrx_word' id='word_1_345' title='bbox 957 3179 1113 3257; x_wconf 84' lang='lat' dir='ltr'><strong>anethum,</strong></span> <span class='ocrx_word' id='word_1_346' title='bbox 1136 3187 1238 3264; x_wconf 84' lang='lat' dir='ltr'><strong>etcy·</strong></span> 
     </span>
     <span class='ocr_line' id='line_1_36' title="bbox 105 3269 1239 3376; baseline 0.001 -32"><span class='ocrx_word' id='word_1_347' title='bbox 105 3283 243 3358; x_wconf 87' lang='lat' dir='ltr'><strong>minum,</strong></span> <span class='ocrx_word' id='word_1_348' title='bbox 276 3291 307 3346; x_wconf 90' lang='lat' dir='ltr'><strong>et</strong></span> <span class='ocrx_word' id='word_1_349' title='bbox 328 3276 504 3368; x_wconf 78' lang='lat' dir='ltr'><strong>reliquistis</strong></span> <span class='ocrx_word' id='word_1_350' title='bbox 527 3305 611 3372; x_wconf 86' lang='lat' dir='ltr'><strong>quae</strong></span> <span class='ocrx_word' id='word_1_351' title='bbox 631 3284 779 3372; x_wconf 81' lang='lat' dir='ltr'><strong>graviora</strong></span> <span class='ocrx_word' id='word_1_352' title='bbox 802 3293 875 3358; x_wconf 82' lang='lat' dir='ltr'><strong>sunt</strong></span> <span class='ocrx_word' id='word_1_353' title='bbox 895 3281 1006 3368; x_wconf 79' lang='lat' dir='ltr'><strong>Legis,</strong></span> <span class='ocrx_word' id='word_1_354' title='bbox 1032 3280 1185 3346; x_wconf 89' lang='lat' dir='ltr'><strong>iudicium</strong></span> <span class='ocrx_word' id='word_1_355' title='bbox 1207 3269 1239 3376; x_wconf 60' lang='lat' dir='ltr'><strong>ei</strong></span> 
     </span>
     <span class='ocr_line' id='line_1_37' title="bbox 5 3383 1238 3474; baseline 0 -24"><span class='ocrx_word' id='word_1_356' title='bbox 5 3409 10 3416; x_wconf 93' lang='lat'>·</span> <span class='ocrx_word' id='word_1_357' title='bbox 105 3383 358 3457; x_wconf 78' lang='lat' dir='ltr'><strong>inisericordiam</strong></span> <span class='ocrx_word' id='word_1_358' title='bbox 386 3394 417 3450; x_wconf 87' lang='lat' dir='ltr'><strong>et</strong></span> <span class='ocrx_word' id='word_1_359' title='bbox 440 3383 552 3460; x_wconf 50' lang='lat' dir='ltr'><strong>‘tidem</strong></span> <span class='ocrx_word' id='word_1_360' title='bbox 596 3388 684 3457; x_wconf 87' lang='lat' dir='ltr'><strong>Haec</strong></span> <span class='ocrx_word' id='word_1_361' title='bbox 712 3389 854 3474; x_wconf 89' lang='lat' dir='ltr'><strong>oportuit</strong></span> <span class='ocrx_word' id='word_1_362' title='bbox 880 3386 999 3464; x_wconf 84' lang='lat' dir='ltr'><strong>facete,</strong></span> <span class='ocrx_word' id='word_1_363' title='bbox 1035 3394 1067 3450; x_wconf 92' lang='lat' dir='ltr'><strong>et</strong></span> <span class='ocrx_word' id='word_1_364' title='bbox 1094 3384 1149 3467; x_wconf 85' lang='lat' dir='ltr'><strong>illa</strong></span> <span class='ocrx_word' id='word_1_365' title='bbox 1170 3403 1238 3457; x_wconf 85' lang='lat' dir='ltr'><strong>non</strong></span> 
     </span>
     <span class='ocr_line' id='line_1_38' title="bbox 99 3487 1305 3568; baseline 0 -18"><span class='ocrx_word' id='word_1_366' title='bbox 99 3489 263 3561; x_wconf 70' lang='lat' dir='ltr'><strong>&#39;omittere</strong></span> <span class='ocrx_word' id='word_1_367' title='bbox 306 3487 359 3552; x_wconf 82' lang='lat' dir='ltr'><strong>et.</strong></span> <span class='ocrx_word' id='word_1_368' title='bbox 387 3487 497 3556; x_wconf 89' lang='lat' dir='ltr'><strong>Duces</strong></span> <span class='ocrx_word' id='word_1_369' title='bbox 519 3492 618 3566; x_wconf 88' lang='lat' dir='ltr'><strong>coeci,</strong></span> <span class='ocrx_word' id='word_1_370' title='bbox 641 3489 820 3560; x_wconf 86' lang='lat' dir='ltr'><strong>excolantes</strong></span> <span class='ocrx_word' id='word_1_371' title='bbox 843 3487 982 3568; x_wconf 85' lang='lat' dir='ltr'><strong>calicem,</strong></span> <span class='ocrx_word' id='word_1_372' title='bbox 1005 3487 1159 3554; x_wconf 82' lang='lat' dir='ltr'><strong>curirelum</strong></span> <span class='ocrx_word' id='word_1_373' title='bbox 1182 3507 1239 3550; x_wconf 80' lang='lat' dir='ltr'><strong>au·</strong></span> <span class='ocrx_word' id='word_1_374' title='bbox 1297 3541 1305 3568; x_wconf 79' lang='lat'><strong>,</strong></span> 
     </span>
     <span class='ocr_line' id='line_1_39' title="bbox 106 3587 1240 3680; baseline 0.001 -29"><span class='ocrx_word' id='word_1_375' title='bbox 106 3599 170 3654; x_wconf 87' lang='lat' dir='ltr'><strong>tem</strong></span> <span class='ocrx_word' id='word_1_376' title='bbox 191 3587 370 3676; x_wconf 81' lang='lat' dir='ltr'><strong>glutientes.</strong></span> <span class='ocrx_word' id='word_1_377' title='bbox 412 3589 465 3672; x_wconf 68' lang='lat' dir='ltr'><strong>ib.</strong></span> <span class='ocrx_word' id='word_1_378' title='bbox 491 3593 563 3658; x_wconf 87' lang='lat' dir='ltr'><strong>Vae</strong></span> <span class='ocrx_word' id='word_1_379' title='bbox 584 3589 678 3680; x_wconf 90' lang='lat' dir='ltr'><strong>vobis</strong></span> <span class='ocrx_word' id='word_1_380' title='bbox 702 3591 834 3658; x_wconf 77' lang='lat' dir='ltr'><strong>Scribas</strong></span> <span class='ocrx_word' id='word_1_381' title='bbox 856 3601 887 3662; x_wconf 88' lang='lat' dir='ltr'><strong>et</strong></span> <span class='ocrx_word' id='word_1_382' title='bbox 906 3592 1071 3659; x_wconf 85' lang='lat' dir='ltr'><strong>Pharisaei</strong></span> <span class='ocrx_word' id='word_1_383' title='bbox 1091 3589 1240 3676; x_wconf 80' lang='lat' dir='ltr'><strong>hypocri-</strong></span> 
     </span>
     <span class='ocr_line' id='line_1_40' title="bbox 108 3689 1240 3784; baseline -0.002 -24"><span class='ocrx_word' id='word_1_384' title='bbox 108 3699 168 3768; x_wconf 84' lang='lat' dir='ltr'><strong>tae,</strong></span> <span class='ocrx_word' id='word_1_385' title='bbox 190 3689 265 3774; x_wconf 87' lang='lat' dir='ltr'><strong>quia</strong></span> <span class='ocrx_word' id='word_1_386' title='bbox 288 3694 428 3776; x_wconf 81' lang='lat' dir='ltr'><strong>purgatis</strong></span> <span class='ocrx_word' id='word_1_387' title='bbox 448 3696 637 3764; x_wconf 82' lang='lat' dir='ltr'><strong>exteriorem</strong></span> <span class='ocrx_word' id='word_1_388' title='bbox 660 3695 771 3782; x_wconf 92' lang='lat' dir='ltr'><strong>poculi</strong></span> <span class='ocrx_word' id='word_1_389' title='bbox 792 3697 984 3784; x_wconf 85' lang='lat' dir='ltr'><strong>patinaeque</strong></span> <span class='ocrx_word' id='word_1_390' title='bbox 1005 3705 1155 3784; x_wconf 80' lang='lat' dir='ltr'><strong>partera:-</strong></span> <span class='ocrx_word' id='word_1_391' title='bbox 1169 3709 1240 3758; x_wconf 56' lang='lat' dir='ltr'><strong>caer</strong></span> 
     </span>
     <span class='ocr_line' id='line_1_41' title="bbox 108 3791 1240 3886; baseline 0 -33"><span class='ocrx_word' id='word_1_392' title='bbox 108 3801 212 3856; x_wconf 86' lang='lat' dir='ltr'><strong>terum</strong></span> <span class='ocrx_word' id='word_1_393' title='bbox 232 3794 317 3866; x_wconf 85' lang='lat' dir='ltr'><strong>intus</strong></span> <span class='ocrx_word' id='word_1_394' title='bbox 336 3791 431 3880; x_wconf 86' lang='lat' dir='ltr'><strong>plena</strong></span> <span class='ocrx_word' id='word_1_395' title='bbox 451 3807 524 3862; x_wconf 82' lang='lat' dir='ltr'><strong>sunt</strong></span> <span class='ocrx_word' id='word_1_396' title='bbox 544 3799 656 3884; x_wconf 84' lang='lat' dir='ltr'><strong>rapina</strong></span> <span class='ocrx_word' id='word_1_397' title='bbox 679 3809 710 3864; x_wconf 87' lang='lat' dir='ltr'><strong>et</strong></span> <span class='ocrx_word' id='word_1_398' title='bbox 731 3801 981 3886; x_wconf 82' lang='lat' dir='ltr'><strong>intemperantia.</strong></span> <span class='ocrx_word' id='word_1_399' title='bbox 1045 3795 1098 3860; x_wconf 86' lang='grc'><strong>26.</strong></span> <span class='ocrx_word' id='word_1_400' title='bbox 1131 3792 1240 3858; x_wconf 88' lang='lat' dir='ltr'><strong>Phari·</strong></span> 
     </span>
     <span class='ocr_line' id='line_1_42' title="bbox 71 3897 1241 3990; baseline -0.002 -33"><span class='ocrx_word' id='word_1_401' title='bbox 71 3945 76 3954; x_wconf 90' lang='lat'><em>.</em></span> <span class='ocrx_word' id='word_1_402' title='bbox 110 3915 185 3958; x_wconf 84' lang='lat' dir='ltr'><strong>sace</strong></span> <span class='ocrx_word' id='word_1_403' title='bbox 211 3915 323 3973; x_wconf 88' lang='lat' dir='ltr'><strong>coece,</strong></span> <span class='ocrx_word' id='word_1_404' title='bbox 348 3919 449 3984; x_wconf 81' lang='lat' dir='ltr'><strong>purga</strong></span> <span class='ocrx_word' id='word_1_405' title='bbox 470 3901 558 3984; x_wconf 90' lang='lat' dir='ltr'><strong>prius</strong></span> <span class='ocrx_word' id='word_1_406' title='bbox 581 3898 670 3988; x_wconf 91' lang='lat' dir='ltr'><strong>quod</strong></span> <span class='ocrx_word' id='word_1_407' title='bbox 693 3911 742 3966; x_wconf 89' lang='lat' dir='ltr'><strong>est</strong></span> <span class='ocrx_word' id='word_1_408' title='bbox 761 3904 845 3987; x_wconf 79' lang='lat' dir='ltr'><strong>intra</strong></span> <span class='ocrx_word' id='word_1_409' title='bbox 867 3899 1019 3990; x_wconf 91' lang='lat' dir='ltr'><strong>poculum</strong></span> <span class='ocrx_word' id='word_1_410' title='bbox 1041 3906 1073 3964; x_wconf 89' lang='lat' dir='ltr'><strong>et</strong></span> <span class='ocrx_word' id='word_1_411' title='bbox 1093 3897 1241 3984; x_wconf 84' lang='lat' dir='ltr'><strong>patinam,</strong></span> 
     </span>
     <span class='ocr_line' id='line_1_43' title="bbox 109 3999 1241 4090; baseline 0 -30"><span class='ocrx_word' id='word_1_412' title='bbox 109 4009 145 4064; x_wconf 89' lang='lat' dir='ltr'><strong>ut</strong></span> <span class='ocrx_word' id='word_1_413' title='bbox 167 4005 199 4061; x_wconf 87' lang='lat' dir='ltr'><strong>et</strong></span> <span class='ocrx_word' id='word_1_414' title='bbox 220 4001 391 4068; x_wconf 82' lang='lat' dir='ltr'><strong>exteriores</strong></span> <span class='ocrx_word' id='word_1_415' title='bbox 413 3999 528 4066; x_wconf 86' lang='lat' dir='ltr'><strong>horum</strong></span> <span class='ocrx_word' id='word_1_416' title='bbox 550 4011 657 4090; x_wconf 85' lang='lat' dir='ltr'><strong>partes</strong></span> <span class='ocrx_word' id='word_1_417' title='bbox 678 4025 779 4088; x_wconf 90' lang='lat' dir='ltr'><strong>purae</strong></span> <span class='ocrx_word' id='word_1_418' title='bbox 792 4003 982 4076; x_wconf 74' lang='lat' dir='ltr'><strong>reddantur.</strong></span> <span class='ocrx_word' id='word_1_419' title='bbox 1025 3999 1078 4068; x_wconf 83' lang='lat'><strong>27.</strong></span> <span class='ocrx_word' id='word_1_420' title='bbox 1101 3999 1170 4062; x_wconf 88' lang='lat' dir='ltr'><strong>Vae</strong></span> <span class='ocrx_word' id='word_1_421' title='bbox 1184 4014 1241 4060; x_wconf 87' lang='lat' dir='ltr'><strong>vo·</strong></span> 
     </span>
     <span class='ocr_line' id='line_1_44' title="bbox 111 4095 1242 4196; baseline -0.004 -30"><span class='ocrx_word' id='word_1_422' title='bbox 111 4095 161 4166; x_wconf 90' lang='lat' dir='ltr'><strong>bis</strong></span> <span class='ocrx_word' id='word_1_423' title='bbox 184 4097 317 4166; x_wconf 83' lang='lat' dir='ltr'><strong>Scribas</strong></span> <span class='ocrx_word' id='word_1_424' title='bbox 338 4109 370 4180; x_wconf 86' lang='lat' dir='ltr'><strong>ct</strong></span> <span class='ocrx_word' id='word_1_425' title='bbox 391 4097 552 4174; x_wconf 78' lang='lat' dir='ltr'><strong>Pharisaei</strong></span> <span class='ocrx_word' id='word_1_426' title='bbox 573 4102 775 4189; x_wconf 78' lang='lat' dir='ltr'><strong>hypocritae,</strong></span> <span class='ocrx_word' id='word_1_427' title='bbox 796 4108 873 4196; x_wconf 83' lang='lat' dir='ltr'><strong>quia</strong></span> <span class='ocrx_word' id='word_1_428' title='bbox 895 4103 1014 4171; x_wconf 85' lang='lat' dir='ltr'><strong>similes</strong></span> <span class='ocrx_word' id='word_1_429' title='bbox 1036 4101 1111 4166; x_wconf 88' lang='lat' dir='ltr'><strong>estis</strong></span> <span class='ocrx_word' id='word_1_430' title='bbox 1134 4095 1242 4186; x_wconf 90' lang='lat' dir='ltr'><strong>scpul-</strong></span> 
     </span>
     <span class='ocr_line' id='line_1_45' title="bbox 112 4197 1242 4296; baseline 0.003 -28"><span class='ocrx_word' id='word_1_431' title='bbox 112 4206 174 4270; x_wconf 87' lang='lat' dir='ltr'><strong>ctis</strong></span> <span class='ocrx_word' id='word_1_432' title='bbox 205 4199 376 4282; x_wconf 85' lang='lat' dir='ltr'><strong>dealbatis,</strong></span> <span class='ocrx_word' id='word_1_433' title='bbox 418 4224 502 4288; x_wconf 88' lang='lat' dir='ltr'><strong>quae</strong></span> <span class='ocrx_word' id='word_1_434' title='bbox 529 4201 608 4270; x_wconf 86' lang='lat' dir='ltr'><strong>foris</strong></span> <span class='ocrx_word' id='word_1_435' title='bbox 630 4206 933 4296; x_wconf 75' lang='lat' dir='ltr'><strong>quidemapparent</strong></span> <span class='ocrx_word' id='word_1_436' title='bbox 960 4197 1242 4291; x_wconf 80' lang='lat' dir='ltr'><strong>specioss,&#39;intus</strong></span> 
     </span>
     <span class='ocr_line' id='line_1_46' title="bbox 112 4303 1242 4416; baseline -0.004 -44"><span class='ocrx_word' id='word_1_437' title='bbox 112 4329 191 4376; x_wconf 89' lang='lat' dir='ltr'><strong>vero</strong></span> <span class='ocrx_word' id='word_1_438' title='bbox 211 4307 307 4398; x_wconf 88' lang='lat' dir='ltr'><strong>plena</strong></span> <span class='ocrx_word' id='word_1_439' title='bbox 328 4315 404 4374; x_wconf 89' lang='lat' dir='ltr'><strong>sunt</strong></span> <span class='ocrx_word' id='word_1_440' title='bbox 424 4303 553 4374; x_wconf 88' lang='lat' dir='ltr'><strong>ossibus</strong></span> <span class='ocrx_word' id='word_1_441' title='bbox 575 4307 788 4416; x_wconf 72' lang='lat' dir='ltr'><strong>mortuorum,</strong></span> <span class='ocrx_word' id='word_1_442' title='bbox 815 4311 967 4394; x_wconf 85' lang='lat' dir='ltr'><strong>omnique</strong></span> <span class='ocrx_word' id='word_1_443' title='bbox 988 4305 1149 4394; x_wconf 77' lang='lat' dir='ltr'><strong>spurcitia.</strong></span> <span class='ocrx_word' id='word_1_444' title='bbox 1190 4303 1242 4370; x_wconf 84' lang='grc'><strong>28.</strong></span> 
     </span>
    </p>
   </div>
   <div class='ocr_carea' id='block_1_4' title="bbox 0 0 1423 4762">
    <p class='ocr_par' dir='ltr' id='par_1_10' title="bbox 0 0 1423 4762">
     <span class='ocr_line' id='line_1_47' title="bbox 0 0 1423 4762; baseline 0 0"><span class='ocrx_word' id='word_1_445' title='bbox 0 0 1423 4762; x_wconf 95' lang='lat' dir='ltr'><strong> </strong></span> 
     </span>
    </p>
   </div>
  </div>
 </body>
</html>
