2796 4774
34 189 37 320 l
238 298 240 307 ‚
366 223 550 304 (res-⁴1³⁰.
594 223 711 286 rossus
732 224 875 306 napum
893 226 972 304 sex.)
1186 232 1255 297 ss,

34 323 36 444 l
98 375 154 439 ism
175 364 247 436 illis'
276 373 449 436 rachueratr'
464 373 538 436 ultro
563 395 594 436 se
617 373 627 435 i
647 379 704 446 sos'
717 375 959 457 obstupefacient,
990 392 1029 436 ne
1053 375 1231 459 quidperei-

40 491 43 499 ·
118 453 187 511 iant.
232 394 303 511 Ideo
323 463 387 534 apte
406 451 579 536 Augustinus
597 451 615 511 h
635 475 681 514 em
700 466 799 532 aperto
821 455 890 515 vasis
909 453 953 514 ori
974 466 1129 533 comparat:
1166 453 1230 516 inst-

124 527 244 588 ‘litatem
266 547 337 590 uero
362 527 428 588 dicit
451 525 586 609 operculo
614 527 734 590 similem
755 550 827 606 esse,
853 545 911 610 quo
929 539 978 590 vts
1000 529 1168 605 obstruitur,
1193 551 1233 590 ne

98 605 226 664 inlusum
251 599 380 684 diuimms
404 603 544 684 liquorem
570 604 706 674 admittat.
741 607 788 680 ‚Et
810 619 878 666 sane
904 603 1012 678 iteres
1035 603 1133 668 habet:
1165 617 1231 668 uam

99 679 253 756 Dominus,
280 680 329 740 uhi
347 681 480 740 virtutem
505 695 583 741 suam
606 681 682 742 videt
700 703 716 741 a
735 673 817 743 nohis
836 679 976 744 nonreci
995 679 1018 757 i,
1036 683 1151 744 tandem
1170 703 1232 743 eam

34 775 35 782 ¹
96 756 230 816 subducit
256 768 285 816 et
312 767 406 820 tamen
433 757 543 818 interea
572 757 784 836 conquerimur,
822 757 881 820 eius
911 704 996 839 opedl
1020 757 1103 820 nohis
1126 759 1232 833 deesse,

120 855 182 892 uam
204 843 298 892 nostra
320 832 501 894 incredulitas
530 830 629 912 procul
653 844 732 893 arcet
761 854 795 894 ac
818 833 938 914 repellit
989 835 1102 896 Marcus
1125 855 1233 918 negans

98 854 238 970 libristnm
262 909 406 987 potuisse,
437 929 538 968 eorum
559 907 666 988 eulpam
684 907 847 989 amplificat,
871 908 1006 989 aquibus
1027 910 1162 990 impedita
1180 911 1234 972 l'uit

98 986 156 1045 eius
178 985 295 1046 bonitas
340 985 418 1045 Nam
444 995 525 1058 certe
547 983 698 1060 increduli,
711 996 859 1064 ‘quantum
879 984 910 1043 in
929 1005 959 1045 se
979 996 1033 1058 est,
1056 986 1114 1045 Dei
1135 1007 1232 1056 manue
1273 1050 1276 1059 ,

95 1082 149 1123 sua
170 1061 348 1122 contumacia
375 1060 591 1141 constringunt:
622 1081 682 1121 non
708 1061 785 1140 quod
803 1061 883 1120 Deus
902 1059 979 1140 quasi
998 1059 1119 1121 inferior
1137 1062 1232 1124 vinca·
1314 1109 1317 1119 s

95 1148 152 1212 tur,
171 1138 219 1198 sed
238 1137 303 1218 quia
322 1135 364 1198 itti
384 1157 447 1195 non
464 1135 637 1217 permittunt
656 1135 792 1196 virtutem
812 1155 889 1198 sumn
909 1135 1031 1214 exsequi.
1052 1161 1055 1168 ·
1071 1137 1233 1198 Notandum
1280 1169 1283 1178 ·

93 1225 186 1274 tamen
209 1225 252 1276 est
269 1214 357 1293 -quod
382 1212 459 1272 addit
483 1214 611 1290 Marcus,
648 1223 760 1272 sanatos
784 1210 965 1273 nihilominus
990 1211 1075 1271 fuisse
1100 1213 1233 1291 quosdam
1331 1277 1336 1282 ,

94 1291 231 1349 inhrmosz
267 1311 336 1348 nam
359 1287 427 1348 hinc
453 1276 627 1369 colligimus,
654 1287 940 1364 Christibonitatem
960 1299 1081 1351 certasse
1100 1293 1234 1348 cum'eo-

94 1389 153 1426 rum
176 1365 298 1440 malitia,
330 1375 471 1454 utsupra
495 1365 532 1424 oh
594 1363 638 1424 ula
665 1375 834 1446 emergeret.
872 1363 952 1424 Idem
971 1363 1002 1422 in
1023 1364 1090 1424 Deo
1108 1363 1235 1444 quotidie

96 1443 269 1522 experimur:
302 1441 356 1508 etsi
371 1461 457 1500 ,ennn
479 1451 566 1520 poten
581 1436 643 1500 iam
660 1463 751 1515 suam,
781 1441 844 1522 quia
868 1439 908 1499 illi
932 1439 1022 1500 aditus
1041 1440 1077 1514 ed
1096 1461 1150 1502 nos
1172 1460 1234 1500 non

35 1561 36 1568 κ
93 1529 183 1598 patet,
203 1515 462 1579 iuste-necessario
484 1511 645 1598 restringit,
669 1517 796 1578 nuestus
814 1529 923 1590 umen,
942 1528 976 1576 ut
993 1516 1066 1586 riam
1086 1503 1139 1597 'per
1156 1516 1234 1578 invia

94 1595 143 1654 sihi
162 1593 273 1654 iaciens
293 1590 380 1652 nohis
399 1591 567 1662 benefacere
586 1613 646 1654 uon
666 1594 783 1654 desinat.
811 1591 948 1656 Mirabilis
957 1591 1040 1667 lucta,
1057 1594 1133 1674 quod
1145 1605 1249 1674 quum·

95 1671 181 1732 modis
206 1669 344 1730 omnihus
366 1668 526 1749 opprimere
551 1677 690 1730 conemur
717 1670 772 1729 Dei
795 1670 927 1752 gratiam,
956 1690 993 1728 nc
1018 1669 1053 1729 ad
1071 1687 1233 1747 nos-usque

94 1747 255 1825 perveniat,
275 1744 324 1804 illa
340 1755 438 1834 tamen
457 1745 559 1808 victrix
579 1744 750 1834 perrumpit,
776 1757 806 1808 et
824 1745 899 1828 quasi
918 1743 1002 1809 nohis
1021 1745 1116 1808 invitis
1137 1743 1232 1808 effica-

93 1823 164 1884 ciam
182 1843 263 1886 suom
284 1821 406 1888 obtines

223 1939 240 1975 f
375 1938 385 1946 ,,

176 2014 307 2134 (129.)ι
329 2004 501 2120 metult.
522 2051 609 2118 XIV.
654 2051 685 2116 1.
718 2047 757 2117 ln
778 2031 836 2118 illo
857 2047 1232 2139 temporetaudivitfle·

35 2159 36 2164 ’
94 2149 193 2220 rodes
224 2155 384 2221 tetrarcha
409 2155 523 2220 famam
550 2155 633 2220 lesu.
683 2153 715 2218 2.
744 2155 786 2218 Et
809 2153 887 2220 dixit
907 2153 1035 2218 famulis
1056 2157 1151 2254 suis,x
1171 2154 1233 2217 Hie

95 2264 142 2322 est
163 2254 303 2324 loannes
323 2259 477 2346 Baptista,
499 2258 576 2344 ipse
592 2257 730 2328 surrexit
751 2275 769 2320 u
791 2257 935 2332 mortuis,
955 2260 987 2318 et
1005 2254 1080 2336 ideo
1099 2255 1233 2350 virtutes

93 2369 191 2446 agunt
213 2362 252 2426 in
274 2355 346 2426 'illo-
394 2372 396 2377 ·

188 2526 335 2608 MARC.
357 2526 415 2592 VI.
465 2519 518 2595 lt.
548 2523 590 2588 Et
616 2517 738 2586 audivit
764 2541 820 2588 rex
845 2517 992 2588 Herodes
1028 2524 1232 2606 (innotuerat
1326 2531 1329 2543 '

91 2629 182 2698 enim
194 2649 314 2694 nornen
328 2628 423 2707 eius),
446 2623 593 2712 dixitque,
614 2625 758 2704 loannes,
781 2629 835 2714 qui
846 2620 1035 2714 baptizabat,
1060 2629 1232 2718 resurrexit

92 2753 111 2796 a
133 2732 289 2815 mortuis,
307 2739 339 2796 ct
360 2739 529 2817 propterea
551 2730 682 2794 virtutes
698 2741 800 2816 ,agunt
821 2731 855 2795 in
875 2727 945 2794 illo.
988 2728 1040 2795 15.
1061 2728 1128 2794 Alii
1145 2730 1231 2796 diuu-

92 2831 180 2914 hant,
203 2833 293 2900 Elius
316 2841 378 2898 est:
400 2821 455 2896 alii
473 2851 553 2898 vero
576 2829 735 2911 dicebant,
758 2832 919 2922 Propheta
940 2829 1230 2920 estiveltanqu'sin

34 2975 36 2996 .
93 2959 178 3003 unus
201 2953 244 3001 es
261 2935 439 3024 Prophetis.
482 2929 535 3000 16.
565 2933 675 3020 Quum
698 2932 840 3000 audisset
860 2943 965 3020 autem
983 2935 1150 3013 Herodes,
1179 2925 1231 3014 αἰὶ,
1318 2973 1321 2981 ·

34 3051 35 3072 ²
94 3038 157 3107 Cui
178 3060 242 3128 ego
263 3038 403 3128 praecidi
425 3047 531 3124 eaput,
548 3037 689 3128 Ioannes
711 3037 771 3102 iste
789 3039 894 3119 est-*is
907 3038 1230 3104 surrexitemortuis.

178 3209 285 3280 LUC.
305 3210 358 3277 tx.
406 3206 437 3274 7.
468 3203 601 3284 A'udivit
627 3184 732 3272 autem
759 3205 907 3274 Herodes
930 3203 1094 3274 'tetrarcha
1116 3211 1231 3288 omnia,
1276 3217 1279 3225 “

34 3303 39 3414 '7
100 3303 180 3398 quae
202 3307 326 3384 fiebant
347 3309 389 3378 ah
411 3329 469 3390 eo,
492 3321 524 3378 et
543 3307 733 3394 haesitabat,
765 3325 805 3376 eo
827 3299 918 3397 quod
936 3308 1098 3402 diecretut
1119 3310 1232 3400 esqui-

97 3409 240 3496 husdem,
262 3415 352 3503 quud
374 3417 511 3480 Ioannes
533 3413 721 3480 surrexisset
743 3434 762 3478 a
783 3414 934 3478 mortuis:
983 3407 1016 3480 8.
1046 3413 1075 3478 A
1098 3412 1233 3501 quihus·

100 3515 168 3605 dam
188 3539 280 3598 vero,
302 3515 391 3604 quod
413 3511 501 3587 Elias
523 3517 737 3602 apparuissem
761 3514 803 3580 eh
823 3499 894 3580 aliis
911 3525 1024 3594 autem,
1047 3517 1136 3604 quod
1152 3518 1233 3582 Pro·

99 3608 191 3702 pheta
219 3619 378 3708 quispiam
408 3640 446 3684 ex
470 3611 613 3708 antiquis
636 3617 839 3708 surrexisset,
883 3617 914 3682 9.
928 3617 1059 3703 lEtsit
1083 3601 1232 3684 Herodes

98 3719 248 3788 Ioannem
270 3745 331 3810 ego
353 3721 521 3802 decollavi,
543 3721 618 3807 quis
638 3730 687 3786 est
708 3729 813 3789 autem
835 3723 904 3800 iste,
923 3717 969 3786 de
991 3731 1057 3810 quo
1077 3721 1227 3787 taliauu·
1345 3799 1353 3812 ἱ

34 3851 36 3862 ·
99 3819 173 3891 dio?
212 3824 255 3890 Et
276 3823 450 3913 quaerebat
469 3820 581 3890 ridere
601 3841 681 3924 eum.
735 3819 741 3828 “
819 3883 822 3892 ,
1126 3834 1130 3844 ’

171 4027 243 4090 Hde
258 4019 325 4088 ideo
344 4018 476 4102 referunt
492 4009 699 4110 Evangelistae,
720 4035 753 4086 ut
771 4025 899 4100 sciamus,
915 4015 1028 4087 celebre
1034 4017 1136 4100 passim
1144 4015 1233 4108 inisse

102 4096 348 4179 Christiuomen,
372 4115 405 4164 ut
423 4104 542 4166 Iudaeos
556 4101 721 4196 'ignorantia
739 4103 857 4162 minime
878 4111 1014 4164 excuset.v
1037 4101 1140 4184 i’osset
1156 4115 1232 4184 emm

101 4177 152 4240 alio
173 4181 223 4240 uin
243 4179 398 4240 multorum
418 4180 559 4241 mentibus
579 4179 719 4258 obrepere
738 4178 807 4238 haec
826 4175 979 4242 dubitatio,
998 4169 1167 4256 quqlactum
1188 4183 1232 4242 set,

101 4266 131 4312 ut
150 4202 267 4318 llhrtsto
288 4257 318 4314 in
337 4255 421 4316 terris
440 4266 543 4337 agente
565 4255 668 4314 Iudaea
687 4273 786 4312 secure
805 4247 954 4330 quereris
974 4261 1031 4327 ³¹⁸}
1050 4261 1080 4297 ¹¹¹
1098 4244 1233 4320 angulum

34 4377 35 4386 ,
102 4329 220 4412 aliquem
242 4341 369 4394 retrusus
399 4331 522 4392 divinam
545 4351 622 4391 suam
646 4329 782 4402 uirtutem
801 4323 883 4383 nullis
901 4313 1089 4393 patefeclsset·
1148 4319 1240 4379 Nunc'

127 4422 212 4468 calvini
226 4431 347 4470 comment.
360 4423 385 4487 in
399 4422 476 4469 llarm.
490 4421 531 4467 Er.
554 4418 600 4464 rol.
614 4417 644 4462 ih
686 4481 690 4496 .
1016 4391 1036 4448 ὅ
