2804 4762
127 213 138 298 i
382 180 388 208 Ι
432 213 436 219 ’
561 224 641 304 (167.
679 223 846 303 Zachaeus.)
1171 179 1176 191 Ι
1209 227 1265 290 185
1279 185 1288 310 '¹

127 369 252 464 'pesam
272 376 388 444 remae*
400 371 518 462 ,naam
534 375 624 455 neo,
636 325 712 462 quaa
731 377 766 441 aa
781 372 957 460 aminon
974 350 1267 486 mentientem
1291 458 1303 474 N

136 476 206 517 nem
224 452 310 518 rdet.

225 705 338 791 (167.)
378 708 454 778 Luc.
468 703 558 774 Ι11111.
600 705 631 780 1,
662 705 705 776 Et
730 707 891 796 ingressus
912 705 1110 798 perambulat
1130 707 1264 776 Iericho.

136 811 170 876 2.
197 809 240 876 Et
261 832 335 879 ecce
356 811 405 878 vir
426 814 557 882 nomine
580 809 755 891 Zachaeus,
782 821 878 900 atque
898 813 927 878 is
948 816 1097 900 princeps
1118 821 1186 878 erat
1205 833 1265 900 pu-

136 911 351 1026 blicanorum,
374 924 405 978 et
425 913 510 1012 idem
532 921 600 977 erat
622 911 720 977 dives.
776 913 807 976 3.
828 915 869 978 Et
890 913 1063 1002 quaerebat
1080 913 1194 1000 'videre
1217 915 1269 978 11-λ
1309 937 1311 943 “

140 1037 224 1098 sum,
246 1019 318 1103 quis
340 1025 439 1094 essct,
464 1037 525 1082 nac
546 1015 672 1100 poterat
692 1035 769 1100 prae
790 1013 898 1096 turba,
919 1015 1008 1102 quod
1029 1023 1147 1082 statura
1166 1015 1266 1102 pusil-

134 1116 189 1184 -lus
211 1129 313 1186 esset:
360 1118 391 1182 4.
412 1118 465 1190 ,Et
491 1136 700 1204 praecurrens
729 1117 872 1183 ascendit
896 1119 930 1182 io
950 1115 1100 1194 arborem
1119 1114 1267 1206 sycomo-

137 1241 215 1298 rum,
236 1230 272 1286 ut
294 1220 427 1292 videret
443 1242 528 1284 curn:
548 1238 620 1284 nam
641 1217 717 1282 illac
738 1227 806 1284 crat
825 1221 1024 1286 transiturus.
1066 1219 1097 1285 5.
1118 1216 1160 1283 Et
1170 1239 1267 1306 quum

133 1307 279 1388 ¹venisset
307 1321 349 1388 ad
376 1307 498 1400 turim,
531 1313 706 1408 suspiciens
725 1321 818 1388 lesus
840 1318 1044 1404 viditillnm,
1065 1319 1269 1410 dixitquead
1377 1307 1382 1322 Χ

111 1411 227 1490 eum:
272 1409 442 1500 Zachaee,¹
462 1423 615 1489 festinans
649 1421 824 1505 descende,
856 1421 1055 1514 quia·bodic
1081 1422 1168 1490 domi
1194 1433 1271 1488 tuae

137 1535 269 1614 oportet
289 1547 341 1590 me
362 1545 499 1609 rpanere.
542 1525 572 1590 (i.
596 1525 639 1591 Et
658 1525 811 1593 festinans
834 1525 1010 1605 descendit,
1036 1535 1068 1592 et
1088 1527 1211 1615 excepit
1230 1524 1270 1590 il·
1312 1551 1316 1568 t

129 1628 206 1694 'lum
228 1625 381 1712 gaudens.
425 1627 455 1706 7.
475 1628 651 1716 ,Quumque
671 1626 954 1710 viderent-omnes,
974 1626 1212 1695 murmurabant
1221 1625 1270 1692 di-

138 1739 263 1810 centes,
297 1729 389 1823 qnod,
414 1732 576 1818 ingressus
604 1741 688 1796 esset
708 1731 794 1818 apud
816 1733 977 1800 bominem
997 1742 1200 1818 peccatorem
1221 1729 1271 1798 tli-
1312 1720 1318 1730 ’

109 1880 111 1883 -
137 1843 332 1900 versaturus.
397 1833 428 1900 8.
449 1833 556 1902 ·Stans
587 1845 699 1902 autem·
718 1825 882 1904 Zachaeus
911 1835 988 1902 dixit
1017 1833 1059 1902 ad
1084 1831 1269 1913 Dominum,
1311 1847 1313 1860 ·

137 1933 226 2001 Ecce
255 1934 419 2005 dimidium
446 1934 607 2004 bonorum
634 1959 793 2018 meorum,
819 1936 974 2022 Domine,
996 1935 1040 2004 do
1059 1931 1271 2026 pauperibusr
1284 1993 1290 2012 ,

105 2037 109 2045 ’
140 2047 175 2126 et
199 2041 228 2104 si
254 2039 333 2126 quid
354 2039 492 2127 aliquem
514 2037 729 2118 defraudavi„
746 2039 852 2108 reddo
873 2039 1099 2130 quadruplum.
1151 2040 1183 2104 9.
1215 2039 1274 2104 Ait
1322 2053 1325 2058 ·

139 2141 232 2227 Iesus
254 2141 294 2206 ad
316 2164 404 2222 eum,
431 2141 538 2236 quie
560 2141 647 2208 salus
669 2141 778 2208 domui
799 2143 874 2210 huic
895 2139 1050 2230 contigit,'
1065 2161 1106 2207 eo
1127 2137 1217 2228 quod
1239 2149 1271 2238 ct

140 2245 213 2330 ipse
233 2235 319 2310 iilius
342 2245 383 2310 sit
403 2242 562 2312 Abrabae.
606 2243 657 2308 10.
671 2235 769 2310 Venit
790 2247 876 2313 onim
887 2244 990 2314 ainus
1010 2243 1149 2326 bominis
1172 2231 1270 2328 quac-

142 2349 216 2436 rere
239 2357 271 2413 et
291 2367 429 2426 servare,
450 2344 540 2433 qnod
564 2346 713 2432 perierat.
787 2379 806 2412 s,
892 2349 897 2359 ‘
1084 2365 1086 2373 ’
1150 2335 1152 2342 ’
1275 2377 1276 2380 ¹

143 2589 145 2594 '
221 2581 298 2642 Hinc
317 2591 440 2664 apparet,
460 2583 543 2662 quarn
554 2589 623 2641 'non
640 2576 728 2641 luerit
746 2577 982 2644 curiosus'Lucas
999 2579 1031 2642 in
1049 2579 1183 2646 amanda
1200 2591 1275 2643 tcm-

103 2688 108 2694 ·
143 2676 249 2741 porum
266 2658 347 2720 seria.
386 2659 537 2742 Postquam
553 2657 632 2719 enirn
645 2654 814 2718 ¹miraculum
833 2657 965 2734 samarit,
985 2677 1062 2719 nunc
1079 2658 1187 2736 recitat,
1226 2649 1275 2718 uid

143 2733 280 2796 acciderit
302 2735 332 2796 in
354 2733 425 2796 urbe
447 2733 571 2796 Iericho.
607 2733 687 2798 Dicit
709 2744 818 2809 autern,
841 2755 927 2814 quum
947 2733 1076 2797 Christus
1092 2756 1123 2796 se
1142 2755 1220 2796 omni
1240 2757 1274 2796 us

143 2809 266 2873 offerret
289 2833 343 2894 per
364 2812 423 2871 rias
446 2809 643 2887 obambulans,
663 2831 762 2872 *unum
785 2811 944 2873 Zachaeum
967 2811 1028 2871 eins
1050 2811 1165 2874 videndi
1187 2811 1275 2872 luisse

143 2888 266 2949 maxime
290 2887 431 2970 cuparum.
469 2887 500 2949 s·
541 2909 590 2948 um
615 2872 691 2950 enan
708 2887 1120 2964 cameracorensem,
1141 2887 1275 2948 astarem

143 2963 353 3040 conscendere,
387 2985 473 3044 quum
492 2907 595 3027 ilites
617 2976 651 3024 ut
664 2962 825 3101 (plurimum
844 2962 903 3026 sint
919 2963 1052 3038 fastuosi,
1074 2983 1162 3056 seque
1177 2962 1276 3044 specie
1312 2953 1321 2974 ⁸

118 3103 119 3110 ,
143 3041 289 3126 gravitatis
312 3041 468 3102 venditent
493 3040 589 3107 ,Fieri
615 3040 729 3121 quiem
751 3050 846 3121 potest
867 3051 901 3100 ut
923 3039 998 3102 idean
1013 3039 1067 3101 'abi
1089 3051 1174 3100 citam
1193 3049 1276 3118 opta-

142 3119 219 3210 rint,
242 3118 292 3178 sed
313 3115 390 3178 bunc
413 3116 561 3198 prae‘aliis
586 3117 717 3178 omnibus
735 3115 1009 3179 meritocelebrarit
1026 3115 1132 3191 Lucas,
1154 3125 1215 3175 tum
1236 3114 1275 3176 ob
1352 3140 1355 3148 ·

144 3193 306 3275 qualitatem
328 3213 483 3276 personae,
509 3205 569 3253 tum
593 3193 631 3252 ob
654 3193 862 3275 miram,¹quae
880 3205 998 3272 repente
1016 3191 1135 3266 exstitit,
1152 3189 1277 3252 bominis
1294 3191 1313 3221 ³

146 3269 383 3341 conversionemae
410 3267 472 3330 tani
495 3281 590 3330 autem
614 3270 646 3328 in
668 3268 796 3330 machaea
819 3268 944 3330 nondum
968 3279 1030 3328 erat
1051 3266 1172 3346 formata
1197 3268 1275 3343 fides,

145 3345 200 3408 suit
220 3359 317 3408 tamen
342 3347 412 3406 baec
432 3345 610 3438 praeparatio
633 3346 776 3426 qtuadam.
814 3344 1010 3428 Neqneenim
1028 3343 1135 3406 Christi
1154 3365 1277 3426 conspe*

146 3433 224 3487 ctum
242 3423 305 3485 sinc
324 3421 441 3484 coelesti
460 3423 596 3484 instinctu
614 3433 765 3501 tantopere
785 3429 944 3508 expeteret:
963 3419 1028 3482 dico
1047 3420 1079 3480 in
1098 3441 1163 3482 eum
1180 3422 1289 3497 finem,

146 3497 196 3592 qni
211 3498 307 3562 statim
325 3499 473 3592 apparuit·
502 3498 650 3575 Quosdam
669 3498 745 3562 enim
766 3496 840 3558 baud
858 3497 943 3560 dubie
960 3496 1072 3578 impulit
1090 3519 1162 3561 rana
1181 3499 1278 3560 curio-
1301 3546 1305 3550 .

146 3587 222 3650 artas,
240 3587 274 3650 ut
286 3575 392 3636 Christi
409 3575 519 3638 risendi
539 3597 618 3637 causa
638 3575 723 3636 etiam
744 3595 778 3634 cx
796 3573 865 3634 locis
884 3574 999 3635 remotis
1018 3577 1209 3674 ac'currqcent,
1228 3571 1278 3644 sed

147 3673 184 3712 ex
209 3661 313 3711 eventu
336 3651 439 3732 patuit,
466 3650 605 3712 inclusum
628 3651 714 3714 misse
736 3649 846 3733 pietatis
869 3669 966 3712 semen
988 3649 1018 3710 in
1034 3649 1130 3712 annno
1149 3647 1278 3718 Zachaei·

148 3726 199 3786 Sic
216 3721 356 3804 Dominus
375 3747 468 3810 saepe,
483 3728 645 3809 priusquam
663 3726 872 3804 sc‘bominibus
889 3726 1063 3802 manifestet,
1087 3744 1205 3788 coecum
1224 3722 1277 3784 illis
1313 3757 1316 3762 ·

148 3799 284 3864 allectum
302 3801 428 3882 inspirat,
448 3823 507 3882 quo
525 3803 656 3868 ienmtur
675 3805 709 3864 ad
726 3805 818 3896 ipsum
835 3803 924 3866 adbuc
941 3803 1077 3867 latentem
1098 3813 1128 3862 et
1144 3799 1278 3881 incogni-

148 3889 220 3938 tum.
261 3876 429 3958 Quanquam
448 3890 542 3940 autem
560 3880 686 3942 nondum
704 3879 757 3942 iilis
776 3889 888 3941 constet
906 3893 983 3948 certa
999 3881 1086 3955 ratio,
1110 3896 1161 3942 eos
1180 3885 1276 3942 tamen.

142 3973 211 4032 ,uon
231 3950 387 4026 frustratur,
406 3955 456 4014 sed
471 3975 502 4014 se
517 3955 548 4015 in
567 3969 623 4018 tem
643 3977 694 4017 ore
707 3955 853 4036 patefacit
1114 3985 1118 3992 ·

226 4031 254 4090 6.
283 4028 431 4100 Zoaboee,
443 4030 599 4104 festinans
616 3977 764 4096 aleremur.
782 4032 980 4108 *Memorabile
1000 4029 1106 4126 gratiae
1123 4025 1266 4109 specimen

48 4160 54 4176 ,
149 4104 227 4189 qnod
238 4103 395 4190 Zachaeum
406 4109 555 4186 praevenit
562 4107 710 4184 Dominus,
723 4127 776 4168 nec
788 4121 931 4189 exspectat
942 4109 1001 4169 eius
1011 4102 1214 4179 invitationem,
1228 4125 1240 4165 s

149 4182 227 4242 ultro
246 4180 324 4243 domi
343 4181 402 4244 eius
421 4180 573 4261 hospitium
590 4185 642 4246 sibi
680 4184 777 4256 qaarit.
814 4186 937 4258 Scimus,
961 4203 1043 4262 quam
1062 4179 1191 4239 odiosum
1208 4177 1296 4238 tund

151 4257 252 4338 luerit,
279 4257 337 4320 imo
357 4257 521 4320 detestabile
539 4278 646 4320 nomen
660 4205 823 4320 lublicanit
850 4260 934 4338 idque
956 4257 1040 4336 paulo
1058 4264 1124 4332 post
1142 4254 1277 4336 exprimet

57 4407 61 4415 Ι
153 4335 250 4401 Lucas.
294 4334 419 4419 Insignis
436 4355 507 4421 crgo
526 4335 593 4399 Filii
607 4336 663 4398 Dei
681 4335 850 4409 humanitas,
873 4333 909 4394 ad
929 4351 995 4395 cum
1011 4329 1162 4407 accedere,
1185 4349 1276 4411 aquo
