2796 4774
259 341 261 344 Ι
296 277 299 282 ·
349 241 539 362 ass-ras
561 240 959 336 ὶ111111.ιςψιῑιωοηιει.)
1175 261 1216 326 er

142 407 246 494 (130.)
267 405 437 476 ΜΑΤΤΗ.
449 409 535 476 XIV.
564 399 597 475 3.
605 407 690 476 Nam
702 407 855 478 Herodes
862 417 990 500 separat
1000 408 1163 496 loannem,
1181 422 1215 484 et

81 513 235 590 vinxerat,
257 521 290 578 et
310 521 459 600 posuerat
478 514 514 612 in
536 521 666 579 'earcere
687 512 1061 602 propterllerodiadem,
1080 535 1214 586 uxoren

80 613 223 702 Philippi
243 613 348 682 fratris
371 615 430 682 sui.
472 613 504 680 4.
529 612 669 682 Dicebat
690 607 1215 698 entmiuiloa‘nnes‚·1ionltest
1249 654 1253 661 ,

80 716 141 782 tlbi
163 715 280 782 habere
301 739 379 784 eam.
423 714 457 780 5.
478 716 522 782 Et
542 731 640 806 quum
662 715 759 784 vellet
779 741 852 786 eum
873 717 1032 801 occidere,
1052 721 1216 792 metuebat
1291 757 1319 780 ··

79 817 326 898 multitudinem
359 829 543 918 propterea·
562 817 652 908 quod
684 819 776 886 illurn
803 843 864 887 eeu
889 821 1083 912 Prophetiam
1111 823 1214 894 habe·

77 921 166 988 baut.
208 921 238 988 6.
265 922 383 1008 Quum
406 933 513 988 sutem
534 918 752 990 celebraretur
772 921 888 990 natalis
907 921 1064 1001 hedis,
1086 928 1213 998 saltavit

76 1025 144 1090 filia
164 1024 359 1092 Herodiadis
381 1026 417 1090 iu
438 1020 562 1102 medio,
590 1032 623 1090 et
642 1021 764 1110 placuit
783 1017 919 1090 Herodi.
961 1024 993 1090 ’1.
1022 1025 1119 1094 Unde
1139 1053 1213 1098 eum

76 1125 282 1194 iureiurando
313 1126 492 1220 pollicitus
510 1133 578 1202 est,
610 1146 647 1190 se
669 1125 816 1192 daturum
837 1123 885 1192 illi
907 1119 1063 1214 quiequid
1082 1141 1213 1217 peteret.

76 1231 119 1296 8:
135 1229 177 1301 At
198 1230 256 1296 illa
277 1229 376 1317 prius
396 1231 551 1302 instructa
572 1237 713 1294 amatre
734 1219 808 1307 sua}
828 1221 882 1294 Ila
901 1227 994 1308 mibi,
1016 1227 1138 1317 inquit,
1161 1233 1214 1302 bie

76 1335 108 1398 in
129 1335 242 1422 patina
263 1341 362 1418 eaput
382 1333 513 1398 loannis
534 1331 706 1420 Baptistae.
742 1333 774 1397 9.
795 1327 837 1398 Et
858 1324 997 1396 indoluit
1015 1351 1087 1421 ¹sese
1106 1344 1214 1407 umen

76 1445 209 1523 propter
240 1433 480 1514 iusiurandum,
513 1443 545 1500 et
571 1453 630 1500 eos
658 1433 714 1520 qui
740 1429 835 1500 simul
862 1426 1094 1502 accumbebant
1118 1439 1214 1509 iussit

77 1537 152 1607 dari.
220 1538 278 1608 10.
322 1535 488 1624 Misitque,
524 1543 558 1604 et
598 1531 774 1642 decollavit
808 1521 963 1604 lbauueus
997 1539 1034 1604 iu
1057 1561 1212 1624 estesse.

77 1643 126 1706 ll.
157 1641 203 1706 Et
228 1637 362 1705 allatum
389 1648 438 1704 est
463 1647 559 1728 eaput
580 1639 650 1704 eius
671 1640 706 1704 iu
727 1639 849 1726 patina,
882 1637 1054 1727 datumque
1073 1642 1215 1728 puellae„

77 1754 107 1810 et
126 1742 181 1810 illa
204 1740 328 1808 obtulit
347 1743 439 1808 aratri
460 1764 547 1811 suae.
591 1741 645 1810 12.
673 1739 722 1812 ,Et
741 1739 944 1816 assesserunt
965 1741 1117 1832 discipuli
1140 1749 1213 1818 eius

77 1856 107 1911 et
124 1845 328 1914 sustulerunt
349 1866 478 1943 corpus,
498 1867 538 1934 ae
558 1843 754 1934 sepelierunt
773 1843 864 1927 1111111,
884 1841 1096 1935 abieruntque
1112 1857 1144 1918 et
1159 1866 1211 1920 re-
1243 1919 1252 1948 ⁸

75 1951 308 2016 nuntiaverunt
328 1947 411 2014 lesu.
824 1985 828 1994 ι
1148 1970 1150 1980 ¹

160 2197 305 2277 MARC.
325 2200 385 2275 Vl.
429 2197 482 2274 1'7.
504 2195 680 2294 Namxipsa
700 2159 850 2272 lletorlss
871 2199 1010 2287 miserat,
1031 2215 1063 2275 et
1085 2207 1213 2294 ceperat
1260 2164 1262 2172 Ι

76 2305 249 2390 loannem,
278 2301 491 2394 vinxeratque
521 2310 655 2390 eumin
682 2327 809 2372 eernere
829 2316 964 2398 prapter
982 2305 1214 2390 Herodiaderu,

76 2433 211 2478 uxorem
249 2409 398 2498 Philippi
429 2403 535 2476 fratris
575 2408 643 2484 sui,
676 2409 767 2493 ‚qula
801 2405 937 2472 duxerat
970 2429 1042 2474 eam
1072 2419 1213 2482 uxorem.
1323 2403 1325 2411 ⁴

75 2515 128 2580 18.
150 2510 296 2580 Dicebat
318 2516 403 2585 euim
413 2512 553 2602 loannes·
563 2498 695 2586 Herodi,
718 2507 796 2573 Nou
817 2505 893 2602 licet
910 2504 973 2581 tibi
994 2505 1115 2580 habere
1135 2501 1214 2580 uxu-

74 2637 145 2682 rem
177 2614 287 2683 {ratris
313 2615 371 2680 tui.
419 2613 470 2676 19.
501 2604 659 2674 Herodias
681 2619 785 2676 autem
807 2605 1022 2680 insidiabatur
1039 2611 1101 2694 1111,
1121 2615 1213 2686 vole·

34 2725 35 2756 ³
74 2717 203 2804 batque
226 2735 297 2780 eum
318 2711 474 2792 uendere,
495 2725 558 2778 nee
577 2707 713 2796 poterat.
750 2707 808 2780 211.
825 2705 973 2780 Herodes
994 2717 1077 2784 enim
1092 2713 1213 2788 melue-

76 2819 129 2888 bat
142 2823 310 2900 Ioaunem,
333 2817 437 2884 sciens
459 2833 532 2882 euus
552 2813 654 2880 virum
676 2815 793 2882 iustum
816 2826 1027 2898 astanetum,
1050 2821 1081 2888 el
1099 2819 1212 2892 obser-

34 2933 35 2940 ’
78 2922 173 2988 rabat
202 2943 292 3003 eum,
335 2920 521 3008 auditoque
536 2939 580 3010 eo
607 2911 705 2986 multa
734 2909 887 2998 iaciebat,
921 2929 954 2986 et
973 2919 1112 2991 libenter
1138 2945 1212 2990 eun

81 3025 243 3092 audiebat.
289 3017 345 3092 21.
380 3025 423 3090 Et
449 3036 547 3112 quum
575 3013 644 3085 dies
671 3025 874 3108 opportunus
901 3011 1213 3112 accidisset,‘quum
1292 3063 1294 3072 ·

80 3128 229 3194 Herodes
257 3129 292 3192 iu
316 3125 466 3192 natalitiis
492 3123 560 3189 suis
588 3137 722 3190 coenatis
748 3124 868 3192 laceret
888 3123 1082 3212 primatibus
1101 3140 1140 3192 ac
1156 3115 1213 3196 trt-

80 3228 186 3314 bunis,
209 3239 241 3296 et
262 3227 459 3317 primoribus
477 3224 654 3294 Galilaeaet
690 3226 744 3292 22.
766 3227 943 3315 Quumque
961 3229 1124 3294 introisset
1144 3224 1213 3296 filia

81 3334 180 3422 ipsius
203 3313 406 3412 Herodiadls,
428 3345 476 3396 a‘e
489 3322 643 3407 saltasset,
664 3320 902 3418 placuissetque
916 3303 1041 3398 llerodi
1062 3347 1106 3398 ab·
1117 3327 1214 3414 simul

83 3431 359 3512 accumbentibus,
387 3455 443 3500 rex
463 3435 508 3498 ait
527 3429 671 3525 puellae,
692 3433 811 3500 Pelea
832 3445 884 3512 me
906 3425 1048 3528 quidvis,
1070 3425 1213 3515 etdab'u

84 3535 150 3603 tibi.
192 3535 247 3602 23.
273 3537 316 3602 Et
336 3537 456 3602 iuravit
475 3530 538 3612 illi,
566 3532 733 3623 Quicquid
754 3551 773 3600 a
794 3551 846 3600 use
865 3535 1010 3623 petieris,
1032 3529 1120 3606 dabo
1138 3536 1213 3619 tibi,

84 3660 184 3728 usque
205 3637 248 3704 ad
270 3637 442 3719 dimidium
456 3632 546 3724 regui
568 3633 638 3704 mei.
680 3637 734 3730 24.
759 3631 878 3702 Atilia
899 3633 1026 3726 egressa
1047 3633 1127 3708 (laxit
1145 3625 1214 3709 intl-

86 3744 124 3807 tri
145 3764 237 3821 suae,
267 3741 357 3827 Quid
378 3739 504 3831 petam?
529 3732 588 3806 Illa
608 3757 690 3808 vero
712 3733 806 3820 dixit,
827 3737 935 3828 Gaput
954 3743 1085 3813 loannis
1104 3727 1214 3828 Banti-

86 3853 162 3911 stae.
203 3844 257 3910 25.
285 3845 328 3910 Et
348 3846 490 3932 ingressa
510 3842 617 3910 'statim
638 3859 711 3910 cum
732 3837 937 3912 lestiuatioue
957 3847 999 3914 ad
1017 3861 1136 3934 regent,
1156 3841 1214 3929 pe
1313 3889 1315 3896 ,

86 3948 132 4012 1111
152 3945 278 4025 diceus,
299 3946 407 4028 Volo,
432 3955 470 4014 ut
490 3943 637 4034 protinus
659 3943 716 4012 (les
738 3938 817 4029 tuibi
835 3939 871 4014 111
890 3939 983 4015 lance
1002 3949 1097 4036 eaput
1116 3939 1214 4032 10111-
1294 3957 1304 3978 ·

87 4051 133 4116 nis
154 4051 333 4138 Baptistae.
381 4047 435 4118 26.
469 4049 513 4118 Et
533 4047 651 4119 dolore
672 4042 806 4132 alienius
827 4064 882 4116 sex
902 4055 1034 4139 propter
1053 4041 1214 4114 iusiurau-
1318 4045 1329 4077 ⁹

88 4149 175 4235 dum,
206 4173 330 4240 eosque
362 4153 420 4238 qui
447 4149 543 4218 simul
567 4146 815 4230 accumbebant,
844 4146 950 4228 ualuit
976 4166 1044 4212 eam
1070 4149 1214 4246 teiieese.

88 4253 139 4324 27.
164 4257 337 4342 Missaque
358 4253 527 4326 consestim
548 4254 756 4342 spiculatore
774 4247 868 4328 iussit
887 4244 998 4333 inferri
1019 4249 1214 4330 eaput‘eluse
1257 4253 1266 4258 “

90 4349 144 4426 ille
163 4377 243 4433 sero
266 4355 363 4440 abiit,
389 4367 422 4428 et
443 4353 616 4462 decallavit
636 4365 711 4420 eum
730 4355 767 4418 iu
787 4364 925 4421 carcere.
966 4337 1020 4486 ἓξ
1049 4346 1092 4411 Et
1112 4347 1217 4411 attulit
