2804 4762
163 241 222 306 m
431 227 544 296 SEGT.
563 229 645 293 XVI.
682 245 759 294 mnu
775 247 812 294 ru
830 247 1025 301 marsanam

164 387 285 456 sonam
302 385 358 449 su
377 384 531 448 armasse
549 347 653 460 volat,
672 340 759 462 iaus
778 394 853 454 esaar
868 386 952 468 regna
970 385 1013 454 aa
1032 397 1139 450 naam
1177 385 1211 448 ta
1230 387 1292 468 qs.

164 471 229 530 dem
246 463 341 524 facere
359 483 474 523 exorsus
492 461 586 522 fuerat
603 481 619 520 a
638 481 690 521 suo
707 459 863 540 baptismo,
882 465 932 526 sed
951 463 1006 526 boc
1024 463 1065 524 illi
1083 461 1223 544 specimen
1241 465 1292 532 sub
1398 461 1399 490 ³

131 611 134 622 ,
164 539 320 608 vocationis
344 559 409 599 snae
432 539 518 598 linem
543 529 682 598 edendum
703 535 834 595 restabat.
881 536 944 598 Cur
962 541 1040 624 enirq
1057 541 1191 600 hactenus
1210 539 1293 600 absti-

163 621 228 681 uuit
246 639 262 678 a
281 616 369 698 Regis
387 614 517 688 nomine,
536 633 612 674 nunc
630 631 700 672 vero
719 612 833 672 demum
850 610 939 676 libere
957 637 989 676 se
1007 619 1119 700 Regem
1138 616 1294 696 profitetur,

166 697 219 758 uisi
238 693 382 776 quianon
401 689 501 788 procul
525 687 606 750 abest
627 709 644 750 a
665 687 745 748 stadii
767 687 811 748 sui
833 689 927 753 meta?
972 694 1052 774 Ergo
1072 715 1159 773 quum
1176 693 1297 777 propin.

166 795 236 856 quus
256 769 295 829 illi
314 779 387 830 esset
405 789 436 828 ιιι
456 763 568 828 coelum
585 763 772 840 transitus,r
830 787 876 824 um
896 781 976 826 nrum
995 768 1085 858 palam
1104 770 1135 828 in
1153 781 1229 829 terra
1246 791 1297 828 au·
1398 779 1399 850 ᾖ

166 847 266 928 spicari
286 845 384 906 voluit.
432 840 544 908 Fuisset
562 855 655 903 autem
673 838 788 902 ridicula
842 863 874 902 ec
893 861 1008 934 pompa,
1031 845 1086 904 mm'
1105 844 1296 926 respondisset

166 923 315 987 Zachariae
333 919 475 983 vaticinio.
519 921 561 978 Ut
579 918 630 978 sibi
648 917 759 1000 regium
779 917 918 978 honorem
935 919 1060 982 vindicet
1081 921 1224 996 Christus,
1248 944 1295 982 sn-

166 1023 226 1084 per·
245 999 353 1060 asinum
383 1019 400 1058 e
440 996 510 1056 'tans
539 993 765 1075 Hierosolymam
795 993 962 1076 ingreditur:
995 995 1159 1078 magnificus
1188 997 1296 1059 scilicet

165 1077 307 1160 splendor.
355 1019 448 1136 Add⁴¹¹
461 1072 538 1154 quod
560 1071 668 1132 asinum
691 1071 821 1150 precario
840 1069 975 1152 quispiam
998 1071 1037 1130 illi
1058 1073 1210 1132 concessit:
1241 1075 1296 1134 iam

166 1155 242 1236 quod
255 1151 398 1244 'ephippiis
418 1161 448 1210 et
466 1160 567 1208 ornatu
587 1159 677 1222 caret,
701 1157 734 1206 nt
751 1159 843 1208 vestes
867 1169 928 1210 suaa
950 1146 1065 1208 iniicere
1090 1161 1230 1286 copulatur
1252 1151 1296 1211 di·
1397 1161 1399 1192 ³

166 1229 272 1311 scipnh,
291 1240 380 1308 turpis
399 1244 432 1286 ac
451 1225 600 1306 pudendae
617 1221 730 1304 inopiae
748 1224 860 1306 signum
876 1235 927 1284 est.
960 1225 1102 1306 Magnum,
1133 1235 1223 1299 assor,
1243 1247 1297 1286 ρο,
1397 1239 1399 1264 i

165 1307 298 1382 mitatem
314 1325 408 1369 secum
427 1301 523 1362 trabit:
554 1301 603 1362 sed
622 1316 744 1381 quorum
762 1299 926 1362 hominum?
953 1319 1055 1380 nempe
1073 1297 1121 1390 qui
1140 1319 1174 1359 ex
1192 1300 1297 1362 vicinis
1397 1303 1399 1386 j

166 1383 378 1520 pfflmem
401 1389 625 1467 concurrerant..
656 1378 806 1438 Resonant
828 1375 934 1438 samue
957 1375 1177 1466 acclamationes:
1202 1377 1252 1436 sed
1276 1398 1296 1438 a

167 1481 186 1540 q
241 1460 245 1478 ¹
273 1505 280 1520 .
308 1476 445 1546 nempea
464 1451 648 1546 pauperculis,
668 1463 698 1512 et
717 1464 897 1533 contemptae
915 1452 1003 1546 plebis
1020 1451 1188 1512 hominibus.
1220 1452 1296 1514 Data

166 1533 254 1596 iit'at
277 1552 364 1624 opera
387 1533 476 1592 vadere
500 1529 594 1611 potuit
616 1542 689 1606 ¹seo
742 1528 749 1546 ⁸
821 1529 943 1590 ludibrio
969 1549 1119 1610 exponere.
1156 1527 1212 1588 Sed
1248 1527 1298 1588 uia

166 1555 224 1676 dio
241 1607 420 1672 coniunctim
439 1605 605 1689 agendailli
623 1550 810 1678 furrffiimdt
827 1606 1029 1666 documentum
1050 1605 1084 1664 ali
1123 1604 1160 1666 od
1177 1625 1227 1684 pra
1265 1625 1301 1665 e-

166 1699 211 1750 ret
230 1685 313 1770 regui
331 1685 388 1755 sui,
413 1695 442 1744 et
464 1685 581 1744 dooeret
603 1679 723 1743 terrenis
746 1679 871 1762 imperiis
895 1701 956 1741 non
980 1701 1081 1742 essee
1114 1701 1164 1756 ne,
1189 1680 1299 1740 necin
1348 1681 1353 1692 '

167 1763 277 1825 caducis
297 1761 394 1822 muudi
413 1760 493 1818 hrains
515 1758 616 1838 opibus
634 1756 733 1830 situm,
756 1755 825 1816 haec
843 1755 883 1814 illi
922 1777 1017 1817 rorsus
1038 1756 1161 1816 tenenda
1180 1755 1233 1816 fuit
1251 1778 1299 1817 ra-

166 1842 220 1902 tio.
256 1840 423 1918 Quanquam
442 1833 498 1894 hoc
516 1849 628 1912 quoqne
646 1831 771 1911 prohnis
796 1778 956 1892 hebudes
977 1831 1055 1892 sorte
1077 1832 1228 1912 insipidum
1250 1832 1300 1894 fo-

166 1929 225 1992 ret,
249 1915 303 1976 nisi
324 1911 413 1974 multo
436 1922 504 1972 aute
523 1919 640 1970 testatus
659 1905 757 1968 fuisset
776 1907 855 1966 Dens
874 1928 926 1986 per
943 1907 1115 1985 Prophetana
1134 1931 1229 1984 suarm,
1253 1922 1299 1970 ta-

166 1993 221 2054 lem
240 1991 303 2052 fore
321 2007 432 2070 regem,
456 1985 504 2064 qni
522 1985 557 2044 ad
580 1981 782 2042 restituendam
800 1981 902 2072 populi
926 1981 1041 2042 salntem
1064 1995 1202 2044 venturus
1226 1997 1297 2046 erat.

165 2073 258 2152 Ergo,
285 2087 322 2128 ne
343 2063 474 2142 impediat
497 2057 714 2138 contemptibilis
739 2059 843 2120 Christi
866 2057 988 2134 babitus,
1011 2059 1163 2138 quominus
1186 2061 1217 2120 in
1241 2063 1297 2123 boc

166 2143 325 2229 spectaculo
345 2159 489 2200 cmnmnus
508 2135 649 2218 spirituale
669 2134 727 2195 eius
745 2156 777 2194 re
798 2157 875 2210 naim,
895 2135 976 2194 uobis
995 2147 1060 2195 aute
1079 2134 1179 2197 oculos
1200 2148 1295 2200 verse-

98 2235 102 2242 '
165 2237 213 2286 tur
233 2217 379 2291 ,oraculum
404 2214 540 2290 coeleste,
564 2233 622 2294 quo
641 2211 720 2273 Deus
743 2155 846 2272 Filium
868 2234 949 2272 sunm
972 2211 1024 2272 sub
1047 2210 1094 2272 illa
1116 2212 1295 2275 deformitate

117 2319 144 2370 ¹,
165 2293 287 2362 mendici
303 2293 392 2376 magis
411 2301 574 2364 ornaverat,
596 2309 678 2368 quam
697 2287 721 2347 si
740 2287 851 2362 cunctis,
867 2309 968 2370 regum
987 2287 1143 2370 insignibus
1162 2289 1293 2372 fulgeret.
1385 2318 1389 2327 ·

164 2377 235 2440 Siue
253 2376 308 2436 hoc
326 2371 673 2458 condimentqonunquam
693 2363 762 2425 baec
780 2364 895 2427 historia
913 2363 997 2424 nobis
1015 2366 1115 2458 sapiet:
1137 2365 1200 2430 ideo
1220 2363 1295 2424 mul-

164 2451 382 2608 tumppouderis
405 2445 501 2510 subest
523 2443 618 2506 'verbu
642 2441 792 2514 Matthaei,
822 2463 907 2524 quum
932 2440 1016 2518 dicit,
1043 2441 1186 2522 impletum
1208 2441 1294 2502 fuisse

164 2531 223 2590 Pro
241 2540 326 2602 ‚‚etae
346 2523 498 2585 oraculum.
530 2519 606 2598 Quia
625 2519 700 2580 enim
719 2517 841 2594 videbat,
859 2517 920 2578 fieri
936 2519 983 2578 vix
998 2539 1091 2599 posse,
1110 2517 1293 2594 athenium,

113 2655 119 2665 ,
164 2603 214 2682 qui
237 2603 398 2680 opulentiae
423 2611 452 2658 et
475 2597 589 2688 pompis
611 2595 695 2661 rimis
720 2594 821 2656 addicti
846 2607 927 2671 sunt,
956 2593 1075 2686 propriq
1099 2595 1187 2655 caruis
1209 2615 1293 2680 scopu

164 2677 367 2768 quicqnam‘ex
384 2675 436 2732 bac
454 2673 569 2732 bistone
586 2673 772 2752 proficerent,
795 2693 812 2732 a
830 2671 907 2734 nudo
930 2691 974 2731 rer
996 2671 1100 2733 inturtlr
1117 2671 1152 2732 ad
1169 2669 1294 2753 prophe-

164 2764 222 2824 tiae
238 2749 493 2822 considerationem
513 2768 562 2808 eos
581 2749 711 2808 traducit
1302 2781 1305 2788 ·

238 2828 279 2888 2..
309 2827 358 2902 lte
381 2827 412 2881 in
435 2825 599 2894 camellum.
641 2823 744 2899 'Quum
768 2813 919 2884 bethaniae
941 2834 1026 2896 esset,
1046 2823 1152 2900 asinqm
1175 2821 1294 2885 minime

185 2899 296 2985 opos'cit
318 2899 352 2961 ad
375 2897 520 2958 levandam
543 2898 649 2960 itineris
668 2898 835 2960 molestiam:
864 2899 944 2962 facile
966 2900 1040 2958 enim
1064 2909 1125 2958 erat
1148 2898 1292 2960 residuum

163 2994 227 3046 ater
264 2977 361 3038 edibus
383 2973 534 3035 conficere.
583 2973 641 3034 Sed
660 2975 894 3054 quemadmodum
913 2995 1009 3038 currus
1027 2995 1094 3035 suos
1113 2993 1196 3056 reges
1217 2994 1291 3034 cou-

163 3001 315 3132 seeqahrnt,
341 3051 415 3114 unde
434 3049 578 3131 conspicui
598 3050 753 3124 emineant,
776 3053 815 3114 ita
834 3053 930 3136 populi
947 3050 1044 3114 oculos
1067 3051 1146 3110 inse
1166 3070 1292 3114 conver-

163 3147 224 3196 tere
242 3119 332 3198 uoluit
349 3127 504 3202 Dominus,
527 3138 558 3186 et
579 3120 672 3206 aliquo
697 3127 800 3190 indicio
819 3142 891 3192 ratas
909 3130 1001 3190 facere
1019 3125 1153 3189 comitum
1171 3147 1292 3190 suorum

163 3211 388 3281 acclamationes,
411 3225 449 3265 ne
472 3203 533 3285 quis
555 3203 630 3285 regis
654 3203 791 3267 bonorem
816 3206 906 3267 invito
929 3203 1015 3266 tribui
1041 3215 1159 3286 putaret.
1204 3205 1292 3266 Unde

162 3286 266 3348 asinam
283 3285 390 3349 iusserit
407 3281 506 3345 adduci
524 3279 662 3341 incertum
681 3293 738 3360 est,
760 3283 814 3344 nisi
832 3284 908 3363 quod
927 3282 1007 3344 facile
1026 3281 1087 3342 coll'
1110 3281 1179 3356 itur,
1205 3279 1292 3344 fuisse

162 3361 282 3442 aliquem
301 3385 402 3446 pagum
422 3357 623 3429 suburbanumt
646 3379 712 3420 nam
735 3360 882 3435 ridiculum
905 3373 962 3437 cst,
983 3358 1058 3440 quod
1079 3301 1233 3441 hilcgorice
1254 3359 1291 3418 de

163 3439 363 3518 Hierosolyma
392 3437 502 3518 quidam
530 3448 683 3516 exponunt.
740 3431 835 3498 Nihilo
860 3437 944 3497 etiam
968 3435 1125 3517 aptior‘est
1147 3433 1290 3518 allegoria,

87 3529 90 3537 ’
183 3535 245 3574 ιιιιιι
268 3513 447 3574 ιιοιιιιιιΙΙί’ἰιι
470 3508 545 3574 asina
569 3523 600 3576 et
644 3509 701 3573 ullo
725 3513 875 3574 excudunt
924 3514 1038 3586 Asinam
1062 3510 1159 3594 populi
1184 3511 1290 3570 Iudaici
1396 3537 1397 3588 3

203 3611 280 3650 uram
300 3607 360 3648 esse
379 3589 489 3664 volunt,
509 3588 556 3670 qui
575 3535 683 3668 pridem
701 3588 831 3662 subactus
850 3601 880 3650 et
897 3589 965 3672 iugo
979 3591 1065 3672 Legis
1083 3597 1207 3648 astrictus
1221 3599 1289 3647 erat.
1396 3607 1397 3622 ¹

195 3665 293 3730 entilcs
315 3675 408 3744 antem
431 3665 617 3744 representari
642 3685 694 3747 per
718 3665 839 3744 pullum,
866 3663 913 3747 qui
933 3687 967 3731 eu
989 3687 1033 3728 ers
1052 3663 1168 3724 sessoris
1188 3664 1285 3742 fuerat

164 3739 309 3821 Christum
329 3762 398 3824 ergo
420 3741 510 3802 asinae
533 3739 654 3822 primum
677 3741 823 3813 insedisse,
849 3741 913 3822 qnia
933 3765 949 3804 a
967 3689 1076 3804 iudaeis
1095 3737 1219 3822 incipere
1235 3739 1286 3808 ,de-

159 3823 235 3886 buit:
255 3831 352 3902 postea
374 3817 501 3878 transisse
519 3817 553 3876 ad
572 3818 689 3900 pullum,
707 3817 774 3898 quia
785 3817 927 3880 Gentibus
940 3819 1054 3901 q'udque
1072 3817 1196 3878 seeundo
1217 3815 1279 3877 loc'o
1364 3877 1374 3886 ,

161 3899 324 3984 praefectus
337 3906 406 3958 erat.
462 3895 501 3954 Et
516 3895 677 3956 Matthaeus
693 3895 804 3974 quidem
823 3895 948 3972 udatur,
963 3907 1122 3974 utramque
1133 3892 1285 3974 equitatio·

161 3997 225 4036 uem
245 3987 356 4035 notare.
385 3970 444 4032 Sed
462 3993 547 4064 quum
567 3969 730 4054 frequentes
750 3972 909 4052 synecdocb
928 3995 944 4054 e
962 3973 992 4032 iu
1013 3969 1166 4052 scripturis
1185 3991 1285 4051 occur7

159 4063 233 4124 rant,
253 4052 321 4111 nihil
339 4049 440 4108 mirum
459 4071 482 4109 sr
501 4068 553 4128 pro
575 4069 633 4106 uuo
652 4049 721 4107 duos
740 4044 876 4109 nominat
905 3995 1058 4112 &aeterum
1073 4068 1108 4106 ex
1121 4045 1178 4106 aliis
1192 4047 1283 4104 Evau-

97 4149 100 4154 ·
158 4123 263 4206 gelistis
280 4126 386 4207 liquido
406 4134 530 4194 constat,
549 4122 692 4182 Christum
710 4126 821 4186 nonnisi
840 4125 917 4207 pullo
936 4149 1017 4188 nsum
1036 4145 1107 4186 esse.
1146 4125 1184 4184 Et
1202 4121 1284 4180 dubi-

156 4201 290 4280 tationem
304 4203 404 4278 ¹euimit
421 4195 563 4278 Zacharias
582 4197 625 4273 (9,
642 4198 699 4273 a),
724 4200 774 4278 qui
791 4222 842 4280 pro
862 4201 988 4268 familiari
1008 4203 1120 4284 linguae
1139 4197 1283 4267 hebraicae

156 4293 284 4342 usuram
303 4277 418 4344 eandem
438 4268 480 4336 bis
498 4271 608 4352 repetit.
642 4273 759 4336 Statim
777 4279 941 4340 inseruistis.
977 4279 1023 4338 Ne
1035 4275 1111 4358 ,quid
1131 4271 1280 4358 discipulos
1395 4325 1396 4332 ,

156 4358 289 4418 moretur,
310 4351 456 4434 quominus
475 4349 508 4408 ad
523 4347 687 4426 obsequium
706 4363 817 4436 praesto
835 4354 906 4435 sint,
919 4354 1059 4437 Domiups
1072 4365 1181 4430 mature
1196 4369 1280 4434 quaer
