2796 4774
432 213 512 292 (lau.
550 211 598 275 De
617 211 718 276 ordine
737 163 944 291 conteram.)
1213 215 1249 276 37

117 366 355 449 quicumquae
377 363 467 428 iube
488 385 506 428 e
528 365 684 430 mandatur.
728 365 822 428 Porro
846 385 883 430 m
907 365 974 449 ipsis
996 361 1157 430 sectoribus
1180 379 1250 425 con·
1285 438 1288 445 Ι

116 443 193 506 sulto
214 441 286 506 illuc
310 443 443 506 deductus
468 385 556 504 inerit
576 441 766 525 'hydropicus,
791 443 932 508 incertum
955 453 1007 506 est.
1046 442 1134 512 Certe
1158 461 1261 520 neque

117 519 243 582 fortuito
271 540 422 582 occurrere
445 520 539 602 potuit
561 520 596 582 ad
618 539 757 594 mensam,
780 541 835 584 uec
854 539 1041 604 prorumpere
1063 518 1093 580 in
1112 516 1250 600 priuatam

118 593 253 670 domum,
281 595 334 657 uisi
356 595 490 675 permissu
514 595 622 659 domini
648 617 681 656 sc
704 595 858 658 voluntate.
902 597 1001 674 Quare
1023 591 1174 658 verisimile
1197 603 1249 668 est,

112 673 249 738 ,tentandi
268 672 371 736 cursu
390 694 470 734 causa
488 671 622 734 insidiose
641 671 698 732 illic
717 673 805 736 fuisse
823 667 959 750 rotatum,
978 673 1057 766 quod
1074 681 1170 733 tamen
1188 691 1249 730 uon

119 749 215 810 miuus
236 747 322 830 stulte
343 769 427 831 quam
448 749 580 832 improbe
602 747 637 810 ab
660 747 714 810 iliis
733 747 840 812 iactmn
865 763 921 824 est',
945 771 1009 832 qma
1031 749 1086 810 iam
1108 758 1176 808 aute
1199 767 1248 808 ex-

116 826 195 963 pserti
212 824 337 918 inerant,
356 826 423 907 quid
442 825 572 890 Christum
592 825 686 887 iacere
705 824 825 902 soleret,
847 826 960 910 quoties
978 823 1072 888 oblata
1091 833 1154 886 erat
1171 821 1248 886 situi-

175 921 295 964 oecasro.

79 1051 83 1060 .
192 979 263 1040 Luc'.
272 982 301 1040 3.
324 979 482 1058 Numquid
491 980 561 1038 iicet
572 975 705 1038 Sateaao
716 983 847 1040 sonore?
874 980 941 1040 Huc
954 977 1048 1040 tendit
1061 975 1196 1058 quaestio,
1204 995 1248 1036 «an

116 1055 239 1118 bominis
259 1055 368 1116 sanatio
386 1056 465 1117 inter
487 1075 589 1141 opera,
608 1075 679 1146 quae
698 1055 854 1116 Sabbatum
872 1052 990 1190 violanq
1009 1053 1120 1116 censeri
1136 1053 1246 1114 debeat.

19 1145 20 1148 ’
116 1131 150 1193 Si
174 1132 321 1207 dixissent,
345 1131 462 1196 Sabbati
486 1151 505 1192 o
542 1138 717 1200 errationem
738 1130 796 1192 hoc
819 1131 906 1192 modo
930 1130 1043 1204 rioari,
1065 1129 1095 1189 in
1133 1140 1249 1208 romptu

117 1219 181 1278 erat
197 1205 337 1300 exceptis),
356 1197 563 1271 essedivinurir
584 1227 674 1289 opusc
693 1206 784 1287 Atqui
803 1227 864 1267 uon
882 1205 956 1266 atiud
975 1151 1248 1288 conductimsab-

115 1285 192 1358 bati,
215 1285 270 1346 uisr
292 1295 326 1345 ut
347 1285 479 1346 homines
502 1305 519 1346 a
542 1283 598 1344 suis
621 1303 642 1344 o
662 1282 755 1344 eribus
774 1283 928 1364 quiescant.
968 1278 1058 1357 Quod
1081 1292 1176 1342 autem
1198 1299 1248 1345 eos

116 1361 250 1424 Christus
272 1361 350 1451 prius
374 1361 550 1444 interrogat,
576 1359 605 1420 id
629 1303 697 1420 deit
724 1361 943 1422 antevertendae
965 1356 1134 1418 offensionis
1158 1361 1253 1416 causa.⁸

114 1439 176 1499 Per
196 1457 261 1499 eum
282 1433 369 1520 agitur
387 1459 448 1497 non
468 1436 554 1511 stetit,
575 1435 727 1520 quominus
747 1457 796 1498 eos
808 1433 941 1520 placaret,
960 1434 1014 1496 nisi
1033 1433 1174 1494 obstinata
1186 1451 1247 1491 ma-

114 1512 177 1574 litia
205 1513 327 1574 fuissent
352 1513 461 1573 imbuti.
504 1515 573 1574 Non
597 1514 674 1592 quod
700 1535 813 1595 semper
839 1511 891 1574 hac
914 1511 980 1598 lege
1007 1531 1038 1572 se
1064 1507 1249 1571 obstrinxerit

19 1637 21 1650 .
116 1591 199 1670 (uam
217 1612 263 1656 sae
285 1589 478 1671 eposthabito
496 1589 627 1652 seandalo
645 1590 765 1673 peregit
785 1589 861 1670 qued
879 1589 932 1650 sibi
951 1611 967 1649 a
984 1589 1069 1649 Patre
1086 1586 1249 1646 mandatum

116 1667 203 1743 erat),
222 1611 282 1729 sei
291 1663 348 1728 hoc
368 1666 496 1748 exemplo
518 1664 738 1741 docerevoluit,
757 1685 789 1726 se
806 1687 868 1728 non
886 1677 996 1727 temere
1014 1661 1143 1726 Sabbatis
1163 1662 1248 1724 edere

116 1742 265 1818 miracula,
289 1743 353 1824 quia
375 1743 515 1804 rationem
533 1741 601 1814 iacti
621 1741 664 1803 sui
686 1753 798 1824 paratus
818 1753 893 1804 esset
910 1741 1038 1804 reddere.
1077 1739 1136 1822 Ipsi
1153 1749 1248 1798 autern

114 1820 230 1882 silentio
240 1839 292 1880 suo
307 1821 511 1895 demonstrant,
530 1839 664 1880 scansam
673 1817 901 1902 reprehensionis
917 1817 1005 1902 magis
1024 1828 1145 1898 captare,
1203 1833 1247 1872 am

96 1967 99 1972 Δ
114 1896 198 1988 legis·
207 1896 300 1957 studio
320 1896 442 1958 moverit
461 1897 527 1958 ideo
546 1917 648 1975 susque
667 1895 759 1976 deque
776 1895 862 1957 babet
873 1893 1097 1973 Christus,‹quid
1115 1893 1151 1954 de
1165 1835 1252 1975 iimo

19 2023 20 2028 1
115 1993 170 2035 suo
188 1973 324 2046 iudicent,
343 1974 406 2054 qrria
424 1984 511 2054 patet,
524 1991 581 2056 eos
599 1983 702 2053 sponte
721 1970 775 2034 sibi
793 1993 935 2034 arcessere
954 1967 1122 2038 scandalum.

154 2105 156 2108 .
194 2052 222 2114 6.
262 2052 356 2109 Cuius
373 2063 506 2110 oestrum
524 2053 629 2108 asinus
647 2061 703 2110 etc.
742 2048 912 2131 Quanquam
930 2047 1040 2131 indigni
1057 2055 1138 2107 erant
1173 2059 1247 2125 ‹puo-

114 2145 182 2188 rmn
206 2123 334 2186 offensae
355 2125 464 2187 mederi
482 2125 612 2189 Christus
638 2125 777 2200 studeret,
802 2125 928 2188 ostendit
950 2136 1060 2198 tamen,
1083 2087 1154 2182 nihii
1176 2140 1193 2180 a
1216 2139 1248 2179 se

115 2213 219 2263 contra
235 2201 359 2263 sabbati
371 2202 601 2264 observationem
624 2200 710 2262 fuisse
734 2203 931 2262 commissum.'
958 2200 1135 2278 'Quanquam
1156 2195 1186 2256 id
1204 2193 1247 2253 ia-

115 2279 156 2340 cit
174 2297 236 2339 nou
256 2290 315 2340 tam
334 2279 456 2340 docendi
476 2277 611 2346 consilio,
635 2297 719 2356 quam
743 2287 776 2336 ut
794 2299 824 2338 sc
841 2277 878 2336 ab
899 2271 1163 2336 eorum'calmnniis
1184 2271 1248 2330 virr-

114 2354 337 2416 dicet:·sciebat
356 2355 446 2428 euim,
469 2353 614 2428 virulento
635 2352 702 2411 odio
719 2352 809 2432 magis
829 2371 891 2412 esse
910 2359 1092 2420 excaecatos,
1115 2361 1199 2424 quam
1217 2355 1250 2416 ut

20 2463 21 2466 ¹
113 2453 147 2494 se
164 2431 272 2500 radoni
290 2429 395 2491 dociles
413 2429 595 2510 praeberent,
613 2427 662 2486 sed
680 2423 773 2486 voluit
792 2427 828 2486 de
847 2445 947 2485 eorum
960 2421 1065 2482 malitia
1076 2418 1249 2501 triumphum

19 2559 20 2570 ,
111 2529 218 2590 agere,
241 2507 309 2567 dum
322 2506 444 2586 pudore
469 2501 666 2562 obmutescere
691 2501 795 2591 coegit
832 2501 907 2560 Nam
926 2499 950 2560 si
974 2497 1066 2558 brutis
1087 2495 1267 2572 animalibus,

19 2575 21 2640 i
111 2579 251 2643 auxilium
271 2579 340 2639 lieet
362 2578 441 2640 ferre
463 2577 508 2638 die
528 2575 657 2651 sabbati,
681 2573 792 2636 homini
815 2576 849 2638 ad
872 2575 1024 2660 imaginem
1046 2575 1103 2638 Dei
1125 2573 1248 2640 tornum

19 2641 21 2690 3
66 2687 69 2694 ⁴
112 2678 180 2720 nou
198 2653 365 2720 tantundem
382 2652 517 2736 praestari
536 2650 632 2729 officii,
650 2651 733 2714 nimis
751 2652 967 2740 indignumnest.

155 2947 157 2950 .
184 2885 284 2968 (120.)
303 2881 404 2952 LUG.
419 2881 505 2950 XIV.
534 2883 563 2950 7.
575 2881 713 2950 Dicebat
723 2893 825 2950 auten
838 2883 879 2952 ed
890 2883 1040 2949 invitatos
1050 2863 1247 2970 parabolam,
1269 2967 1272 2974 .
1317 2908 1319 2921 ·

113 2989 300 3068 intendens,
329 2985 497 3074 quomodo
524 2987 647 3074 primos
678 2985 843 3052 accubitus
869 2985 1037 3072 eligerent,
1068 2984 1179 3049 dicens
1205 2979 1249 3046 ad
1308 3009 1309 3018 ¹
1344 3071 1348 3074 ,

115 3093 207 3160 illes:
247 3092 277 3157 8.
300 3090 411 3177 Quum
431 3092 582 3158 invitatus
603 3089 702 3154 fueris
725 3087 765 3156 ab
788 3087 896 3176 aliquo
918 3087 960 3152 ad
981 3085 1118 3174 nuptias,
1139 3105 1181 3148 ne
1198 3103 1249 3149 ac·
1274 3170 1279 3179 x

116 3194 249 3261 cumbas
270 3195 310 3276 iu',
325 3196 431 3284 primo
454 3181 619 3273 aceubitu,
640 3190 788 3257 neforto
809 3186 1000 3256 honoratior
1021 3200 1054 3254 te
1075 3191 1117 3253 sit
1136 3187 1249 3252 invita-

116 3309 168 3363 tus
190 3296 231 3362 ab
254 3295 322 3362 illo.
364 3299 395 3363 9.
424 3297 466 3360 Et
486 3297 618 3362 verricus
640 3296 684 3372 is,
707 3295 816 3380 quite
838 3303 870 3360 et
890 3292 980 3358 ilium
1002 3293 1143 3370 vocavit,
1166 3287 1251 3356 dicat

116 3399 189 3478 tibi,
216 3393 269 3464 D'a
288 3397 366 3462 huie
386 3397 507 3463 locum:
535 3409 663 3464 estune
684 3398 818 3482 incipias
839 3417 912 3462 cmn
933 3393 1055 3460 rubore
1077 3399 1251 3486 extremum

117 3502 225 3568 locum
247 3509 365 3566 tencre.
410 3499 460 3566 10.
489 3502 579 3588 Quin
604 3503 713 3588 potius
740 3520 837 3588 quum
864 3508 998 3564 vocatus
1019 3497 1131 3576 fereris,
1158 3493 1250 3572 vade,

117 3601 271 3670 accumbe
291 3606 325 3685 iu
344 3606 522 3670 novissimo
543 3603 632 3669 loeo:
660 3613 696 3668 ut
721 3623 819 3688 quum
840 3603 976 3680 venerit,
1003 3603 1059 3690 qui
1086 3611 1117 3668 te
1138 3601 1251 3667 iuvita·
1354 3583 1378 3598 x

117 3710 177 3786 vit,
200 3704 284 3771 dieat
303 3704 376 3788 tibi,
398 3707 517 3787 Amice,
538 3704 678 3772 ascende
700 3708 860 3792 superius:
888 3716 966 3778 tune
987 3709 1047 3772 erit
1067 3704 1126 3772 tibi
1148 3701 1252 3787 gloria

118 3829 229 3876 ceram
248 3807 343 3874 simui
364 3807 647 3880 discumbentibus.
693 3807 743 3872 ll'.
767 3807 855 3893 Quia
877 3810 997 3889 omnis,
1018 3809 1075 3896 qui
1096 3827 1131 3871 se
1153 3799 1254 3894 ertolf

117 3913 163 3993 lit,
185 3911 362 3977 deiicietur:
390 3923 421 3978 et
442 3913 499 3998 qui
520 3933 556 3978 se
578 3911 700 3990 deiieit,
728 3905 904 3986 citellctur.
948 3913 999 3980 la.
1027 3906 1167 3978 Dicebat
1195 3925 1253 3968 eu·

118 4029 182 4083 tem
205 4017 298 4080 etiam
319 4017 363 4094 ei,
392 4037 497 4102 aquo
520 4015 624 4080 fuerat
644 4016 810 4094 invitatus,
838 4015 948 4102 Quum
977 4013 1055 4075 facis
1081 4005 1252 4095 prandimn

119 4115 338 4195 aut‘cocnam,
360 4135 402 4183 ne
423 4139 520 4183 voces
542 4119 661 4183 amicos
683 4127 767 4195 tuos,
789 4140 893 4208 neque
909 4116 1022 4206 iratres
1044 4121 1126 4188 tues,
1147 4129 1254 4196 neque

121 4231 278 4307 cognatos
298 4229 383 4300 tuos,
404 4242 510 4306 ueque
530 4223 655 4286 vicinos
678 4219 803 4297 divites,
825 4242 866 4284 ne
888 4209 1018 4302 quaudo
1040 4213 1102 4296 ipsi
1123 4233 1255 4306 quoque

122 4325 325 4392 vicissim-te
341 4324 487 4404 invitent,
512 4345 550 4390 ee
568 4320 762 4439 rependatur
782 4320 842 4386 tibi
862 4309 1064 4392 beneficium.
1107 4315 1160 4384 la.
1186 4317 1255 4381 ime
