<?xml version="1.0" encoding="UTF-8"?>
<!DOCTYPE html PUBLIC "-//W3C//DTD XHTML 1.0 Transitional//EN"
    "http://www.w3.org/TR/xhtml1/DTD/xhtml1-transitional.dtd">
<html xmlns="http://www.w3.org/1999/xhtml" xml:lang="en" lang="en">
 <head>
  <title>
</title>
<meta http-equiv="Content-Type" content="text/html;charset=utf-8" />
  <meta name='ocr-system' content='tesseract 3.04.00' />
  <meta name='ocr-capabilities' content='ocr_page ocr_carea ocr_par ocr_line ocrx_word'/>
</head>
<body>
  <div class='ocr_page' id='page_1' title='image "./novumtestamentu00calvgoog_0269.png"; bbox 0 0 2830 4772; ppageno 0'>
   <div class='ocr_carea' id='block_1_1' title="bbox 183 217 870 306">
    <p class='ocr_par' dir='ltr' id='par_1_1' title="bbox 183 217 870 306">
     <span class='ocr_line' id='line_1_1' title="bbox 183 217 870 306; baseline -0.003 -12"><span class='ocrx_word' id='word_1_1' title='bbox 183 239 243 306; x_wconf 66' lang='lat' dir='ltr'><strong>m</strong></span> <span class='ocrx_word' id='word_1_2' title='bbox 495 269 498 280; x_wconf 85' lang='lat'>-</span> <span class='ocrx_word' id='word_1_3' title='bbox 544 217 548 226; x_wconf 89' lang='lat'>&#39;</span> <span class='ocrx_word' id='word_1_4' title='bbox 612 229 870 294; x_wconf 51' lang='lat' dir='ltr'><strong>smmum.</strong></span> 
     </span>
    </p>
   </div>
   <div class='ocr_carea' id='block_1_2' title="bbox 182 377 1316 984">
    <p class='ocr_par' dir='ltr' id='par_1_2' title="bbox 182 377 1316 984">
     <span class='ocr_line' id='line_1_2' title="bbox 183 377 1316 468; baseline -0.002 -12"><span class='ocrx_word' id='word_1_5' title='bbox 183 411 244 458; x_wconf 78' lang='lat' dir='ltr'><strong>voe</strong></span> <span class='ocrx_word' id='word_1_6' title='bbox 265 385 366 456; x_wconf 73' lang='lat' dir='ltr'><strong>tatto:</strong></span> <span class='ocrx_word' id='word_1_7' title='bbox 413 385 445 450; x_wconf 87' lang='lat' dir='ltr'><strong>o.</strong></span> <span class='ocrx_word' id='word_1_8' title='bbox 477 377 575 451; x_wconf 77' lang='lat' dir='ltr'><strong>Multi</strong></span> <span class='ocrx_word' id='word_1_9' title='bbox 597 383 682 452; x_wconf 78' lang='lat' dir='ltr'><strong>enlm</strong></span> <span class='ocrx_word' id='word_1_10' title='bbox 702 385 885 450; x_wconf 79' lang='lat' dir='ltr'><strong>venientia</strong></span> <span class='ocrx_word' id='word_1_11' title='bbox 906 385 1037 453; x_wconf 83' lang='lat' dir='ltr'><strong>nomino</strong></span> <span class='ocrx_word' id='word_1_12' title='bbox 1056 407 1143 468; x_wconf 88' lang='lat' dir='ltr'><strong>meo,</strong></span> <span class='ocrx_word' id='word_1_13' title='bbox 1164 385 1316 468; x_wconf 87' lang='lat' dir='ltr'><strong>dicentes,</strong></span> 
     </span>
     <span class='ocr_line' id='line_1_3' title="bbox 182 485 1315 578; baseline -0.002 -20"><span class='ocrx_word' id='word_1_14' title='bbox 182 495 255 578; x_wconf 78' lang='lat' dir='ltr'><strong>Ego</strong></span> <span class='ocrx_word' id='word_1_15' title='bbox 277 511 347 558; x_wconf 90' lang='lat' dir='ltr'><strong>sum</strong></span> <span class='ocrx_word' id='word_1_16' title='bbox 359 486 518 555; x_wconf 85' lang='lat' dir='ltr'><strong>Christus:</strong></span> <span class='ocrx_word' id='word_1_17' title='bbox 539 486 723 576; x_wconf 87' lang='lat' dir='ltr'><strong>multosque</strong></span> <span class='ocrx_word' id='word_1_18' title='bbox 745 485 911 574; x_wconf 78' lang='lat' dir='ltr'><strong>decipient.</strong></span> <span class='ocrx_word' id='word_1_19' title='bbox 955 487 986 554; x_wconf 83' lang='grc'><strong>’1.</strong></span> <span class='ocrx_word' id='word_1_20' title='bbox 1010 488 1120 577; x_wconf 84' lang='lat' dir='ltr'><strong>Quum</strong></span> <span class='ocrx_word' id='word_1_21' title='bbox 1140 499 1244 556; x_wconf 87' lang='lat' dir='ltr'><strong>autem</strong></span> <span class='ocrx_word' id='word_1_22' title='bbox 1259 512 1315 556; x_wconf 87' lang='lat' dir='ltr'><strong>au·</strong></span> 
     </span>
     <span class='ocr_line' id='line_1_4' title="bbox 184 587 1315 680; baseline -0.004 -18"><span class='ocrx_word' id='word_1_23' title='bbox 184 593 308 662; x_wconf 86' lang='lat' dir='ltr'><strong>dieritis</strong></span> <span class='ocrx_word' id='word_1_24' title='bbox 333 589 421 656; x_wconf 85' lang='lat' dir='ltr'><strong>bella</strong></span> <span class='ocrx_word' id='word_1_25' title='bbox 453 599 486 656; x_wconf 91' lang='lat' dir='ltr'><strong>et</strong></span> <span class='ocrx_word' id='word_1_26' title='bbox 510 609 656 658; x_wconf 87' lang='lat' dir='ltr'><strong>rumores</strong></span> <span class='ocrx_word' id='word_1_27' title='bbox 682 587 860 668; x_wconf 88' lang='lat' dir='ltr'><strong>bellorum,</strong></span> <span class='ocrx_word' id='word_1_28' title='bbox 890 608 932 656; x_wconf 89' lang='lat' dir='ltr'><strong>oe</strong></span> <span class='ocrx_word' id='word_1_29' title='bbox 959 587 1144 661; x_wconf 76' lang='lat' dir='ltr'><strong>turbemini:</strong></span> <span class='ocrx_word' id='word_1_30' title='bbox 1188 602 1315 680; x_wconf 89' lang='lat' dir='ltr'><strong>oportet</strong></span> 
     </span>
     <span class='ocr_line' id='line_1_5' title="bbox 185 683 1316 780; baseline -0.003 -17"><span class='ocrx_word' id='word_1_31' title='bbox 185 699 268 764; x_wconf 76' lang='lat' dir='ltr'><strong>enirn</strong></span> <span class='ocrx_word' id='word_1_32' title='bbox 286 693 375 760; x_wconf 74' lang='lat' dir='ltr'><strong>lieris</strong></span> <span class='ocrx_word' id='word_1_33' title='bbox 407 701 441 758; x_wconf 87' lang='lat' dir='ltr'><strong>at</strong></span> <span class='ocrx_word' id='word_1_34' title='bbox 460 689 605 758; x_wconf 89' lang='lat' dir='ltr'><strong>nundum</strong></span> <span class='ocrx_word' id='word_1_35' title='bbox 627 689 779 758; x_wconf 84' lang='lat' dir='ltr'><strong>cattinis.</strong></span> <span class='ocrx_word' id='word_1_36' title='bbox 821 690 852 755; x_wconf 83' lang='grc'><strong>8.</strong></span> <span class='ocrx_word' id='word_1_37' title='bbox 881 683 1033 778; x_wconf 81' lang='lat' dir='ltr'><strong>insurget</strong></span> <span class='ocrx_word' id='word_1_38' title='bbox 1054 697 1139 760; x_wconf 89' lang='lat' dir='ltr'><strong>enim</strong></span> <span class='ocrx_word' id='word_1_39' title='bbox 1160 713 1238 780; x_wconf 88' lang='lat' dir='ltr'><strong>gens</strong></span> <span class='ocrx_word' id='word_1_40' title='bbox 1259 691 1316 760; x_wconf 87' lang='lat' dir='ltr'><strong>ad·</strong></span> 
     </span>
     <span class='ocr_line' id='line_1_6' title="bbox 185 791 1314 886; baseline -0.003 -21"><span class='ocrx_word' id='word_1_41' title='bbox 185 797 296 866; x_wconf 83' lang='lat' dir='ltr'><strong>versus</strong></span> <span class='ocrx_word' id='word_1_42' title='bbox 318 804 451 886; x_wconf 78' lang='lat' dir='ltr'><strong>gentem,</strong></span> <span class='ocrx_word' id='word_1_43' title='bbox 473 803 504 861; x_wconf 90' lang='lat' dir='ltr'><strong>et</strong></span> <span class='ocrx_word' id='word_1_44' title='bbox 525 813 658 880; x_wconf 89' lang='lat' dir='ltr'><strong>regnum</strong></span> <span class='ocrx_word' id='word_1_45' title='bbox 678 791 832 860; x_wconf 85' lang='lat' dir='ltr'><strong>adversus</strong></span> <span class='ocrx_word' id='word_1_46' title='bbox 852 813 1000 878; x_wconf 85' lang='lat' dir='ltr'><strong>regnum:</strong></span> <span class='ocrx_word' id='word_1_47' title='bbox 1045 805 1078 862; x_wconf 88' lang='lat' dir='ltr'><strong>et</strong></span> <span class='ocrx_word' id='word_1_48' title='bbox 1099 805 1191 862; x_wconf 89' lang='lat' dir='ltr'><strong>erunt</strong></span> <span class='ocrx_word' id='word_1_49' title='bbox 1211 807 1314 862; x_wconf 86' lang='lat' dir='ltr'><strong>terrae</strong></span> 
     </span>
     <span class='ocr_line' id='line_1_7' title="bbox 184 887 1315 984; baseline -0.001 -17"><span class='ocrx_word' id='word_1_50' title='bbox 184 887 291 974; x_wconf 81' lang='lat' dir='ltr'><strong>motus</strong></span> <span class='ocrx_word' id='word_1_51' title='bbox 312 901 347 966; x_wconf 91' lang='lat' dir='ltr'><strong>in</strong></span> <span class='ocrx_word' id='word_1_52' title='bbox 368 895 503 984; x_wconf 84' lang='lat' dir='ltr'><strong>singulis</strong></span> <span class='ocrx_word' id='word_1_53' title='bbox 525 895 616 978; x_wconf 86' lang='lat' dir='ltr'><strong>locis,</strong></span> <span class='ocrx_word' id='word_1_54' title='bbox 636 905 668 964; x_wconf 90' lang='lat' dir='ltr'><strong>et</strong></span> <span class='ocrx_word' id='word_1_55' title='bbox 689 904 783 962; x_wconf 89' lang='lat' dir='ltr'><strong>erunt</strong></span> <span class='ocrx_word' id='word_1_56' title='bbox 803 893 901 962; x_wconf 83' lang='lat' dir='ltr'><strong>lamet</strong></span> <span class='ocrx_word' id='word_1_57' title='bbox 922 915 960 961; x_wconf 88' lang='lat' dir='ltr'><strong>ao</strong></span> <span class='ocrx_word' id='word_1_58' title='bbox 981 895 1199 967; x_wconf 85' lang='lat' dir='ltr'><strong>turbationes:</strong></span> <span class='ocrx_word' id='word_1_59' title='bbox 1224 901 1315 969; x_wconf 88' lang='lat' dir='ltr'><strong>initia</strong></span> 
     </span>
    </p>
   </div>
   <div class='ocr_carea' id='block_1_3' title="bbox 185 1001 445 1074">
    <p class='ocr_par' dir='ltr' id='par_1_3' title="bbox 185 1001 445 1074">
     <span class='ocr_line' id='line_1_8' title="bbox 185 1001 445 1074; baseline -0.019 -2"><span class='ocrx_word' id='word_1_60' title='bbox 185 1001 337 1074; x_wconf 88' lang='lat' dir='ltr'><strong>dolorum</strong></span> <span class='ocrx_word' id='word_1_61' title='bbox 357 1001 445 1070; x_wconf 83' lang='lat' dir='ltr'><strong>haec.</strong></span> 
     </span>
    </p>
   </div>
   <div class='ocr_carea' id='block_1_4' title="bbox 131 1144 1400 2594">
    <p class='ocr_par' dir='ltr' id='par_1_4' title="bbox 270 1144 1314 1260">
     <span class='ocr_line' id='line_1_9' title="bbox 270 1144 1314 1260; baseline -0.005 -19"><span class='ocrx_word' id='word_1_62' title='bbox 270 1169 373 1241; x_wconf 79' lang='lat' dir='ltr'><strong>nuc.</strong></span> <span class='ocrx_word' id='word_1_63' title='bbox 394 1171 476 1238; x_wconf 86' lang='lat' dir='ltr'><strong>xxr.</strong></span> <span class='ocrx_word' id='word_1_64' title='bbox 515 1167 571 1234; x_wconf 78' lang='lat'><strong>.5‚</strong></span> <span class='ocrx_word' id='word_1_65' title='bbox 593 1144 654 1236; x_wconf 78' lang='lat' dir='ltr'><strong>&#39;ar</strong></span> <span class='ocrx_word' id='word_1_66' title='bbox 684 1166 876 1255; x_wconf 58' lang='lat' dir='ltr'><strong>quamtum</strong></span> <span class='ocrx_word' id='word_1_67' title='bbox 910 1153 1088 1236; x_wconf 69' lang='lat' dir='ltr'><strong>arcuum·</strong></span> <span class='ocrx_word' id='word_1_68' title='bbox 1115 1167 1156 1236; x_wconf 70' lang='lat' dir='ltr'><strong>ae</strong></span> <span class='ocrx_word' id='word_1_69' title='bbox 1183 1169 1314 1260; x_wconf 79' lang='lat' dir='ltr'><strong>tempto,</strong></span> 
     </span>
    </p>

    <p class='ocr_par' dir='ltr' id='par_1_5' title="bbox 131 1267 1390 2178">
     <span class='ocr_line' id='line_1_10' title="bbox 131 1267 1390 1366; baseline -0.005 -22"><span class='ocrx_word' id='word_1_70' title='bbox 131 1339 147 1362; x_wconf 75' lang='grc'><strong><em>,</em></strong></span> <span class='ocrx_word' id='word_1_71' title='bbox 187 1275 278 1366; x_wconf 87' lang='lat' dir='ltr'><strong>qued</strong></span> <span class='ocrx_word' id='word_1_72' title='bbox 299 1274 420 1364; x_wconf 87' lang='lat' dir='ltr'><strong>pulcris</strong></span> <span class='ocrx_word' id='word_1_73' title='bbox 442 1267 603 1360; x_wconf 74' lang='lat' dir='ltr'><strong>lapidibus</strong></span> <span class='ocrx_word' id='word_1_74' title='bbox 626 1269 779 1339; x_wconf 80' lang='lat' dir='ltr'><strong>audonis</strong></span> <span class='ocrx_word' id='word_1_75' title='bbox 802 1279 947 1346; x_wconf 87' lang='lat' dir='ltr'><strong>ornatum</strong></span> <span class='ocrx_word' id='word_1_76' title='bbox 970 1283 1061 1354; x_wconf 88' lang='lat' dir='ltr'><strong>esset,</strong></span> <span class='ocrx_word' id='word_1_77' title='bbox 1083 1271 1168 1352; x_wconf 80' lang='lat' dir='ltr'>dixit,</span> <span class='ocrx_word' id='word_1_78' title='bbox 1211 1275 1243 1340; x_wconf 75' lang='lat' dir='ltr'><strong>ti.</strong></span> <span class='ocrx_word' id='word_1_79' title='bbox 1263 1274 1315 1339; x_wconf 80' lang='lat' dir='ltr'><strong>Ex</strong></span> <span class='ocrx_word' id='word_1_80' title='bbox 1384 1307 1390 1312; x_wconf 92' lang='lat'><em>·</em></span> 
     </span>
     <span class='ocr_line' id='line_1_11' title="bbox 187 1371 1315 1466; baseline -0.005 -20"><span class='ocrx_word' id='word_1_81' title='bbox 187 1381 251 1460; x_wconf 87' lang='lat' dir='ltr'><strong>his,</strong></span> <span class='ocrx_word' id='word_1_82' title='bbox 281 1397 364 1466; x_wconf 90' lang='lat' dir='ltr'><strong>quae</strong></span> <span class='ocrx_word' id='word_1_83' title='bbox 390 1373 520 1454; x_wconf 83' lang='lat' dir='ltr'><strong>videtis,</strong></span> <span class='ocrx_word' id='word_1_84' title='bbox 551 1377 680 1440; x_wconf 82' lang='lat' dir='ltr'><strong>venient</strong></span> <span class='ocrx_word' id='word_1_85' title='bbox 706 1372 789 1454; x_wconf 84' lang='lat' dir='ltr'><strong>diet,</strong></span> <span class='ocrx_word' id='word_1_86' title='bbox 822 1377 856 1440; x_wconf 93' lang='lat' dir='ltr'><strong>in</strong></span> <span class='ocrx_word' id='word_1_87' title='bbox 882 1371 1000 1462; x_wconf 80' lang='lat' dir='ltr'><strong>quibm</strong></span> <span class='ocrx_word' id='word_1_88' title='bbox 1027 1395 1095 1466; x_wconf 83' lang='lat' dir='ltr'><strong>nou</strong></span> <span class='ocrx_word' id='word_1_89' title='bbox 1114 1375 1315 1463; x_wconf 88' lang='lat' dir='ltr'><strong>relinquetur</strong></span> 
     </span>
     <span class='ocr_line' id='line_1_12' title="bbox 187 1475 1315 1570; baseline -0.007 -21"><span class='ocrx_word' id='word_1_90' title='bbox 187 1483 272 1570; x_wconf 86' lang='lat' dir='ltr'><strong>lapis</strong></span> <span class='ocrx_word' id='word_1_91' title='bbox 292 1501 391 1567; x_wconf 84' lang='lat' dir='ltr'><strong>super</strong></span> <span class='ocrx_word' id='word_1_92' title='bbox 412 1475 560 1564; x_wconf 80' lang='lat' dir='ltr'><strong>lapidem,</strong></span> <span class='ocrx_word' id='word_1_93' title='bbox 581 1477 725 1562; x_wconf 87' lang='lat' dir='ltr'><strong>quinon</strong></span> <span class='ocrx_word' id='word_1_94' title='bbox 746 1475 898 1544; x_wconf 84' lang='lat' dir='ltr'><strong>diruatur.</strong></span> <span class='ocrx_word' id='word_1_95' title='bbox 963 1477 994 1543; x_wconf 82' lang='lat'><strong>7.</strong></span> <span class='ocrx_word' id='word_1_96' title='bbox 1037 1479 1315 1566; x_wconf 85' lang='lat' dir='ltr'><strong>luterrogaverunt</strong></span> 
     </span>
     <span class='ocr_line' id='line_1_13' title="bbox 189 1573 1316 1680; baseline -0.005 -29"><span class='ocrx_word' id='word_1_97' title='bbox 189 1595 295 1652; x_wconf 87' lang='lat' dir='ltr'><strong>autem</strong></span> <span class='ocrx_word' id='word_1_98' title='bbox 317 1581 417 1680; x_wconf 82' lang='lat' dir='ltr'><strong>illurp,</strong></span> <span class='ocrx_word' id='word_1_99' title='bbox 445 1575 595 1656; x_wconf 85' lang='lat' dir='ltr'><strong>dicenter,</strong></span> <span class='ocrx_word' id='word_1_100' title='bbox 616 1579 817 1668; x_wconf 73' lang='lat' dir='ltr'><strong>Praeceptor,</strong></span> <span class='ocrx_word' id='word_1_101' title='bbox 846 1575 977 1666; x_wconf 89' lang='lat' dir='ltr'><strong>quaudo</strong></span> <span class='ocrx_word' id='word_1_102' title='bbox 998 1573 1093 1668; x_wconf 89' lang='lat' dir='ltr'><strong>igitur</strong></span> <span class='ocrx_word' id='word_1_103' title='bbox 1113 1581 1193 1647; x_wconf 89' lang='lat' dir='ltr'><strong>baec</strong></span> <span class='ocrx_word' id='word_1_104' title='bbox 1214 1589 1316 1661; x_wconf 79' lang='lat' dir='ltr'><strong>erunt,</strong></span> 
     </span>
     <span class='ocr_line' id='line_1_14' title="bbox 190 1677 1318 1772; baseline -0.004 -20"><span class='ocrx_word' id='word_1_105' title='bbox 190 1696 223 1752; x_wconf 89' lang='lat' dir='ltr'><strong>et</strong></span> <span class='ocrx_word' id='word_1_106' title='bbox 243 1681 332 1772; x_wconf 87' lang='lat' dir='ltr'><strong>quod</strong></span> <span class='ocrx_word' id='word_1_107' title='bbox 353 1684 487 1767; x_wconf 89' lang='lat' dir='ltr'><strong>signum,</strong></span> <span class='ocrx_word' id='word_1_108' title='bbox 508 1677 640 1766; x_wconf 88' lang='lat' dir='ltr'><strong>quando</strong></span> <span class='ocrx_word' id='word_1_109' title='bbox 661 1683 721 1747; x_wconf 87' lang='lat' dir='ltr'><strong>ista</strong></span> <span class='ocrx_word' id='word_1_110' title='bbox 743 1680 815 1748; x_wconf 80' lang='lat' dir='ltr'><strong>steri</strong></span> <span class='ocrx_word' id='word_1_111' title='bbox 835 1682 1006 1768; x_wconf 76' lang='lat' dir='ltr'><strong>incipient?</strong></span> <span class='ocrx_word' id='word_1_112' title='bbox 1036 1683 1067 1748; x_wconf 83' lang='grc'><strong>8.</strong></span> <span class='ocrx_word' id='word_1_113' title='bbox 1088 1684 1132 1749; x_wconf 85' lang='lat' dir='ltr'><strong>At</strong></span> <span class='ocrx_word' id='word_1_114' title='bbox 1151 1683 1209 1748; x_wconf 90' lang='lat' dir='ltr'><strong>ille</strong></span> <span class='ocrx_word' id='word_1_115' title='bbox 1229 1683 1318 1763; x_wconf 82' lang='lat' dir='ltr'><strong>dixit,</strong></span> 
     </span>
     <span class='ocr_line' id='line_1_15' title="bbox 188 1780 1319 1866; baseline -0.001 -14"><span class='ocrx_word' id='word_1_116' title='bbox 188 1786 316 1859; x_wconf 86' lang='lat' dir='ltr'><strong>Videte,</strong></span> <span class='ocrx_word' id='word_1_117' title='bbox 337 1805 379 1850; x_wconf 89' lang='lat' dir='ltr'><strong>na</strong></span> <span class='ocrx_word' id='word_1_118' title='bbox 401 1780 609 1847; x_wconf 85' lang='lat' dir='ltr'><strong>seducamini:</strong></span> <span class='ocrx_word' id='word_1_119' title='bbox 636 1781 726 1848; x_wconf 86' lang='lat' dir='ltr'><strong>multi</strong></span> <span class='ocrx_word' id='word_1_120' title='bbox 748 1785 832 1849; x_wconf 86' lang='lat' dir='ltr'><strong>enirn</strong></span> <span class='ocrx_word' id='word_1_121' title='bbox 852 1785 979 1850; x_wconf 89' lang='lat' dir='ltr'><strong>venient</strong></span> <span class='ocrx_word' id='word_1_122' title='bbox 999 1781 1059 1850; x_wconf 90' lang='lat' dir='ltr'><strong>sub</strong></span> <span class='ocrx_word' id='word_1_123' title='bbox 1079 1785 1211 1850; x_wconf 88' lang='lat' dir='ltr'><strong>nomine</strong></span> <span class='ocrx_word' id='word_1_124' title='bbox 1232 1806 1319 1866; x_wconf 87' lang='lat' dir='ltr'><strong>meo,</strong></span> 
     </span>
     <span class='ocr_line' id='line_1_16' title="bbox 189 1883 1318 1972; baseline -0.002 -18"><span class='ocrx_word' id='word_1_125' title='bbox 189 1887 341 1967; x_wconf 85' lang='lat' dir='ltr'><strong>dicentes,</strong></span> <span class='ocrx_word' id='word_1_126' title='bbox 361 1885 433 1970; x_wconf 86' lang='lat' dir='ltr'><strong>Ego</strong></span> <span class='ocrx_word' id='word_1_127' title='bbox 455 1903 540 1948; x_wconf 86' lang='lat' dir='ltr'><strong>sum:</strong></span> <span class='ocrx_word' id='word_1_128' title='bbox 567 1895 599 1948; x_wconf 89' lang='lat' dir='ltr'><strong>et</strong></span> <span class='ocrx_word' id='word_1_129' title='bbox 619 1894 743 1971; x_wconf 87' lang='lat' dir='ltr'><strong>tempus</strong></span> <span class='ocrx_word' id='word_1_130' title='bbox 764 1888 873 1950; x_wconf 87' lang='lat' dir='ltr'><strong>instat:</strong></span> <span class='ocrx_word' id='word_1_131' title='bbox 900 1907 942 1951; x_wconf 90' lang='lat' dir='ltr'><strong>ne</strong></span> <span class='ocrx_word' id='word_1_132' title='bbox 962 1883 1061 1972; x_wconf 88' lang='lat' dir='ltr'><strong>igitur</strong></span> <span class='ocrx_word' id='word_1_133' title='bbox 1075 1889 1261 1972; x_wconf 81' lang='lat' dir='ltr'><strong>tequarrriui·</strong></span> <span class='ocrx_word' id='word_1_134' title='bbox 1275 1887 1318 1952; x_wconf 88' lang='lat' dir='ltr'><strong>il-</strong></span> 
     </span>
     <span class='ocr_line' id='line_1_17' title="bbox 189 1982 1317 2071; baseline -0.001 -14"><span class='ocrx_word' id='word_1_135' title='bbox 189 1989 251 2057; x_wconf 87' lang='lat' dir='ltr'><strong>los.</strong></span> <span class='ocrx_word' id='word_1_136' title='bbox 292 1989 324 2055; x_wconf 90' lang='grc'><strong>9.</strong></span> <span class='ocrx_word' id='word_1_137' title='bbox 349 1985 523 2054; x_wconf 73' lang='lat' dir='ltr'><strong>Caeterum</strong></span> <span class='ocrx_word' id='word_1_138' title='bbox 541 2007 639 2071; x_wconf 85' lang='lat' dir='ltr'><strong>quunr</strong></span> <span class='ocrx_word' id='word_1_139' title='bbox 661 1985 825 2054; x_wconf 86' lang='lat' dir='ltr'><strong>audieritis</strong></span> <span class='ocrx_word' id='word_1_140' title='bbox 840 1982 932 2069; x_wconf 78' lang='lat' dir='ltr'><strong>¹bella</strong></span> <span class='ocrx_word' id='word_1_141' title='bbox 953 1988 984 2055; x_wconf 86' lang='lat' dir='ltr'><strong>el</strong></span> <span class='ocrx_word' id='word_1_142' title='bbox 1002 1987 1191 2066; x_wconf 82' lang='lat' dir='ltr'><strong>seditiones,</strong></span> <span class='ocrx_word' id='word_1_143' title='bbox 1211 1989 1317 2057; x_wconf 92' lang='lat' dir='ltr'><strong>nolite</strong></span> 
     </span>
     <span class='ocr_line' id='line_1_18' title="bbox 190 2088 1315 2178; baseline 0.001 -20"><span class='ocrx_word' id='word_1_144' title='bbox 190 2092 321 2160; x_wconf 87' lang='lat' dir='ltr'><strong>terreri:</strong></span> <span class='ocrx_word' id='word_1_145' title='bbox 365 2098 491 2178; x_wconf 88' lang='lat' dir='ltr'><strong>oportet</strong></span> <span class='ocrx_word' id='word_1_146' title='bbox 512 2089 596 2154; x_wconf 89' lang='lat' dir='ltr'><strong>euim</strong></span> <span class='ocrx_word' id='word_1_147' title='bbox 616 2090 707 2176; x_wconf 90' lang='lat' dir='ltr'><strong>prius</strong></span> <span class='ocrx_word' id='word_1_148' title='bbox 728 2088 807 2156; x_wconf 85' lang='lat' dir='ltr'><strong>haec</strong></span> <span class='ocrx_word' id='word_1_149' title='bbox 826 2089 914 2165; x_wconf 89' lang='lat' dir='ltr'><strong>lieri,</strong></span> <span class='ocrx_word' id='word_1_150' title='bbox 936 2089 994 2156; x_wconf 90' lang='lat' dir='ltr'><strong>sed</strong></span> <span class='ocrx_word' id='word_1_151' title='bbox 1015 2112 1081 2156; x_wconf 86' lang='lat' dir='ltr'><strong>rron</strong></span> <span class='ocrx_word' id='word_1_152' title='bbox 1101 2095 1209 2158; x_wconf 85' lang='lat' dir='ltr'><strong>statim</strong></span> <span class='ocrx_word' id='word_1_153' title='bbox 1229 2093 1315 2159; x_wconf 83' lang='lat' dir='ltr'><strong>huis.</strong></span> 
     </span>
    </p>

    <p class='ocr_par' dir='ltr' id='par_1_6' title="bbox 188 2189 1400 2594">
     <span class='ocr_line' id='line_1_19' title="bbox 190 2189 1400 2281; baseline 0 -20"><span class='ocrx_word' id='word_1_154' title='bbox 190 2197 245 2262; x_wconf 87' lang='lat'><strong>10.</strong></span> <span class='ocrx_word' id='word_1_155' title='bbox 267 2193 361 2260; x_wconf 85' lang='lat' dir='ltr'><strong>Tunc</strong></span> <span class='ocrx_word' id='word_1_156' title='bbox 377 2192 464 2258; x_wconf 81' lang='lat' dir='ltr'><strong>&#39;dixit</strong></span> <span class='ocrx_word' id='word_1_157' title='bbox 484 2189 558 2269; x_wconf 89' lang='lat' dir='ltr'><strong>illis,</strong></span> <span class='ocrx_word' id='word_1_158' title='bbox 579 2192 725 2277; x_wconf 85' lang='lat' dir='ltr'><strong>lnsurget</strong></span> <span class='ocrx_word' id='word_1_159' title='bbox 746 2213 823 2279; x_wconf 87' lang='lat' dir='ltr'><strong>gens</strong></span> <span class='ocrx_word' id='word_1_160' title='bbox 845 2203 955 2258; x_wconf 87' lang='lat' dir='ltr'><strong>contra</strong></span> <span class='ocrx_word' id='word_1_161' title='bbox 975 2206 1106 2281; x_wconf 81' lang='lat' dir='ltr'><strong>gentem,</strong></span> <span class='ocrx_word' id='word_1_162' title='bbox 1130 2205 1162 2260; x_wconf 93' lang='lat' dir='ltr'><strong>et</strong></span> <span class='ocrx_word' id='word_1_163' title='bbox 1181 2215 1316 2281; x_wconf 89' lang='lat' dir='ltr'><strong>regnum</strong></span> <span class='ocrx_word' id='word_1_164' title='bbox 1399 2267 1400 2274; x_wconf 9' lang='grc' dir='ltr'>χ</span> 
     </span>
     <span class='ocr_line' id='line_1_20' title="bbox 191 2287 1400 2386; baseline -0.003 -20"><span class='ocrx_word' id='word_1_165' title='bbox 191 2305 304 2366; x_wconf 89' lang='lat' dir='ltr'><strong>contra</strong></span> <span class='ocrx_word' id='word_1_166' title='bbox 330 2317 477 2384; x_wconf 89' lang='lat' dir='ltr'><strong>regnum:</strong></span> <span class='ocrx_word' id='word_1_167' title='bbox 528 2293 578 2360; x_wconf 85' lang='lat' dir='ltr'><strong>ll.</strong></span> <span class='ocrx_word' id='word_1_168' title='bbox 609 2295 651 2360; x_wconf 85' lang='lat' dir='ltr'><strong>Et</strong></span> <span class='ocrx_word' id='word_1_169' title='bbox 671 2304 774 2360; x_wconf 83' lang='lat' dir='ltr'><strong>terrae</strong></span> <span class='ocrx_word' id='word_1_170' title='bbox 794 2305 900 2362; x_wconf 88' lang='lat' dir='ltr'><strong>motus</strong></span> <span class='ocrx_word' id='word_1_171' title='bbox 920 2298 1027 2386; x_wconf 87' lang='lat' dir='ltr'><strong>magui</strong></span> <span class='ocrx_word' id='word_1_172' title='bbox 1046 2298 1258 2364; x_wconf 77' lang='lat' dir='ltr'><strong>eroot‘variis</strong></span> <span class='ocrx_word' id='word_1_173' title='bbox 1278 2300 1314 2362; x_wconf 90' lang='lat' dir='ltr'><strong>in</strong></span> <span class='ocrx_word' id='word_1_174' title='bbox 1399 2287 1400 2308; x_wconf 72' lang='lat'>³</span> 
     </span>
     <span class='ocr_line' id='line_1_21' title="bbox 188 2395 1314 2491; baseline -0.004 -21"><span class='ocrx_word' id='word_1_175' title='bbox 188 2401 281 2483; x_wconf 86' lang='lat' dir='ltr'><strong>loeis,</strong></span> <span class='ocrx_word' id='word_1_176' title='bbox 304 2410 335 2466; x_wconf 91' lang='lat' dir='ltr'><strong>et</strong></span> <span class='ocrx_word' id='word_1_177' title='bbox 354 2399 461 2482; x_wconf 83' lang='lat' dir='ltr'><strong>tames,</strong></span> <span class='ocrx_word' id='word_1_178' title='bbox 483 2407 516 2466; x_wconf 91' lang='lat' dir='ltr'><strong>et</strong></span> <span class='ocrx_word' id='word_1_179' title='bbox 535 2395 742 2486; x_wconf 71' lang='lat' dir='ltr'><strong>pestilentiae,</strong></span> <span class='ocrx_word' id='word_1_180' title='bbox 761 2407 963 2486; x_wconf 76' lang='lat' dir='ltr'><strong>terroresque</strong></span> <span class='ocrx_word' id='word_1_181' title='bbox 983 2398 1027 2468; x_wconf 85' lang='lat' dir='ltr'><strong>de</strong></span> <span class='ocrx_word' id='word_1_182' title='bbox 1047 2397 1149 2478; x_wconf 87' lang='lat' dir='ltr'><strong>coelo,</strong></span> <span class='ocrx_word' id='word_1_183' title='bbox 1169 2408 1202 2467; x_wconf 91' lang='lat' dir='ltr'><strong>et</strong></span> <span class='ocrx_word' id='word_1_184' title='bbox 1221 2400 1314 2491; x_wconf 81' lang='lat' dir='ltr'><strong>signa</strong></span> 
     </span>
     <span class='ocr_line' id='line_1_22' title="bbox 190 2513 429 2594; baseline -0.021 -22"><span class='ocrx_word' id='word_1_185' title='bbox 190 2527 305 2594; x_wconf 85' lang='lat' dir='ltr'><strong>magne</strong></span> <span class='ocrx_word' id='word_1_186' title='bbox 326 2513 429 2570; x_wconf 86' lang='lat' dir='ltr'><strong>erunt.</strong></span> 
     </span>
    </p>
   </div>
   <div class='ocr_carea' id='block_1_5' title="bbox 65 2734 1316 4124">
    <p class='ocr_par' dir='ltr' id='par_1_7' title="bbox 190 2734 1316 3052">
     <span class='ocr_line' id='line_1_23' title="bbox 250 2734 1316 2820; baseline -0.001 -22"><span class='ocrx_word' id='word_1_187' title='bbox 250 2735 386 2802; x_wconf 64' lang='lat' dir='ltr'><strong>Mathai.</strong></span> <span class='ocrx_word' id='word_1_188' title='bbox 405 2737 474 2797; x_wconf 70' lang='lat' dir='ltr'><strong>Ele</strong></span> <span class='ocrx_word' id='word_1_189' title='bbox 509 2735 698 2800; x_wconf 82' lang='lat' dir='ltr'><strong>eseus&#39;leeua.</strong></span> <span class='ocrx_word' id='word_1_190' title='bbox 718 2738 876 2800; x_wconf 88' lang='lat' dir='ltr'><strong>Senserunt</strong></span> <span class='ocrx_word' id='word_1_191' title='bbox 885 2737 1078 2820; x_wconf 86' lang='lat' dir='ltr'><strong>proculdubio</strong></span> <span class='ocrx_word' id='word_1_192' title='bbox 1088 2734 1316 2820; x_wconf 69' lang='lat' dir='ltr'><strong>discipuliCbri-</strong></span> 
     </span>
     <span class='ocr_line' id='line_1_24' title="bbox 192 2813 1315 2897; baseline -0.002 -21"><span class='ocrx_word' id='word_1_193' title='bbox 192 2823 267 2876; x_wconf 84' lang='lat' dir='ltr'><strong>stum</strong></span> <span class='ocrx_word' id='word_1_194' title='bbox 285 2813 342 2873; x_wconf 92' lang='lat' dir='ltr'><strong>hoc</strong></span> <span class='ocrx_word' id='word_1_195' title='bbox 361 2813 439 2891; x_wconf 88' lang='lat' dir='ltr'><strong>quasi</strong></span> <span class='ocrx_word' id='word_1_196' title='bbox 459 2813 586 2876; x_wconf 87' lang='lat' dir='ltr'><strong>utimum</strong></span> <span class='ocrx_word' id='word_1_197' title='bbox 604 2813 666 2876; x_wconf 88' lang='lat' dir='ltr'><strong>vale</strong></span> <span class='ocrx_word' id='word_1_198' title='bbox 684 2815 792 2896; x_wconf 87' lang='lat' dir='ltr'><strong>templo</strong></span> <span class='ocrx_word' id='word_1_199' title='bbox 813 2815 919 2876; x_wconf 72' lang='lat' dir='ltr'><strong>dixisse.</strong></span> <span class='ocrx_word' id='word_1_200' title='bbox 946 2815 1082 2876; x_wconf 82' lang='lat' dir='ltr'><strong>Restabat</strong></span> <span class='ocrx_word' id='word_1_201' title='bbox 1100 2815 1198 2897; x_wconf 86' lang='lat' dir='ltr'><strong>igitur,</strong></span> <span class='ocrx_word' id='word_1_202' title='bbox 1218 2827 1249 2875; x_wconf 90' lang='lat' dir='ltr'><strong>ut</strong></span> <span class='ocrx_word' id='word_1_203' title='bbox 1261 2835 1315 2874; x_wconf 89' lang='lat' dir='ltr'><strong>no-</strong></span> 
     </span>
     <span class='ocr_line' id='line_1_25' title="bbox 191 2887 1314 2972; baseline -0.004 -18"><span class='ocrx_word' id='word_1_204' title='bbox 191 2913 259 2954; x_wconf 79' lang='lat' dir='ltr'><strong>vum</strong></span> <span class='ocrx_word' id='word_1_205' title='bbox 277 2887 411 2969; x_wconf 87' lang='lat' dir='ltr'><strong>templum</strong></span> <span class='ocrx_word' id='word_1_206' title='bbox 428 2887 515 2972; x_wconf 79' lang='lat' dir='ltr'><strong>longe</strong></span> <span class='ocrx_word' id='word_1_207' title='bbox 533 2889 714 2969; x_wconf 84' lang='lat' dir='ltr'><strong>splendidius,</strong></span> <span class='ocrx_word' id='word_1_208' title='bbox 734 2903 763 2951; x_wconf 91' lang='lat' dir='ltr'><strong>et</strong></span> <span class='ocrx_word' id='word_1_209' title='bbox 780 2891 976 2954; x_wconf 85' lang='lat' dir='ltr'><strong>florentiorem</strong></span> <span class='ocrx_word' id='word_1_210' title='bbox 998 2893 1080 2972; x_wconf 86' lang='lat' dir='ltr'><strong>regni</strong></span> <span class='ocrx_word' id='word_1_211' title='bbox 1098 2903 1210 2966; x_wconf 86' lang='lat' dir='ltr'><strong>statum,</strong></span> <span class='ocrx_word' id='word_1_212' title='bbox 1229 2890 1314 2952; x_wconf 88' lang='lat' dir='ltr'><strong>sicuti</strong></span> 
     </span>
     <span class='ocr_line' id='line_1_26' title="bbox 190 2965 1313 3052; baseline -0.004 -24"><span class='ocrx_word' id='word_1_213' title='bbox 190 2967 366 3052; x_wconf 74' lang='lat' dir='ltr'><strong>piaedictnm</strong></span> <span class='ocrx_word' id='word_1_214' title='bbox 389 2975 451 3026; x_wconf 87' lang='lat' dir='ltr'><strong>erat</strong></span> <span class='ocrx_word' id='word_1_215' title='bbox 468 2987 485 3026; x_wconf 89' lang='lat' dir='ltr'><strong>a</strong></span> <span class='ocrx_word' id='word_1_216' title='bbox 504 2965 667 3048; x_wconf 78' lang='lat' dir='ltr'><strong>Prophetis,</strong></span> <span class='ocrx_word' id='word_1_217' title='bbox 692 2967 829 3050; x_wconf 51' lang='lat' dir='ltr'><strong>erigeret„</strong></span> <span class='ocrx_word' id='word_1_218' title='bbox 866 2969 939 3029; x_wconf 87' lang='lat' dir='ltr'><strong>Nam</strong></span> <span class='ocrx_word' id='word_1_219' title='bbox 956 2967 995 3027; x_wconf 92' lang='lat' dir='ltr'><strong>illi</strong></span> <span class='ocrx_word' id='word_1_220' title='bbox 1013 2967 1081 3028; x_wconf 91' lang='lat' dir='ltr'><strong>nihil</strong></span> <span class='ocrx_word' id='word_1_221' title='bbox 1099 2989 1163 3028; x_wconf 87' lang='lat' dir='ltr'><strong>cum</strong></span> <span class='ocrx_word' id='word_1_222' title='bbox 1182 2987 1218 3024; x_wconf 91' lang='lat' dir='ltr'><strong>eo</strong></span> <span class='ocrx_word' id='word_1_223' title='bbox 1237 2978 1313 3026; x_wconf 87' lang='lat' dir='ltr'><strong>tem-</strong></span> 
     </span>
    </p>

    <p class='ocr_par' dir='ltr' id='par_1_8' title="bbox 121 3040 1312 3203">
     <span class='ocr_line' id='line_1_27' title="bbox 121 3040 1312 3129; baseline -0.003 -26"><span class='ocrx_word' id='word_1_224' title='bbox 121 3109 122 3118; x_wconf 32' lang='lat'><strong>,</strong></span> <span class='ocrx_word' id='word_1_225' title='bbox 191 3043 255 3129; x_wconf 87' lang='lat' dir='ltr'><strong>plo,</strong></span> <span class='ocrx_word' id='word_1_226' title='bbox 281 3043 312 3105; x_wconf 89' lang='lat' dir='ltr'><strong>iu</strong></span> <span class='ocrx_word' id='word_1_227' title='bbox 331 3064 388 3124; x_wconf 88' lang='lat' dir='ltr'><strong>quo</strong></span> <span class='ocrx_word' id='word_1_228' title='bbox 408 3041 502 3114; x_wconf 82' lang='lat' dir='ltr'><strong>omnia</strong></span> <span class='ocrx_word' id='word_1_229' title='bbox 521 3053 601 3102; x_wconf 87' lang='lat' dir='ltr'><strong>erant</strong></span> <span class='ocrx_word' id='word_1_230' title='bbox 619 3040 741 3104; x_wconf 89' lang='lat' dir='ltr'><strong>adversa.</strong></span> <span class='ocrx_word' id='word_1_231' title='bbox 799 3045 858 3104; x_wconf 87' lang='lat' dir='ltr'><strong>lam</strong></span> <span class='ocrx_word' id='word_1_232' title='bbox 877 3065 946 3105; x_wconf 88' lang='lat' dir='ltr'><strong>vero</strong></span> <span class='ocrx_word' id='word_1_233' title='bbox 965 3042 1125 3104; x_wconf 85' lang='lat' dir='ltr'><strong>incredibile</strong></span> <span class='ocrx_word' id='word_1_234' title='bbox 1148 3053 1207 3101; x_wconf 84' lang='lat' dir='ltr'><strong>erat</strong></span> <span class='ocrx_word' id='word_1_235' title='bbox 1225 3041 1312 3100; x_wconf 88' lang='lat' dir='ltr'><strong>disci-</strong></span> 
     </span>
     <span class='ocr_line' id='line_1_28' title="bbox 192 3116 1310 3203; baseline 0.005 -25"><span class='ocrx_word' id='word_1_236' title='bbox 192 3119 272 3198; x_wconf 85' lang='lat' dir='ltr'><strong>pulis,</strong></span> <span class='ocrx_word' id='word_1_237' title='bbox 291 3117 470 3203; x_wconf 83' lang='lat' dir='ltr'><strong>magnificum</strong></span> <span class='ocrx_word' id='word_1_238' title='bbox 492 3118 588 3198; x_wconf 88' lang='lat' dir='ltr'><strong>templi</strong></span> <span class='ocrx_word' id='word_1_239' title='bbox 607 3118 785 3199; x_wconf 88' lang='lat' dir='ltr'><strong>splendorem</strong></span> <span class='ocrx_word' id='word_1_240' title='bbox 805 3119 920 3182; x_wconf 88' lang='lat' dir='ltr'><strong>Christo</strong></span> <span class='ocrx_word' id='word_1_241' title='bbox 939 3123 1088 3182; x_wconf 76' lang='lat' dir='ltr'><strong>cessurum.</strong></span> <span class='ocrx_word' id='word_1_242' title='bbox 1136 3118 1230 3195; x_wconf 65' lang='lat' dir='ltr'><strong>Atqu!</strong></span> <span class='ocrx_word' id='word_1_243' title='bbox 1251 3116 1310 3176; x_wconf 78' lang='lat' dir='ltr'><strong>hoc</strong></span> 
     </span>
    </p>

    <p class='ocr_par' dir='ltr' id='par_1_9' title="bbox 69 3195 1311 3356">
     <span class='ocr_line' id='line_1_29' title="bbox 69 3195 591 3277; baseline 0 -23"><span class='ocrx_word' id='word_1_244' title='bbox 69 3269 72 3277; x_wconf 18' lang='grc' dir='ltr'><strong>,Ι</strong></span> <span class='ocrx_word' id='word_1_245' title='bbox 192 3195 341 3277; x_wconf 86' lang='lat' dir='ltr'><strong>diligenter</strong></span> <span class='ocrx_word' id='word_1_246' title='bbox 358 3195 516 3266; x_wconf 76' lang='lat' dir='ltr'><strong>nomndurn</strong></span> <span class='ocrx_word' id='word_1_247' title='bbox 536 3205 591 3268; x_wconf 90' lang='lat' dir='ltr'><strong>est,</strong></span> 
     </span>
     <span class='ocr_line' id='line_1_30' title="bbox 191 3217 1311 3356; baseline -0.003 -26"><span class='ocrx_word' id='word_1_248' title='bbox 191 3269 288 3351; x_wconf 88' lang='lat' dir='ltr'><strong>templi</strong></span> <span class='ocrx_word' id='word_1_249' title='bbox 314 3271 413 3348; x_wconf 78' lang='lat' dir='ltr'><strong>facies,</strong></span> <span class='ocrx_word' id='word_1_250' title='bbox 438 3272 577 3352; x_wconf 85' lang='lat' dir='ltr'><strong>praesenti</strong></span> <span class='ocrx_word' id='word_1_251' title='bbox 602 3217 650 3330; x_wconf 82' lang='lat' dir='ltr'><strong>ilio</strong></span> <span class='ocrx_word' id='word_1_252' title='bbox 672 3271 781 3356; x_wconf 80' lang='lat' dir='ltr'><strong>fulgore</strong></span> <span class='ocrx_word' id='word_1_253' title='bbox 799 3273 963 3354; x_wconf 90' lang='lat' dir='ltr'><strong>perstrictos</strong></span> <span class='ocrx_word' id='word_1_254' title='bbox 984 3219 1065 3333; x_wconf 75' lang='lat' dir='ltr'><strong>inisse</strong></span> <span class='ocrx_word' id='word_1_255' title='bbox 1083 3290 1180 3328; x_wconf 89' lang='lat' dir='ltr'><strong>eorum</strong></span> <span class='ocrx_word' id='word_1_256' title='bbox 1200 3267 1311 3344; x_wconf 84' lang='lat' dir='ltr'><strong>oculos,</strong></span> 
     </span>
    </p>

    <p class='ocr_par' dir='ltr' id='par_1_10' title="bbox 191 3343 1310 3442">
     <span class='ocr_line' id='line_1_31' title="bbox 191 3343 1310 3442; baseline 0.001 -39"><span class='ocrx_word' id='word_1_257' title='bbox 191 3356 226 3404; x_wconf 90' lang='lat' dir='ltr'><strong>ut</strong></span> <span class='ocrx_word' id='word_1_258' title='bbox 244 3347 289 3407; x_wconf 85' lang='lat' dir='ltr'><strong>vix</strong></span> <span class='ocrx_word' id='word_1_259' title='bbox 305 3360 451 3426; x_wconf 80' lang='lat' dir='ltr'><strong>sperarent</strong></span> <span class='ocrx_word' id='word_1_260' title='bbox 468 3369 550 3428; x_wconf 90' lang='lat' dir='ltr'><strong>posse</strong></span> <span class='ocrx_word' id='word_1_261' title='bbox 570 3347 672 3410; x_wconf 85' lang='lat' dir='ltr'><strong>Christi</strong></span> <span class='ocrx_word' id='word_1_262' title='bbox 690 3369 809 3432; x_wconf 82' lang='lat' dir='ltr'><strong>regnum</strong></span> <span class='ocrx_word' id='word_1_263' title='bbox 828 3370 981 3442; x_wconf 86' lang='lat' dir='ltr'><strong>emergere.</strong></span> <span class='ocrx_word' id='word_1_264' title='bbox 1018 3349 1082 3407; x_wconf 90' lang='lat' dir='ltr'><strong>Non</strong></span> <span class='ocrx_word' id='word_1_265' title='bbox 1101 3343 1227 3406; x_wconf 83' lang='lat' dir='ltr'><strong>fatentur</strong></span> <span class='ocrx_word' id='word_1_266' title='bbox 1247 3348 1310 3424; x_wconf 91' lang='lat' dir='ltr'><strong>qui-</strong></span> 
     </span>
    </p>

    <p class='ocr_par' dir='ltr' id='par_1_11' title="bbox 190 3421 1310 3502">
     <span class='ocr_line' id='line_1_32' title="bbox 190 3421 1310 3502; baseline -0.001 -22"><span class='ocrx_word' id='word_1_267' title='bbox 190 3421 256 3480; x_wconf 88' lang='lat' dir='ltr'><strong>dem</strong></span> <span class='ocrx_word' id='word_1_268' title='bbox 275 3421 379 3482; x_wconf 83' lang='lat' dir='ltr'><strong>diserta</strong></span> <span class='ocrx_word' id='word_1_269' title='bbox 394 3446 471 3484; x_wconf 86' lang='lat' dir='ltr'><strong>suam</strong></span> <span class='ocrx_word' id='word_1_270' title='bbox 491 3425 705 3500; x_wconf 81' lang='lat' dir='ltr'><strong>dubitationem,</strong></span> <span class='ocrx_word' id='word_1_271' title='bbox 724 3426 773 3486; x_wconf 90' lang='lat' dir='ltr'><strong>sed</strong></span> <span class='ocrx_word' id='word_1_272' title='bbox 792 3447 852 3486; x_wconf 86' lang='lat' dir='ltr'><strong>carn</strong></span> <span class='ocrx_word' id='word_1_273' title='bbox 871 3438 954 3486; x_wconf 76' lang='lat' dir='ltr'><strong>tacete</strong></span> <span class='ocrx_word' id='word_1_274' title='bbox 973 3423 1124 3497; x_wconf 83' lang='lat' dir='ltr'><strong>insinuant,</strong></span> <span class='ocrx_word' id='word_1_275' title='bbox 1142 3442 1227 3502; x_wconf 86' lang='lat' dir='ltr'><strong>quum</strong></span> <span class='ocrx_word' id='word_1_276' title='bbox 1246 3443 1310 3500; x_wconf 85' lang='lat' dir='ltr'><strong>rno-</strong></span> 
     </span>
    </p>

    <p class='ocr_par' dir='ltr' id='par_1_12' title="bbox 188 3495 1309 3582">
     <span class='ocr_line' id='line_1_33' title="bbox 188 3495 1309 3582; baseline -0.001 -26"><span class='ocrx_word' id='word_1_277' title='bbox 188 3495 247 3556; x_wconf 86' lang='lat' dir='ltr'><strong>lem</strong></span> <span class='ocrx_word' id='word_1_278' title='bbox 265 3495 385 3576; x_wconf 87' lang='lat' dir='ltr'><strong>lapidum</strong></span> <span class='ocrx_word' id='word_1_279' title='bbox 408 3499 552 3561; x_wconf 88' lang='lat' dir='ltr'><strong>obiectant</strong></span> <span class='ocrx_word' id='word_1_280' title='bbox 571 3499 697 3577; x_wconf 85' lang='lat' dir='ltr'><strong>Christo,</strong></span> <span class='ocrx_word' id='word_1_281' title='bbox 718 3521 788 3580; x_wconf 88' lang='lat' dir='ltr'><strong>quae</strong></span> <span class='ocrx_word' id='word_1_282' title='bbox 805 3503 959 3582; x_wconf 73' lang='lat' dir='ltr'><strong>superanda</strong></span> <span class='ocrx_word' id='word_1_283' title='bbox 979 3511 1051 3575; x_wconf 86' lang='lat' dir='ltr'><strong>erat,</strong></span> <span class='ocrx_word' id='word_1_284' title='bbox 1069 3499 1127 3559; x_wconf 89' lang='lat' dir='ltr'><strong>imo</strong></span> <span class='ocrx_word' id='word_1_285' title='bbox 1146 3499 1175 3558; x_wconf 93' lang='lat' dir='ltr'><strong>in</strong></span> <span class='ocrx_word' id='word_1_286' title='bbox 1194 3496 1309 3558; x_wconf 88' lang='lat' dir='ltr'><strong>nihilum</strong></span> 
     </span>
    </p>

    <p class='ocr_par' dir='ltr' id='par_1_13' title="bbox 190 3572 1308 3659">
     <span class='ocr_line' id='line_1_34' title="bbox 190 3572 1308 3659; baseline -0.003 -25"><span class='ocrx_word' id='word_1_287' title='bbox 190 3572 250 3634; x_wconf 88' lang='lat' dir='ltr'><strong>redi</strong></span> <span class='ocrx_word' id='word_1_288' title='bbox 273 3573 351 3646; x_wconf 87' lang='lat' dir='ltr'><strong>enda,</strong></span> <span class='ocrx_word' id='word_1_289' title='bbox 371 3572 394 3633; x_wconf 96' lang='lat' dir='ltr'><strong>si</strong></span> <span class='ocrx_word' id='word_1_290' title='bbox 415 3597 445 3634; x_wconf 87' lang='lat' dir='ltr'><strong>re</strong></span> <span class='ocrx_word' id='word_1_291' title='bbox 467 3596 533 3636; x_wconf 89' lang='lat' dir='ltr'><strong>nare</strong></span> <span class='ocrx_word' id='word_1_292' title='bbox 552 3577 644 3639; x_wconf 89' lang='lat' dir='ltr'><strong>vellet.</strong></span> <span class='ocrx_word' id='word_1_293' title='bbox 693 3577 775 3638; x_wconf 74' lang='lat' dir='ltr'><strong>Talis</strong></span> <span class='ocrx_word' id='word_1_294' title='bbox 799 3579 886 3638; x_wconf 85' lang='lat' dir='ltr'><strong>etiam</strong></span> <span class='ocrx_word' id='word_1_295' title='bbox 901 3580 1020 3659; x_wconf 85' lang='lat' dir='ltr'><strong>Papatus</strong></span> <span class='ocrx_word' id='word_1_296' title='bbox 1040 3573 1186 3638; x_wconf 66' lang='lat' dir='ltr'><strong>adnitatio</strong></span> <span class='ocrx_word' id='word_1_297' title='bbox 1207 3573 1308 3634; x_wconf 86' lang='lat' dir='ltr'><strong>multos</strong></span> 
     </span>
    </p>

    <p class='ocr_par' dir='ltr' id='par_1_14' title="bbox 190 3596 1308 3743">
     <span class='ocr_line' id='line_1_35' title="bbox 190 3596 1308 3743; baseline -0.005 -31"><span class='ocrx_word' id='word_1_298' title='bbox 190 3649 261 3743; x_wconf 84' lang='lat' dir='ltr'><strong>simp</strong></span> <span class='ocrx_word' id='word_1_299' title='bbox 274 3649 327 3709; x_wconf 89' lang='lat' dir='ltr'><strong>&#39;ces</strong></span> <span class='ocrx_word' id='word_1_300' title='bbox 346 3647 430 3710; x_wconf 88' lang='lat' dir='ltr'><strong>hodie</strong></span> <span class='ocrx_word' id='word_1_301' title='bbox 446 3596 568 3711; x_wconf 62' lang='lat' dir='ltr'><strong>detinet:</strong></span> <span class='ocrx_word' id='word_1_302' title='bbox 585 3674 650 3713; x_wconf 88' lang='lat' dir='ltr'><strong>nam</strong></span> <span class='ocrx_word' id='word_1_303' title='bbox 669 3675 755 3733; x_wconf 90' lang='lat' dir='ltr'><strong>quum</strong></span> <span class='ocrx_word' id='word_1_304' title='bbox 773 3654 896 3715; x_wconf 80' lang='lat' dir='ltr'><strong>maximis</strong></span> <span class='ocrx_word' id='word_1_305' title='bbox 916 3654 1014 3734; x_wconf 89' lang='lat' dir='ltr'><strong>opibus</strong></span> <span class='ocrx_word' id='word_1_306' title='bbox 1032 3651 1195 3735; x_wconf 73' lang='lat' dir='ltr'><strong>ingentique</strong></span> <span class='ocrx_word' id='word_1_307' title='bbox 1207 3661 1308 3731; x_wconf 91' lang='lat' dir='ltr'><strong>poten-</strong></span> 
     </span>
    </p>

    <p class='ocr_par' dir='ltr' id='par_1_15' title="bbox 189 3726 1308 3811">
     <span class='ocr_line' id='line_1_36' title="bbox 189 3726 1308 3811; baseline -0.004 -23"><span class='ocrx_word' id='word_1_308' title='bbox 189 3727 228 3788; x_wconf 85' lang='lat' dir='ltr'><strong>tia</strong></span> <span class='ocrx_word' id='word_1_309' title='bbox 245 3735 410 3788; x_wconf 79' lang='lat' dir='ltr'><strong>instructum</strong></span> <span class='ocrx_word' id='word_1_310' title='bbox 430 3745 489 3788; x_wconf 82' lang='lat' dir='ltr'><strong>erse</strong></span> <span class='ocrx_word' id='word_1_311' title='bbox 507 3727 635 3803; x_wconf 90' lang='lat' dir='ltr'><strong>videant,</strong></span> <span class='ocrx_word' id='word_1_312' title='bbox 658 3731 788 3807; x_wconf 85' lang='lat' dir='ltr'><strong>protinus</strong></span> <span class='ocrx_word' id='word_1_313' title='bbox 809 3731 1022 3811; x_wconf 86' lang='lat' dir='ltr'><strong>obstupescunt,</strong></span> <span class='ocrx_word' id='word_1_314' title='bbox 1042 3743 1076 3788; x_wconf 84' lang='lat' dir='ltr'><strong>ut</strong></span> <span class='ocrx_word' id='word_1_315' title='bbox 1094 3729 1207 3790; x_wconf 83' lang='lat' dir='ltr'><strong>vilescat</strong></span> <span class='ocrx_word' id='word_1_316' title='bbox 1225 3726 1308 3808; x_wconf 86' lang='lat' dir='ltr'><strong>igno-</strong></span> 
     </span>
    </p>

    <p class='ocr_par' dir='ltr' id='par_1_16' title="bbox 100 3801 1308 3961">
     <span class='ocr_line' id='line_1_37' title="bbox 100 3801 1308 3892; baseline -0.002 -28"><span class='ocrx_word' id='word_1_317' title='bbox 100 3825 102 3836; x_wconf 91' lang='lat'>·</span> <span class='ocrx_word' id='word_1_318' title='bbox 189 3802 251 3866; x_wconf 89' lang='lat' dir='ltr'><strong>hilis</strong></span> <span class='ocrx_word' id='word_1_319' title='bbox 277 3813 312 3892; x_wconf 43' lang='lat' dir='ltr'><strong>et·</strong></span> <span class='ocrx_word' id='word_1_320' title='bbox 328 3801 448 3881; x_wconf 88' lang='lat' dir='ltr'><strong>squalida</strong></span> <span class='ocrx_word' id='word_1_321' title='bbox 468 3803 609 3866; x_wconf 83' lang='lat' dir='ltr'><strong>Ecclesiae</strong></span> <span class='ocrx_word' id='word_1_322' title='bbox 633 3805 725 3869; x_wconf 81' lang='lat' dir='ltr'><strong>facies.</strong></span> <span class='ocrx_word' id='word_1_323' title='bbox 782 3807 864 3868; x_wconf 87' lang='lat' dir='ltr'><strong>Multi</strong></span> <span class='ocrx_word' id='word_1_324' title='bbox 882 3808 965 3868; x_wconf 86' lang='lat' dir='ltr'><strong>etiam</strong></span> <span class='ocrx_word' id='word_1_325' title='bbox 984 3805 1113 3886; x_wconf 89' lang='lat' dir='ltr'><strong>desipere</strong></span> <span class='ocrx_word' id='word_1_326' title='bbox 1130 3825 1183 3864; x_wconf 90' lang='lat' dir='ltr'><strong>uos</strong></span> <span class='ocrx_word' id='word_1_327' title='bbox 1202 3813 1308 3882; x_wconf 87' lang='lat' dir='ltr'><strong>potant,</strong></span> 
     </span>
     <span class='ocr_line' id='line_1_38' title="bbox 188 3877 1308 3961; baseline -0.001 -22"><span class='ocrx_word' id='word_1_328' title='bbox 188 3879 256 3940; x_wconf 87' lang='lat' dir='ltr'><strong>dum</strong></span> <span class='ocrx_word' id='word_1_329' title='bbox 287 3900 345 3940; x_wconf 85' lang='lat' dir='ltr'><strong>erus</strong></span> <span class='ocrx_word' id='word_1_330' title='bbox 370 3879 480 3940; x_wconf 86' lang='lat' dir='ltr'><strong>ruinam</strong></span> <span class='ocrx_word' id='word_1_331' title='bbox 508 3880 656 3957; x_wconf 89' lang='lat' dir='ltr'><strong>molimur,</strong></span> <span class='ocrx_word' id='word_1_332' title='bbox 684 3903 742 3944; x_wconf 90' lang='lat' dir='ltr'><strong>non</strong></span> <span class='ocrx_word' id='word_1_333' title='bbox 765 3903 845 3945; x_wconf 91' lang='lat' dir='ltr'><strong>secus</strong></span> <span class='ocrx_word' id='word_1_334' title='bbox 870 3883 927 3945; x_wconf 87' lang='lat' dir='ltr'><strong>acsi</strong></span> <span class='ocrx_word' id='word_1_335' title='bbox 947 3883 1014 3961; x_wconf 85' lang='lat' dir='ltr'><strong>&#39;quis</strong></span> <span class='ocrx_word' id='word_1_336' title='bbox 1036 3893 1161 3941; x_wconf 84' lang='lat' dir='ltr'><strong>tentaret</strong></span> <span class='ocrx_word' id='word_1_337' title='bbox 1185 3877 1308 3939; x_wconf 87' lang='lat' dir='ltr'><strong>soleme</strong></span> 
     </span>
    </p>

    <p class='ocr_par' dir='ltr' id='par_1_17' title="bbox 65 3953 1309 4124">
     <span class='ocr_line' id='line_1_39' title="bbox 65 3953 1306 4048; baseline 0 -32"><span class='ocrx_word' id='word_1_338' title='bbox 65 4007 67 4016; x_wconf 80' lang='grc'>,</span> <span class='ocrx_word' id='word_1_339' title='bbox 188 3953 272 4016; x_wconf 91' lang='lat' dir='ltr'><strong>coelo</strong></span> <span class='ocrx_word' id='word_1_340' title='bbox 291 3955 446 4019; x_wconf 84' lang='lat' dir='ltr'><strong>detrahere.</strong></span> <span class='ocrx_word' id='word_1_341' title='bbox 473 3957 535 4017; x_wconf 89' lang='lat' dir='ltr'><strong>Nec</strong></span> <span class='ocrx_word' id='word_1_342' title='bbox 553 3979 623 4025; x_wconf 80' lang='lat' dir='ltr'><strong>voro</strong></span> <span class='ocrx_word' id='word_1_343' title='bbox 641 3957 743 4018; x_wconf 84' lang='lat' dir='ltr'><strong>rnirmn</strong></span> <span class='ocrx_word' id='word_1_344' title='bbox 756 3971 818 4036; x_wconf 72' lang='lat' dir='ltr'><strong>est,</strong></span> <span class='ocrx_word' id='word_1_345' title='bbox 837 3959 861 4022; x_wconf 87' lang='lat' dir='ltr'><strong>si</strong></span> <span class='ocrx_word' id='word_1_346' title='bbox 884 3971 943 4019; x_wconf 87' lang='lat' dir='ltr'><strong>tam</strong></span> <span class='ocrx_word' id='word_1_347' title='bbox 961 3958 1058 4020; x_wconf 90' lang='lat' dir='ltr'><strong>nohile</strong></span> <span class='ocrx_word' id='word_1_348' title='bbox 1077 3957 1143 4016; x_wconf 88' lang='lat' dir='ltr'><strong>illud</strong></span> <span class='ocrx_word' id='word_1_349' title='bbox 1162 3967 1306 4048; x_wconf 85' lang='lat' dir='ltr'><strong>spectacu-</strong></span> 
     </span>
     <span class='ocr_line' id='line_1_40' title="bbox 186 4029 1309 4124; baseline 0 -35"><span class='ocrx_word' id='word_1_350' title='bbox 186 4029 245 4090; x_wconf 86' lang='lat' dir='ltr'><strong>lum</strong></span> <span class='ocrx_word' id='word_1_351' title='bbox 265 4029 372 4091; x_wconf 85' lang='lat' dir='ltr'><strong>Christi</strong></span> <span class='ocrx_word' id='word_1_352' title='bbox 390 4032 545 4124; x_wconf 80' lang='lat' dir='ltr'><strong>diseipulos&#39;</strong></span> <span class='ocrx_word' id='word_1_353' title='bbox 557 4035 680 4094; x_wconf 88' lang='lat' dir='ltr'><strong>tenuerit</strong></span> <span class='ocrx_word' id='word_1_354' title='bbox 696 4035 847 4107; x_wconf 81' lang='lat' dir='ltr'><strong>attonitos:</strong></span> <span class='ocrx_word' id='word_1_355' title='bbox 867 4036 962 4114; x_wconf 88' lang='lat' dir='ltr'><strong>quanti</strong></span> <span class='ocrx_word' id='word_1_356' title='bbox 980 4033 1055 4096; x_wconf 89' lang='lat' dir='ltr'><strong>enim</strong></span> <span class='ocrx_word' id='word_1_357' title='bbox 1073 4033 1184 4094; x_wconf 77' lang='lat' dir='ltr'><strong>Herodi</strong></span> <span class='ocrx_word' id='word_1_358' title='bbox 1201 4029 1309 4092; x_wconf 86' lang='lat' dir='ltr'><strong>eonsti-</strong></span> 
     </span>
    </p>
   </div>
   <div class='ocr_carea' id='block_1_6' title="bbox 637 3197 1311 3273">
    <p class='ocr_par' dir='ltr' id='par_1_18' title="bbox 637 3197 1311 3273">
     <span class='ocr_line' id='line_1_41' title="bbox 637 3197 1311 3273; baseline -0.004 -19"><span class='ocrx_word' id='word_1_359' title='bbox 637 3217 701 3256; x_wconf 89' lang='lat' dir='ltr'><strong>uum</strong></span> <span class='ocrx_word' id='word_1_360' title='bbox 720 3199 754 3260; x_wconf 83' lang='lat' dir='ltr'><strong>ad</strong></span> <span class='ocrx_word' id='word_1_361' title='bbox 771 3197 983 3266; x_wconf 76' lang='lat' dir='ltr'><strong>miraculumus</strong></span> <span class='ocrx_word' id='word_1_362' title='bbox 1002 3215 1038 3257; x_wconf 89' lang='lat' dir='ltr'><strong>ne</strong></span> <span class='ocrx_word' id='word_1_363' title='bbox 1058 3205 1217 3273; x_wconf 85' lang='lat' dir='ltr'><strong>sumptuosa</strong></span> <span class='ocrx_word' id='word_1_364' title='bbox 1236 3203 1311 3251; x_wconf 88' lang='lat' dir='ltr'><strong>esset</strong></span> 
     </span>
    </p>
   </div>
   <div class='ocr_carea' id='block_1_7' title="bbox 187 4106 1306 4245">
    <p class='ocr_par' dir='ltr' id='par_1_19' title="bbox 187 4106 1306 4245">
     <span class='ocr_line' id='line_1_42' title="bbox 187 4106 1306 4245; baseline 0.002 -83"><span class='ocrx_word' id='word_1_365' title='bbox 187 4106 254 4165; x_wconf 89' lang='lat' dir='ltr'><strong>terit</strong></span> <span class='ocrx_word' id='word_1_366' title='bbox 275 4106 341 4168; x_wconf 89' lang='lat' dir='ltr'><strong>illud</strong></span> <span class='ocrx_word' id='word_1_367' title='bbox 363 4107 526 4183; x_wconf 78' lang='lat' dir='ltr'><strong>aeditimum,</strong></span> <span class='ocrx_word' id='word_1_368' title='bbox 559 4109 604 4169; x_wconf 88' lang='lat' dir='ltr'><strong>vel</strong></span> <span class='ocrx_word' id='word_1_369' title='bbox 627 4109 692 4168; x_wconf 91' lang='lat' dir='ltr'><strong>bine</strong></span> <span class='ocrx_word' id='word_1_370' title='bbox 711 4109 793 4170; x_wconf 88' lang='lat' dir='ltr'><strong>etiam</strong></span> <span class='ocrx_word' id='word_1_371' title='bbox 813 4111 946 4193; x_wconf 82' lang='lat' dir='ltr'><strong>colligere</strong></span> <span class='ocrx_word' id='word_1_372' title='bbox 964 4111 1043 4185; x_wconf 92' lang='lat' dir='ltr'><strong>licet,</strong></span> <span class='ocrx_word' id='word_1_373' title='bbox 1074 4109 1151 4188; x_wconf 85' lang='lat' dir='ltr'><strong>qnod</strong></span> <span class='ocrx_word' id='word_1_374' title='bbox 1160 4127 1220 4245; x_wconf 63' lang='lat' dir='ltr'><strong>per</strong></span> <span class='ocrx_word' id='word_1_375' title='bbox 1238 4117 1306 4165; x_wconf 87' lang='lat' dir='ltr'><strong>coto</strong></span> 
     </span>
    </p>
   </div>
   <div class='ocr_carea' id='block_1_8' title="bbox 169 4179 1392 4414">
    <p class='ocr_par' dir='ltr' id='par_1_20' title="bbox 169 4179 1392 4414">
     <span class='ocr_line' id='line_1_43' title="bbox 188 4179 1392 4267; baseline 0.003 -31"><span class='ocrx_word' id='word_1_376' title='bbox 188 4181 337 4241; x_wconf 82' lang='lat' dir='ltr'><strong>coutimros</strong></span> <span class='ocrx_word' id='word_1_377' title='bbox 360 4203 450 4243; x_wconf 88' lang='lat' dir='ltr'><strong>annos</strong></span> <span class='ocrx_word' id='word_1_378' title='bbox 465 4185 566 4244; x_wconf 89' lang='lat' dir='ltr'><strong>decem</strong></span> <span class='ocrx_word' id='word_1_379' title='bbox 584 4183 720 4242; x_wconf 84' lang='lat' dir='ltr'><strong>artificum</strong></span> <span class='ocrx_word' id='word_1_380' title='bbox 738 4183 822 4244; x_wconf 87' lang='lat' dir='ltr'><strong>millia</strong></span> <span class='ocrx_word' id='word_1_381' title='bbox 840 4187 869 4246; x_wconf 90' lang='lat' dir='ltr'><strong>in</strong></span> <span class='ocrx_word' id='word_1_382' title='bbox 889 4207 926 4246; x_wconf 88' lang='lat' dir='ltr'><strong>eu</strong></span> <span class='ocrx_word' id='word_1_383' title='bbox 945 4187 1105 4267; x_wconf 67' lang='lat' dir='ltr'><strong>occupavit</strong></span> <span class='ocrx_word' id='word_1_384' title='bbox 1190 4203 1228 4244; x_wconf 91' lang='lat' dir='ltr'><strong>on</strong></span> <span class='ocrx_word' id='word_1_385' title='bbox 1247 4179 1307 4241; x_wconf 87' lang='lat' dir='ltr'><strong>sru-</strong></span> <span class='ocrx_word' id='word_1_386' title='bbox 1391 4213 1392 4220; x_wconf 22' lang='grc' dir='ltr'><strong>κ</strong></span> 
     </span>
     <span class='ocr_line' id='line_1_44' title="bbox 186 4251 1392 4342; baseline 0 -28"><span class='ocrx_word' id='word_1_387' title='bbox 186 4261 243 4336; x_wconf 63' lang='lat' dir='ltr'><strong>stra</strong></span> <span class='ocrx_word' id='word_1_388' title='bbox 258 4255 361 4332; x_wconf 87' lang='lat' dir='ltr'><strong>lapides</strong></span> <span class='ocrx_word' id='word_1_389' title='bbox 378 4259 527 4330; x_wconf 86' lang='lat' dir='ltr'><strong>mirantur,</strong></span> <span class='ocrx_word' id='word_1_390' title='bbox 547 4277 666 4336; x_wconf 86' lang='lat' dir='ltr'><strong>quorum</strong></span> <span class='ocrx_word' id='word_1_391' title='bbox 685 4279 770 4336; x_wconf 83' lang='lat' dir='ltr'><strong>quum</strong></span> <span class='ocrx_word' id='word_1_392' title='bbox 790 4261 887 4322; x_wconf 86' lang='lat' dir='ltr'><strong>eximia</strong></span> <span class='ocrx_word' id='word_1_393' title='bbox 906 4273 980 4322; x_wconf 87' lang='lat' dir='ltr'><strong>esset</strong></span> <span class='ocrx_word' id='word_1_394' title='bbox 998 4259 1168 4342; x_wconf 89' lang='lat' dir='ltr'><strong>pulcritudo,</strong></span> <span class='ocrx_word' id='word_1_395' title='bbox 1188 4257 1306 4338; x_wconf 84' lang='lat' dir='ltr'><strong>quinde-</strong></span> <span class='ocrx_word' id='word_1_396' title='bbox 1391 4251 1392 4328; x_wconf 73' lang='lat' dir='ltr'><strong>l</strong></span> 
     </span>
     <span class='ocr_line' id='line_1_45' title="bbox 169 4328 1373 4414; baseline -0.002 -18"><span class='ocrx_word' id='word_1_397' title='bbox 169 4343 241 4396; x_wconf 55' lang='lat' dir='ltr'><strong>,erm</strong></span> <span class='ocrx_word' id='word_1_398' title='bbox 260 4328 368 4394; x_wconf 84' lang='lat' dir='ltr'><strong>cabitos</strong></span> <span class='ocrx_word' id='word_1_399' title='bbox 386 4331 489 4413; x_wconf 84' lang='lat' dir='ltr'><strong>longos</strong></span> <span class='ocrx_word' id='word_1_400' title='bbox 508 4331 598 4404; x_wconf 78' lang='lat' dir='ltr'><strong>tumr,</strong></span> <span class='ocrx_word' id='word_1_401' title='bbox 616 4329 687 4400; x_wconf 79' lang='lat' dir='ltr'><strong>altos</strong></span> <span class='ocrx_word' id='word_1_402' title='bbox 706 4335 863 4412; x_wconf 88' lang='lat' dir='ltr'><strong>duodecim,</strong></span> <span class='ocrx_word' id='word_1_403' title='bbox 884 4335 954 4398; x_wconf 87' lang='lat' dir='ltr'><strong>latos</strong></span> <span class='ocrx_word' id='word_1_404' title='bbox 966 4350 1043 4411; x_wconf 91' lang='lat' dir='ltr'><strong>octo,</strong></span> <span class='ocrx_word' id='word_1_405' title='bbox 1063 4336 1202 4414; x_wconf 87' lang='lat' dir='ltr'><strong>Iosephus</strong></span> <span class='ocrx_word' id='word_1_406' title='bbox 1211 4333 1303 4396; x_wconf 76' lang='lat' dir='ltr'><strong>tradit</strong></span> <span class='ocrx_word' id='word_1_407' title='bbox 1370 4337 1373 4346; x_wconf 85' lang='lat'><em>&#39;</em></span> 
     </span>
    </p>
   </div>
   <div class='ocr_carea' id='block_1_9' title="bbox 0 0 1420 4772">
    <p class='ocr_par' dir='ltr' id='par_1_21' title="bbox 0 0 1420 4772">
     <span class='ocr_line' id='line_1_46' title="bbox 0 0 1420 4772; baseline 0 0"><span class='ocrx_word' id='word_1_408' title='bbox 0 0 1420 4772; x_wconf 95' lang='lat' dir='ltr'><strong> </strong></span> 
     </span>
    </p>
   </div>
  </div>
 </body>
</html>
