2796 4774
160 191 219 254 ttt
299 186 411 252 SECT.
436 186 502 249 XL
540 199 667 250 cmrsrr
685 201 903 296 ursunnrmro
923 167 1143 252 rr¹ssccusru
1196 157 1199 162 Ι

161 340 284 404 terserit.
322 339 420 422 Atque
440 339 497 402 hoe
516 349 664 422 praetextu
681 338 978 406 nutmmmnutnnt
997 353 1062 401 suut
1080 343 1283 425 itnahaptistre

161 431 261 480 eontra
271 418 538 500 Paedohaptismum.
566 416 677 478 Solutio
689 429 781 476 tamen
797 437 854 476 nou
874 416 992 477 ditficttts
1010 425 1059 492 est,
1076 420 1100 479 si
1119 421 1183 500 quis
1200 443 1282 500 prae-

161 495 236 576 cepti
259 496 396 556 rationem
421 492 567 572 expendat.
605 493 688 553 lohet
713 493 839 556 Christus
857 493 977 574 perferri
996 496 1029 554 ad
1048 515 1147 556 omnes
1171 495 1282 559 Gentes

161 571 332 654 legationem
361 581 492 630 aeternae
511 567 618 628 salutis:
653 587 712 628 eam
737 569 883 628 confirmat
906 571 1001 630 addito
1029 571 1155 652 baptismi
1181 574 1280 657 sigillo.

160 649 266 712 Merito
284 659 376 708 autem
395 644 648 782 antehappismum
663 645 773 706 locatur
786 646 864 704 rerhi
882 645 957 718 fides,
977 669 1062 724 quum
1084 650 1195 710 Gentes
1215 650 1280 711 alie-

150 746 215 805 ⁸nae
235 745 348 806 prorsus
368 728 463 782 essent
483 743 498 780 a

160 802 229 881 pulo
248 815 408 858 commuue.
446 797 520 858 Nam
538 797 641 878 alioqui
660 799 777 860 mendax
794 809 868 858 esset
884 798 983 878 ligura,
1009 821 1081 880 quau
1098 815 1279 882 peccatorum

158 875 354 936 remissionem
377 886 406 936 et
429 873 547 953 Spiritus
566 875 672 934 donum
692 873 811 934 ollerret
829 873 993 949 incredulis,
1038 878 1067 936 ui
1090 880 1218 938 nondum
1238 899 1280 939 es-

158 963 222 1048 tent
237 950 496 1046 Chrhfi·memhm.
526 950 597 1047 Fide
614 951 874 1040 autem'aggregari
891 951 989 1011 scimus
1006 899 1039 1010 til
1057 954 1198 1047 populum
1216 957 1278 1032 Dei,

173 1028 679 1184 ..'.t.t¹¹⁵.d'tttt¹dttt..lttt
701 1027 1280 1193 (13ᾙέὅῖΐῖ,ἷξῗρῗὲἶῗῆῗέεῗέἓ

158 1183 245 1244 semel
263 1181 404 1272 amplexus
426 1192 470 1240 est
489 1181 517 1238 in
536 1201 615 1240 suum
635 1179 770 1252 savorem,
791 1201 859 1260 qum
879 1180 999 1250 eundem
1014 1195 1196 1261 prosequatur
1211 1203 1276 1266 erga
1375 1221 1376 1226 κ

158 1279 259 1320 eorum
282 1257 354 1318 lilios
377 1279 411 1321 ac
435 1269 564 1336 nepotes.
604 1257 808 1318 communiter
820 1277 851 1315 se
870 1257 977 1316 ¹Christi
998 1259 1119 1316 arlveutu
1138 1260 1274 1319 Gentibus

157 1359 192 1400 ac
211 1337 320 1396 ludaeil
358 1345 449 1402 aerem,
465 1331 602 1400 exhibuit:
622 1353 693 1412 quae
713 1351 783 1413 ergo
804 1333 871 1391 olim
890 1333 997 1394 ludaeis
1015 1333 1075 1392 tiata
1091 1335 1144 1392 fuit
1157 1337 1277 1416 promis-

158 1413 215 1488 sio,
239 1412 315 1476 inter
333 1355 442 1470 ierus
466 1409 550 1469 hodie
569 1429 683 1488 quoqne
700 1409 796 1488 vigeat
815 1421 931 1470 necesse
949 1413 1188 1483 est‚‘'Ero·Deus
1206 1426 1276 1487 tuus,

159 1501 187 1550 et
208 1491 284 1548 Deus
303 1487 415 1547 seminis
434 1485 478 1576 tui
492 1497 557 1568 post
574 1497 604 1545 te
623 1485 714 1562 (Gen.
734 1489 783 1558 17,
801 1484 854 1560 2).
892 1486 936 1544 Ita
956 1503 1013 1558 eos,
1034 1487 1081 1564 qui
1098 1487 1155 1546 fide
1172 1489 1205 1546 in
1224 1492 1278 1548 lic-

549 741 596 794 eo,
619 743 674 782 nec
697 721 843 802 quicquam
865 720 1002 782 haberent
1028 725 1208 790 cum.electo
1227 749 1277 808 po*
1375 779 1376 792 ,

158 1563 269 1626 elesiam
287 1563 342 1624 Dei
359 1564 478 1644 ingrcssi
496 1573 574 1634 suut,
599 1563 725 1622 videmus
751 1583 815 1620 cum
839 1573 886 1622 su'a
904 1561 1001 1623 s'obole
1020 1563 1126 1622 censeri
1144 1566 1174 1624 iu
1196 1559 1279 1626 Chri·
1316 1595 1319 1601 Δ
1375 1587 1376 1592 ’

160 1643 195 1704 sti
221 1641 367 1716 memhris,
391 1651 419 1699 et
443 1639 471 1698 iu
496 1639 587 1699 salutis
610 1638 805 1700 haereditatem
826 1637 906 1710 simul
924 1638 1026 1700 rotari.
1064 1641 1125 1699 Nec
1144 1663 1216 1701 vero
1235 1665 1279 1702 se-

178 1733 271 1779 aratur
289 1717 343 1778 hoc
363 1715 449 1776 modo
468 1717 625 1796 Baptismus
643 1737 659 1774 a
677 1715 731 1774 fide
751 1715 795 1774 vel
813 1715 950 1787 doctriua,
963 1715 1032 1794 qnia
1049 1714 1114 1774 licet
1131 1719 1215 1795 pueri
1234 1719 1278 1777 in-

156 1739 248 1856 ientes
267 1794 391 1853 nondum
415 1811 466 1872 per
484 1803 604 1850 aetatem
624 1789 678 1850 lide
695 1791 851 1874 percipiant
871 1789 924 1850 Dei
943 1792 1066 1873 gratiam,
1086 1793 1161 1852 Deus
1181 1805 1278 1852 tamen

157 1890 257 1932 eurum
299 1879 408 1926 arentes
431 1867 601 1944 compellans
623 1867 697 1946 ipsos
723 1867 807 1926 etiam
836 1867 1039 1947 complectitur.
1078 1868 1159 1945 Nego
1184 1869 1277 1950 igitur

156 1959 264 2008 temere
281 1889 449 2033 haptismum
469 1940 620 2002 infantibus
639 1941 773 2018 conferri,
792 1945 827 2001 ad
846 1963 929 2022 quern
942 1944 1078 2002 Dominus
1093 1947 1141 2003 'eos
1161 1944 1273 2018 invitat,

156 2025 223 2084 dum
242 2019 273 2082 se*
293 2018 345 2078 illrs
365 2017 503 2100 promittit
522 2017 587 2077 iore
604 2017 635 2076 in
655 2021 757 2078 iteum.
796 2021 832 2078 ln
851 2025 963 2078 nomine
977 2025 1086 2098 patris.
1121 2021 1176 2079 llic
1195 2015 1276 2082 loeus

155 2101 254 2174 docet,
278 2096 389 2180 plenam
414 2105 442 2154 et
461 2094 594 2174 ¹liquidam
617 2095 672 2156 liei
691 2097 832 2170 notitiam,
855 2119 925 2177 quae
950 2097 1067 2156 obscure
1090 2109 1200 2180 taptum
1226 2101 1276 2159 suh

155 2177 236 2260 Lege
261 2188 289 2237 et
315 2171 460 2254 Prophetis
478 2173 640 2232 adumbrata
665 2171 770 2247 luerat,
796 2174 907 2234 demum
931 2173 1071 2234 emersisse
1094 2174 1146 2234 suh
1172 2174 1278 2236 Christi

155 2273 258 2336 regnu.
295 2251 417 2311 Veteres
440 2249 553 2330 quidem
579 2249 671 2310 Deum
698 2268 839 2328 nunquam
863 2249 920 2309 ausi
939 2251 1056 2311 luissent
1072 2271 1176 2311 vocare
1196 2273 1273 2311 suum

155 2343 278 2412 patrem,
306 2327 360 2386 nisi
382 2326 455 2386 hanc
480 2325 607 2384 fiduciam
632 2326 812 2408 sumpsissent
833 2347 849 2384 a
873 2325 1115 2404 Christocapites
1145 2347 1200 2387 nec
1221 2328 1270 2387 illis
1375 2391 1376 2394 ,

155 2426 273 2488 prorsus
291 2402 435 2484 incognita
454 2411 513 2461 erat
532 2413 645 2460 aeterna
664 2401 719 2460 Dei
737 2401 886 2480 sapientia,
910 2423 980 2480 quae
999 2401 1061 2461 lons
1081 2415 1142 2462 erat
1161 2403 1228 2465 lucis
1246 2416 1274 2464 et

154 2485 237 2544 ritae.
278 2481 374 2538 Unum
399 2479 481 2540 etiam
501 2499 535 2537 rx
554 2478 688 2536 confessis
706 2477 849 2558 principiis
871 2490 943 2551 erat,
966 2479 1159 2538 Deum'suatu
1186 2481 1275 2540 virtu-

154 2573 212 2620 tem
236 2558 266 2618 in
290 2556 398 2636 Spiritu
420 2566 519 2614 sancto
538 2571 677 2613 exserere.
716 2555 773 2613 Sed
793 2567 891 2614 exortu
911 2553 1054 2635 Evangelii
1071 2553 1158 2646 louge
1177 2557 1274 2616 clarius
1375 2569 1376 2572 ’

154 2635 205 2695 suh
230 2633 320 2693 trihus
343 2631 470 2712 personis
494 2629 646 2721 patefactus
670 2627 721 2688 fuit
745 2632 836 2690 lleus:
868 2631 932 2714 quia
953 2642 1022 2713 tunc
1040 2633 1172 2694 Paterna
1192 2634 1274 2705 Filio,

153 2711 216 2771 viva
235 2720 264 2769 et
283 2727 411 2786 expressa
432 2727 480 2766 sua
500 2710 629 2839 imagine,
649 2706 830 2785 conspicuum
850 2727 880 2766 se
900 2707 1033 2766 exhihuit:
1058 2707 1184 2770 Christus
1203 2731 1272 2770 vero

152 2787 213 2868 ipse
232 2785 307 2846 claro
328 2783 447 2864 Spiritus
465 2785 508 2844 sui
527 2784 640 2865 ingere
656 2785 790 2842 mundum
808 2783 956 2857 irradians,
982 2796 1011 2843 et
1034 2783 1109 2843 hunc
1129 2796 1162 2844 et:
1180 2808 1211 2845 se
1228 2787 1272 2866 ip-

88 2869 93 2878 '
152 2885 212 2925 sum
233 2855 462 2946 cognoscendum
481 2860 630 2939 praebuit.x
658 2859 808 2918 Caeterum
830 2881 888 2932 non
908 2861 956 2920 abs
972 2879 1005 2932 re
1024 2860 1125 2933 Patrios
1146 2861 1221 2936 Filii,
1241 2874 1271 2920 et

151 2941 272 3022 Spiritus
297 2957 427 3018 expressa·
449 2936 493 2996 hic
512 2935 544 2996 fit
563 2936 686 3009 mentio,
715 2935 779 3014 quia
797 2936 875 2994 aliter
895 2937 1027 3016 Baptismi
1045 2937 1085 2996 ris
1103 2939 1285 3016 apprehendi.

150 3039 209 3078 non
232 3027 340 3100 potest,
364 3031 446 3094 quam
469 3013 491 3072 si
519 3013 674 3095 agrituita
696 3012 786 3071 Patris
805 3013 991 3075 misericordia
1009 3013 1118 3072 initium
1137 3017 1198 3089 liat,
1222 3017 1271 3095 qui

150 3117 202 3154 nos
227 3115 279 3176 per
298 3092 398 3150 Filium
418 3089 594 3171 unigenitum
618 3089 677 3147 stht·
689 3089 864 3149 reconciliate
895 3089 994 3149 deinde
1016 3089 1183 3166 intercilium
1201 3111 1269 3171 pro-

149 3173 213 3230 deat
233 3169 360 3230 Christus
379 3167 438 3247 ipse
461 3189 524 3226 cum
544 3166 642 3226 mortis
661 3173 725 3225 sua'c
745 3166 886 3239 sterilium,
906 3175 936 3225 et
955 3167 1063 3225 taudem
1087 3168 1198 3226 accedat
1216 3168 1265 3227 eti-

148 3268 192 3306 am
207 3245 327 3326 Spiritus
347 3257 466 3316 sanctus,
486 3263 538 3323 per
556 3261 640 3321 quern
660 3263 713 3302 nos
726 3241 814 3314 abluit
828 3265 860 3302 ac
881 3243 1183 3336 regeneratz·deoique
1197 3265 1265 3302 suo-

36 3317 42 3326 ’
110 3321 111 3324 ’
147 3344 211 3382 rurn
236 3320 362 3379 omnium
386 3320 526 3380 honorurn
551 3329 699 3382 consortes
722 3317 798 3377 iacit.
819 3308 881 3379 'itta
904 3319 1039 3391 ridemuss
1072 3336 1126 3378 uec
1145 3319 1198 3378 rite
1217 3339 1267 3378 eo-

118 3399 121 3410 ’
148 3394 248 3484 gnossi
267 3397 376 3469 Deum,
387 3409 390 3416 '
402 3395 456 3456 uisi
478 3395 609 3456 distincte
631 3395 704 3454 fides·
719 3387 821 3454 nostia
829 3396 938 3456 't'res'iu
955 3415 1013 3454 ursa
1031 3395 1156 3467 esseutia-
1171 3417 1268 3476 perso.
1347 3420 1351 3439 .

148 3496 197 3536 nas
217 3469 365 3548 concipiat,
389 3484 417 3530 et
437 3471 501 3530 iude
519 3471 652 3550 Baptismi
667 3469 821 3530 'efficaciam
836 3471 1021 3550 *tenemurque
1040 3483 1167 3544 manaret
1183 3473 1265 3551 ‘quod

147 3551 226 3612 Deus
251 3549 335 3608 Pater
358 3546 388 3604 iu
410 3547 482 3604 Filio
506 3566 557 3606 suo
571 3560 629 3604 'nos
649 3545 775 3623 adoptat,
793 3555 838 3605 ‘et'
870 3547 1193 3628 erspitltutua’carnis
1213 3567 1268 3606 uo·
1362 3582 1367 3588 -

147 3641 221 3689 strae
241 3621 369 3686 sordibus
388 3631 521 3702 purgatos
539 3623 676 3698 reformat
695 3621 725 3704 irr
744 3571 875 3684 insumi,
984 3635 986 3642 >
1168 3633 1175 3654 ·.

222 3707 309 3764 Marc.
330 3702 375 3762 16.
413 3700 476 3776 Qui
495 3698 660 3758 crediderit.
699 3699 779 3758 llaec
801 3699 949 3780 promissio
968 3699 1178 3776 irritarlisrncta,
1198 3721 1265 3781 quse

127 3781 238 3840 'totum
254 3779 407 3840 ¹humanum
427 3795 515 3858 genus
534 3777 567 3834 ad
585 3775 668 3848 fidem
688 3775 821 3835 alliceret:
841 3776 926 3837 sicuti·
939 3770 1051 3834 rursum
1067 3777 1267 3838 ariterreuclos
1375 3789 1376 3792 ’

146 3855 305 3916 incredulos
326 3854 417 3936 gravis
441 3851 525 3919 erictt,
539 3852 723 3913 denuntiatio*
736 3853 868 3932 sequitur..
908 3853 998 3912 Porro
1023 3853 1206 3912 mittim'uou
1225 3867 1266 3914 est

146 3934 262 3992 salutem
305 3929 413 3988 romitti
434 3927 571 3988 fidelihus:
600 3929 824 4008 quia'credendo
842 3929 873 3987 in
892 3927 993 3988 Filium
1016 3929 1071 3992 Dei
1089 3929 1265 4010 unigenitum

145 4029 206 4065 nou
224 4006 272 4064 mo
293 4026 310 4063 o
332 4015 482 4065 censentur
500 4005 551 4083 ipsi
570 4005 644 4063 inter
662 4005 717 4063 Dei
735 4005 814 4078 lilios,
832 4002 882 4066 seri
899 4005 1018 4086 gratuita
1032 4005 1186 4082 iustitlaet
1200 4005 1269 4088 Spi-

120 4093 122 4104 ’
145 4081 202 4140 ritu
226 4080 447 4160 regenerationis
471 4080 567 4139 donati
589 4095 725 4138 summam
744 4093 884 4148 aeternae
899 4079 1144 4160 vitaeposstdent
1188 4081 1262 4142 Com

143 4153 197 4228 fide
216 4155 361 4233 Evangelii
380 4155 534 4234 Baptismus
554 4153 742 4236 coniungitur,
761 4165 795 4213 ut
813 4147 930 4215 sciamus
941 4155 1110 4234 insculptam
1128 4157 1186 4217 illic
1205 4172 1262 4218 etse

144 4227 236 4285 salutis
260 4240 375 4288 nostrae
400 4241 510 4291 notam:
534 4233 587 4291 nisi
611 4230 685 4290 enim
707 4231 741 4288 ad
765 4233 918 4290 testandam
936 4229 992 4290 Dei
1032 4233 1128 4292 ratiam
1148 4233 1260 4304 valeret,

142 4297 296 4373 improprie
318 4302 430 4362 dixisset
452 4305 598 4383 Christus,
627 4307 728 4381 euhoe
745 4307 818 4380 fene
840 4310 894 4384 poi
916 4251 1095 4368 creatione
1115 4312 1265 4385 urespri-

445 4467 453 4502 l
703 4503 706 4508 ,
896 4494 900 4505 .
1071 4495 1075 4498 .

506 4522 509 4526 '
806 4531 810 4546 e
