2804 4762
278 201 365 311 (iu.
398 225 567 290 uomit
585 225 692 309 tempo
709 225 790 310 pubi.
801 266 809 298 „
828 227 914 294 utcu
937 227 1084 308 seete)
1193 233 1251 296 sos

113 379 308 460 Quantumvis
332 379 410 444 enim
432 375 576 461 multiplex
598 389 668 440 tunc
691 391 765 444 essct
785 380 1009 444 ceremoniarum
1027 380 1123 464 copia,
1143 373 1252 444 docere

102 471 213 520 -taineu
230 450 356 522 breviter
373 455 493 524 Iudaeos
512 455 602 520 voluit
619 455 712 533 Deus,
735 477 870 538 quorsum
887 452 945 522 illas
963 479 1063 527 omnes
1079 457 1181 519 referii
1198 459 1251 520 do-

113 545 211 610 ceret,
236 553 341 616 nempe
364 545 397 594 ut
419 532 598 668 spiritualiter
621 532 631 594 i
651 554 712 594 sum
736 534 876 610 colerent,
899 535 982 598 sicuti
1006 534 1105 597 clarius
1128 533 1255 602 hahetur,

112 609 231 672 Psalmo
250 613 299 674 50.
337 611 436 671 Narui
457 608 483 670 ic
505 629 621 690 quoquo
667 629 715 670 eus
737 610 831 671 omitia
870 611 960 677 letatii
980 611 1113 674 exercitia
1131 611 1166 672 ad
1182 631 1250 692 pre-

114 685 261 748 cationem
278 697 402 776 revocat.
438 685 482 746 At
500 707 552 746 ooo
563 686 690 762 feriatis
708 687 802 748 illam.
837 633 990 774 'Significat
1009 688 1153 762 Christus,
1178 708 1249 778 que-

114 761 268 824 simoniam
286 761 421 824 Ieremiae
440 773 604 841 competere
622 763 705 822 etiam
723 763 753 822 in
771 777 852 824 suum
870 776 927 826 tem
949 787 989 842 us,
1008 783 1066 845 quo
1081 783 1145 824 non·
1156 783 1250 824 minus

114 837 247 900 vitiatum
272 849 333 900 erat
360 837 505 922 templum.
554 837 698 930 Propheta
722 837 882 919 hypocritas
904 785 1050 924 obiurgat,
1076 839 1125 920 qui
1149 837 1257 920 templi.

115 913 217 976 fiducia
234 914 369 996 peccandi
385 913 527 976 licentiam
545 911 598 973 sibi
617 913 808 997 indulgebant.
839 916 912 978 Nam
929 937 1016 996 quium
1029 917 1084 978 Dei
1100 915 1248 977 consilium

3 1037 4 1056 .
117 1002 201 1066 esset,
218 992 335 1054 ludaeos
355 992 479 1052 externis
498 987 641 1070 symbolis,
660 991 737 1070 quasi
756 989 931 1066 rudimentis,
948 993 985 1052 ad
1002 1010 1097 1054 veram
1115 991 1250 1072 pietatem

2 1114 4 1121 .
71 1065 75 1080 '
117 1067 271 1143 instituere,
289 1067 373 1129 sicuti
392 1065 548 1148 hypocritis
565 1064 695 1128 sollenne
715 1077 765 1140 est,
788 1066 846 1127 eius
865 1067 1014 1128 veritatem
1033 1078 1202 1130 convertere
1218 1067 1250 1126 in

3 1199 4 1212 ,
116 1143 289 1216 mendacium
311 1142 405 1222 (quasi
424 1139 567 1203 sufficeret
585 1141 709 1202 externis
730 1141 898 1204 ceremoniis
916 1143 982 1204 dare
1001 1143 1146 1223 operam),
1172 1142 1250 1205 mani

115 1217 210 1299 templi
233 1229 381 1300 praetextu
405 1217 536 1278 contenti
560 1229 650 1278 erant
687 1217 833 1278 Reclamat
855 1229 950 1278 autem
974 1215 1131 1300 Propheta,
1155 1219 1253 1280 Deum

114 1295 220 1386 templo
236 1295 357 1362 ininitue
373 1292 489 1360 attium
506 1312 567 1357 este
584 1291 631 1355 vel
650 1291 817 1354 ceremoniis
834 1286 986 1377 alligatum,
1005 1293 1127 1374 ideoque
1146 1293 1251 1354 fallaci·

112 1382 159 1442 ter
176 1372 274 1432 iactari
292 1368 393 1458 templi
412 1387 532 1443 nomen,
553 1371 629 1450 quod
647 1369 808 1449 speluncam
827 1369 968 1433 latronum
987 1369 1122 1432 fecerant.
1160 1368 1252 1430 Sicuti

113 1447 193 1508 enini
212 1445 343 1509 audacius
361 1465 392 1503 in
403 1443 502 1522 ,auios
524 1444 629 1506 eluncis
643 1459 765 1538 peceant
783 1445 1008 1528 latrones,.quia
1031 1446 1060 1508 id
1081 1465 1113 1510 se
1134 1445 1252 1527 impune

113 1521 264 1586 confidunt
286 1520 424 1596 facturos,
448 1519 488 1582 sic
502 1465 665 1603 hypocritis
688 1542 723 1582 ex
746 1522 851 1604 liuticio
872 1523 982 1604 pietatis
1001 1522 1124 1584 obtentu
1148 1521 1252 1585 crescit

114 1597 239 1673 audacia,
258 1608 291 1656 ut
303 1597 370 1656 Deo
388 1617 442 1678 pro
463 1600 594 1658 amodum
611 1598 735 1661 illudere
745 1619 805 1674 pon
824 1599 961 1666 dubitent.
992 1601 1085 1662 Porro
1105 1599 1170 1680 quia
1189 1617 1253 1666 iite-v
1300 1645 1303 1652 ι

104 1685 145 1743 ,ta
164 1671 235 1734 hora
252 1671 403 1754 speluncae
474 1693 574 1736 omnes
593 1674 767 1756 corruptelas
787 1675 955 1752 extenditur,
977 1674 1073 1738 locum
1089 1675 1251 1758 Prophetae
1286 1704 1290 1720 =

115 1694 246 1812 Christus
261 1761 422 1830 opportune
434 1749 469 1812 all
483 1763 660 1831 praesentem
675 1773 785 1822 causam
797 1753 1002 1822 accommodat.
1037 1753 1161 1814 Additur
1176 1749 1251 1834 apud

114 1828 258 1898 Murcum,
278 1824 398 1888 vetuisse
413 1825 565 1902 Christum,
585 1847 624 1888 ne
643 1827 704 1908 quis
717 1850 765 1888 vas
783 1849 836 1910 per
851 1829 986 1911 templum
1004 1827 1114 1892 ferreti.
1125 1828 1183 1890 hoc
1197 1837 1251 1902 est,

113 1924 174 1972 non
189 1923 250 1964 esse
285 1923 388 1976 usum,
404 1901 553 1996 quicquam
571 1903 627 1968 illic
646 1921 662 1964 a
681 1904 766 1966 sacris
785 1905 907 1968 alienum
925 1906 1055 1988 spectari
1077 1907 1151 1969 Nun
1164 1907 1251 1965 omia
1313 1907 1316 1922 '

113 1977 230 2040 nomine
277 1978 370 2043 ebraei
387 1979 505 2058 quodvis
520 1979 696 2061 supellectilis
715 2001 805 2063 genus
823 1994 934 2043 notam.
970 1984 1007 2042 ln
1028 2004 1151 2057 summa,
1169 1981 1252 2062 quio-

114 2055 182 2135 quid
199 2053 298 2136 templi
315 2055 493 2117 reverentiae
511 2067 542 2118 et
559 2057 694 2122 maiestati
714 2058 856 2134 obstabat,
880 2058 1009 2120 Christus
1030 2059 1149 2120 sustulit.

132 2167 135 2176 .
178 2135 238 2194 ld.
274 2133 471 2192 decesserunt
490 2136 567 2192 coeci
585 2143 615 2192 et
634 2135 746 2192 claudi.
784 2136 830 2209 Ne
847 2135 998 2196 auctoritas
1017 2133 1076 2210 illa,
1094 2155 1177 2216 quain
1197 2126 1252 2194 sihi

114 2217 229 2344 praeter
253 2208 387 2273 usitatum
411 2227 523 2269 moreni
549 2221 730 2289 usurpaverat
755 2207 899 2285 Christus,
926 2211 1094 2270 temeritatis
1121 2219 1253 2290 suspecta

129 2296 207 2358 oret,
233 2303 294 2346 eam
319 2283 461 2346 miraculis
487 2283 614 2344 asseruit.
663 2283 785 2346 Claudos
810 2296 935 2366 ergoet
961 2291 1067 2346 coecos
1087 2285 1118 2360 in
1142 2282 1252 2364 templo

114 2359 234 2436 sanavit,
260 2359 293 2420 ut
316 2359 407 2440 palam
431 2358 526 2433 fieret,
546 2379 622 2438 ¹veie
644 2357 676 2418 in
700 2371 766 2419 euin
785 2369 949 2440 competere
967 2359 1087 2426 Messias
1097 2359 1151 2420 -ius
1168 2369 1253 2438 atque

97 2435 268 2504 honorem:
296 2455 362 2505 pam
385 2455 449 2496 euin
470 2432 633 2514 Prophetae
657 2431 701 2494 his
724 2434 799 2495 uotis
824 2433 989 2516 insigniunt.
1038 2435 1124 2496 Unde
1148 2431 1253 2496 iterum
1339 2472 1344 2488 .

114 2510 297 2605 perspicimus
356 2509 393 2570 od
407 2509 497 2600 paulo
515 2520 582 2570 ante
601 2509 748 2586 admonui,
771 2530 833 2570 non
857 2529 917 2572 esse
940 2505 1089 2572 utriuslibet
1106 2531 1123 2572 e
1140 2509 1250 2604 populo

114 2586 220 2663 imitari
240 2583 295 2644 hoc
336 2585 421 2652 bristi
435 2584 550 2659 facturn,
569 2606 607 2646 ue
625 2605 656 2646 se
672 2585 879 2648 inconsiderate
897 2585 928 2648 in
947 2583 1049 2648 solium
1063 2588 1183 2649 Messias
1202 2605 1254 2648 exa

31 2709 37 2718 ,
114 2661 206 2724 tollat.
244 2663 311 2722 Hoc
349 2659 443 2722 uidem
460 2661 613 2725 tenendum
634 2673 690 2738 est,
713 2661 826 2745 claudos
845 2673 874 2723 et
892 2682 1011 2741 coecos,
1032 2663 1080 2745 qui
1098 2661 1255 2734 samolo,

115 2749 210 2813 erum,
228 2682 418 2830 testesvluisse
435 2736 552 2831 divinae·
567 2737 676 2800 Christi
693 2738 821 2816 virtutis,
839 2738 897 2802 acsi
914 2741 995 2803 Deus
1013 2757 1031 2802 e
1049 2739 1132 2804 coelo
1150 2738 1253 2803 turbae

115 2835 299 2900 praeconium
318 2834 368 2881 tua
385 2833 458 2877 voce
476 2826 606 2880 sanciret.
809 2833 814 2840 ·
1252 2867 1256 2876 .

169 2937 170 2941 ,
193 2893 239 2954 15.
281 2889 380 2968 Quum
401 2891 547 2952 uidissent
565 2894 724 2971 principes.
762 2892 854 2954 Lucas
877 2903 987 2970 narrat,
1005 2892 1173 2956 Pharisaeos
1195 2889 1252 2954 lam

1 2984 2 2997 ¹
114 2967 146 3028 in
164 2967 210 3030 ria
231 2967 359 3058 coepisse
377 2965 550 3049 obstrepere.
581 2967 651 3032 'Soli
668 2980 737 3030 tunc
756 2967 882 3048 discipuli
901 2968 1070 3032 clamabant:
1095 2969 1149 3030 illis
1167 2967 1252 3029 volu-

114 3043 360 3134 eruntsilentium
378 3042 473 3106 indici.
505 3044 824 3134 Responditiihristus,
843 3044 947 3108 frustra
965 3047 1046 3126 ipsos
1061 3055 1168 3134 conten
1220 3063 1253 3134 εξ

115 3120 180 3200 quii
203 3131 300 3202 potius
324 3119 475 3200 clamorem
498 3141 515 3182 a
539 3117 675 3202 lapidibus
700 3120 870 3208 exprimeret
890 3121 985 3197 Deus,
1031 3141 1096 3206 uam
1120 3119 1174 3180 Fi·
1208 3141 1265 3183 siu.

115 3216 237 3332 regnpim
255 3195 340 3335 qlplriii
358 3195 473 3288 sinepet
524 3195 668 3288 Credildle
679 3201 853 3336 'auteipdesh
875 3141 1083 3334 quusiiuiqdlluqi
1092 3195 1174 3288 fieret
1191 3196 1267 3260 cla-s

115 3293 214 3412 tlt.
234 3295 268 3440 {a
290 3282 765 3441 taatbt‘ttttjttttt
785 3285 899 3410 tt‘tb
917 3284 1252 3441 ’Μηξηὲηἱῗᾨέἳὲ

116 3445 172 3489 ios.
220 3425 365 3488 Videntur
382 3438 476 3488 autem
494 3425 609 3506 ohhque
628 3424 708 3486 illum
726 3427 872 3501 mordere,
914 3447 962 3486 um
982 3425 1121 3491 ohuciuut
1137 3447 1170 3488 ca
1190 3438 1253 3488 tare
1326 3483 1329 3492 Δ

114 3499 225 3592 laudem
242 3501 375 3583 apueris.
403 3503 496 3568 Porro
512 3502 671 3593 nomadum
688 3513 740 3579 est,
758 3503 834 3562 unde
852 3514 918 3593 pata
934 3501 1022 3566 luerit
1038 3523 1138 3567 eorum
1154 3449 1251 3572 olleo-'2

115 3594 168 3658 sio.
200 3577 309 3659 Impiae
325 3577 440 3658 quidem
455 3577 576 3640 malitiae
594 3599 627 3641 ae
645 3577 787 3647 virulento
798 3579 861 3640 Uei
880 3580 1059 3658 contemptui
1075 3579 1159 3640 luisse
1178 3597 1251 3647 cou-

115 3652 255 3728 iunctam,
278 3653 351 3714 inde.
364 3663 454 3744 patet,
478 3655 558 3736 quod
577 3675 639 3717 nou
660 3655 754 3718 minus
777 3675 826 3716 eos
845 3667 998 3736 torqueant
1013 3655 1146 3718 miracula
1163 3672 1251 3742 quam

116 3727 221 3800 &ustae
238 3727 465 3794 acclamationes:
493 3731 542 3793 sed
561 3751 638 3792 nunc
657 3731 759 3812 aliquid
780 3731 871 3813 magis¹
886 3731 1005 3811 speciale
1024 3751 1144 3824 quaero,
1167 3728 1250 3809 quide

117 3825 183 3866 iiam
203 3821 253 3866 eos
271 3805 390 3866 maxime
408 3806 569 3890 pupugerit.
616 3807 727 3870 Scimus
747 3819 856 3883 autem,
880 3829 963 3887 quam
990 3811 1095 3872 acriter
1119 3823 1174 3886 pro
1196 3824 1249 3872 auo

96 3881 179 4019 titt
192 3880 396 4018 33ῗέἲίῗέἑέ
418 3882 765 4022 ltt..‘t¹¹tsttl³.l.t⁰⁸
780 3883 875 4022 {tlt
891 3883 1251 4022 tttttt'tdttttt

116 4033 229 4115 imperit
271 3997 415 4107 immod
442 4033 465 4094 ii
487 4033 532 4114 pte
553 4034 562 4092 i
584 4035 704 4096 niumm
728 4034 837 4111 iussi,
862 4034 978 4098 cino
1001 4033 1112 4116 regim
1136 4029 1250 4100 deferre

117 4131 238 4172 nomen:
256 4107 339 4170 etiam
359 4109 388 4170 in
406 4108 490 4170 rebus
509 4110 622 4173 minutis
640 4133 688 4174 sua
707 4112 820 4172 decreta
838 4111 971 4175 volebant
990 4129 1045 4189 pio
1059 4103 1178 4168 oraculis
1196 4108 1250 4178 bae

117 4187 193 4264 heri,
220 4185 428 4268 nequicquam
452 4185 498 4247 vel
515 4186 637 4266 probare
656 4187 702 4248 vel
722 4187 839 4250 relicere
862 4186 902 4248 ias
927 4195 997 4248 esset
1019 4183 1073 4244 nisi
1095 4205 1134 4246 ex,
1148 4203 1249 4246 eorttot

118 4263 230 4344 placito.
268 4261 369 4342 Itaque
387 4261 537 4326 absurdum
554 4283 588 4324 ac
605 4283 769 4346 perversum
789 4282 851 4326 esse
865 4261 998 4331 iudicant,
1017 4278 1033 4316 a
1052 4257 1134 4336 plebe
1152 4255 1249 4322 ornari
1276 4297 1279 4304 ,

1 4391 3 4410 ,
119 4341 277 4423 quempiam
297 4339 419 4428 Moesiae
433 4339 527 4417 titulo,
546 4361 634 4424 quein
651 4339 704 4424 ipsi
722 4337 799 4403 nullo
819 4335 907 4418 gradu
924 4332 1085 4415 dignentur.
1111 4335 1151 4396 Et
1168 4346 1247 4403 certe
