2790 4764
26 245 28 308 ,
154 247 156 252 ,
248 215 377 300 ·.·-
455 211 865 294 (mammam.)
1181 220 1220 292 u

26 329 46 414 ¹-s
92 367 177 450 ,moa
193 387 227 430 se
242 367 338 430 uim
357 385 418 450 aaa
435 364 600 448 praemon
617 365 730 436 avum
756 367 865 444 sarua,
883 367 955 428 aar
973 366 1037 429 uua
1058 368 1220 460 aestuas·

27 507 28 512 ,
53 507 55 516 χ
101 456 221 506 testatur
240 441 453 508 aduersandum
470 441 699 526 quodpericrat¹
815 465 909 526 quum.
924 441 1007 508 nobis
1029 443 1113 509 hodie
1139 465 1220 508 eom-

101 521 198 582 munis
215 519 252 582 sit
270 519 329 612 eiuq
346 519 433 610 gratia
451 539 515 580 eum
533 519 655 594 ludaeis,
676 517 849 605 colligimus,
871 519 960 603 quatis
976 521 1014 584 sit
1031 534 1128 612 nosue
1146 542 1218 584 con-

27 524 32 603 i
95 597 187 672 ditio,
211 597 301 658 donec
319 617 377 677 ipse
395 605 526 676 appareat
541 595 625 660 nobis
644 598 788 659 Servatur.
898 631 901 639 ,
1040 669 1043 676 ,

172 675 226 736 ⁸25.
262 673 322 734 Illo
342 675 422 732 uenit
444 680 475 731 et
495 672 644 752 adorauit.
682 673 803 736 Videtur
820 669 922 736 mulier
941 671 1131 738 obstinatione
1149 697 1219 758 qua·

93 751 169 814 ,dam
190 748 296 824 luctari,
320 759 353 811 ut
373 747 408 808 'ab
429 745 519 809 invito
543 747 645 840 aliquid
668 761 845 841 extorqueat,
871 749 921 812 sed
943 769 1003 810 non
1024 751 1139 814 dubium
1165 764 1218 826 est,

93 825 173 908 quin
191 837 323 917 concepta
341 823 377 886 de
394 823 516 886 Messias
534 822 665 899 bomtate·
678 823 746 888 fides
762 823 837 887 illam
855 823 895 887 sic
913 827 1085 900 ammaverit.
1129 827 1219 906 Quod

94 916 194 963 autem
209 900 319 964 Christo
339 900 467 988 praecise
486 911 618 982 negante,
636 897 694 964 boe
713 922 772 964 esee
791 901 842 962 sni·
854 901 949 977 officii,
970 923 1031 964 cani
1042 905 1219 966 conterruit

102 1001 171 1059 repo
192 978 292 1054 ianm
310 997 405 1068 neque
423 975 538 1064 deduxit
557 995 572 1034 a
590 977 745 1068 proposito,
764 975 831 1038 binc
850 973 955 1038 iactum
975 989 1033 1052 est,
1045 979 1119 1058 quod
1138 981 1219 1063 peni-

100 1067 145 1116 tus
163 999 246 1116 ticina
269 1055 299 1114 in
324 1073 422 1134 priore
439 1051 500 1126 tto,
526 1073 609 1131 quem
625 1053 694 1126 dixi,
716 1051 781 1114 fidei
799 1073 883 1114 sensu
900 1050 970 1112 nihil
987 1053 1047 1134 spei
1064 1073 1130 1115 suae
1149 1077 1219 1116 con·

98 1133 212 1192 trarimu
224 1132 351 1204 admisit.
367 1191 369 1196 ,
388 1132 488 1220 Atque
507 1127 661 1202 haeefivera
675 1139 721 1206 cst
738 1127 803 1200 fidei
840 1127 966 1204 robatio,
987 1151 1071 1208 quum
1090 1129 1221 1214 generale

99 1208 189 1270 salutis
213 1220 331 1270 nostrae
355 1205 537 1294 principium,
561 1203 638 1287 quod
663 1200 802 1284 inperito
820 1149 878 1282 llei
900 1195 1047 1268 tmdatum
1065 1219 1120 1284 est,
1143 1205 1221 1268 nullo

99 1287 181 1346 modo
199 1285 285 1346 nobis
305 1282 401 1343 excuti
438 1293 559 1360 atunur„
586 1350 589 1358 ¹
620 1351 625 1362 Ι
690 1291 693 1297 ’
720 1309 748 1342 ·,
932 1315 939 1332 2
1253 1341 1261 1360 ,

169 1363 217 1424 26.
241 1360 328 1420 ,Non
346 1369 392 1418 est
448 1377 555 1418 eorum.
596 1357 657 1418 Iam
678 1351 806 1420 (liniatus
825 1355 948 1435 duriore,
969 1377 1051 1440 qum
1069 1357 1155 1442 prins,
1174 1379 1223 1436 re-

100 1439 211 1518 sponso
231 1457 316 1518 spem
343 1455 457 1510 omnem
480 1431 641 1514 praecidere
664 1431 788 1496 ridetur:
816 1455 878 1498 nou
905 1436 981 1506 enim
1008 1435 1098 1498 solum
1127 1437 1222 1514 docet,

100 1512 231 1595 quicquid
249 1509 359 1592 accepit
378 1530 394 1569 a
412 1511 496 1571 Patre
514 1511 619 1593 gratiam
637 1509 746 1585 Iudaeis
765 1511 875 1588 deherI,
900 1511 1003 1574 stillis
1027 1534 1087 1576 esse
1107 1513 1223 1596 dispon-

99 1591 229 1665 sandum,
254 1609 294 1648 ne
309 1585 445 1724 peculiari
463 1605 514 1646 suo
533 1587 594 1649 iure
612 1585 790 1664 fraudentur,
814 1589 864 1650 sed
886 1599 946 1650 non
970 1590 1031 1652 tine
1053 1590 1223 1652 contumelia

101 1676 245 1750 comparat
256 1686 308 1726 mu
330 1663 428 1725 eremi
448 1684 506 1724 sam
519 1665 767 1748 canisignilicane
778 1663 928 1750 ¹indignam
945 1685 1012 1741 esse,
1030 1685 1101 1748 quae
1116 1666 1223 1746 gratim
1268 1695 1273 1706 ·

100 1765 163 1806 mae
182 1741 328 1824 particeps
346 1739 402 1800 fiat.
428 1685 580 1818 iactemua
598 1752 631 1801 ut
649 1740 722 1820 clare
741 1741 824 1804 nohis
842 1754 936 1826 pateat
952 1763 1058 1818 seusus,
1076 1743 1223 1806 sciendum

101 1831 155 1895 est,
173 1819 222 1880 liic
241 1815 460 1898 vocariyoonem
469 1819 607 1898 filiorum
627 1839 686 1878 non
697 1817 848 1900 ¹quaelibet
865 1819 922 1882 Dei
939 1819 1026 1894 dones
1046 1821 1095 1882 sed
1113 1832 1223 1888 tantum

101 1917 170 1976 quac
193 1894 328 1958 distincte
352 1893 483 1976 Abrahae
509 1893 618 1956 eteius
662 1895 740 1958 eneri
762 1892 928 1958 contuderat
975 1897 1049 1958 Nam
1076 1897 1112 1964 ab
1138 1896 1222 1958 initio

100 1971 198 2036 mundi
216 1971 257 2032 sic
270 1969 366 2032 -etsusa
383 1970 488 2051 ubique
506 1970 561 2032 luit
577 1913 770 2048 Deilonitas,
789 1971 848 2032 imo
867 1971 979 2034 eoelum
998 1984 1028 2032 ct
1045 1985 1148 2036 terram
1168 1974 1223 2038 int-

95 2053 103 2118 ]
121 2047 202 2122 levit,
223 2059 258 2107 ut
280 2060 389 2129 patrem
410 2047 502 2128 ipsum
525 2047 664 2126 senserint
686 2069 784 2126 omnes
808 2048 949 2113 mortales.
994 2049 1052 2122 Sed
1070 2051 1133 2128 quia
1151 2049 1224 2115 fitur

102 2069 235 2185 iuratae
257 2123 364 2206 maiore
386 2121 498 2203 honore
520 2120 770 2206 dignatus,luerat
796 2137 880 2204 quam·
904 2125 955 2191 reli
976 2147 1043 2192 uum
1070 2125 1224 2188 humaniun

104 2219 208 2282 genus,
224 2201 312 2282 rpanis
336 2199 459 2272 filiorum
482 2199 583 2260 dicitur
607 2199 737 2280 quicquid
778 2199 875 2276 roprie
898 2199 932 2260 ad
949 2146 1025 2262 illam
1043 2201 1224 2292 adoptionem

103 2289 226 2368 spectat,
247 2299 299 2357 qua
317 2275 371 2338 soli
390 2275 486 2334 ludaei
506 2271 589 2334 electi
608 2287 688 2341 erant
705 2275 735 2334 in
753 2219 833 2334 ilios.
870 2271 1048 2349 Lueesolis,
1072 2276 1149 2336 vitali
1168 2276 1225 2354 spi-

102 2363 172 2428 ritu,
188 2365 337 2433 terraeque
356 2349 494 2424 alimentis
514 2350 709 2410 communitert
718 2345 884 2410 fruebantur
903 2369 967 2408 cum
984 2349 1106 2410 Iudaeis
1117 2362 1226 2432 gentes,

100 2431 150 2490 sed
169 2427 343 2504 benedictio,
362 2447 434 2507 quac
452 2423 613 2486 inChristo
632 2425 766 2504 speranda
786 2435 855 2497 erat,
872 2421 1011 2484 residebat
1029 2424 1058 2484 in
1071 2446 1127 2486 una
1140 2427 1226 2486 domo
1281 2433 1284 2450 ¹

99 2505 247 2587 Abrabae.
287 2503 465 2590 Queresp'ne
483 2499 643 2582 discrimine
662 2497 746 2582 vulgo
766 2519 921 2580 exponere,
960 2499 1016 2562 uod
1034 2501 1227 2586 Detrssiugu·

99 2582 154 2642 lari
174 2577 325 2669 privilegio
343 2597 432 2658 penes
450 2583 566 2657 gentem
585 2595 669 2635 unam
687 2575 866 2712 deposuerat,
884 2521 960 2638 nihil
970 2575 1042 2639 aliud
1061 2591 1121 2640 erat
1143 2597 1225 2662 quam

102 2653 225 2718 abolere
242 2655 299 2714 Der
318 2653 431 2714 foedus:
457 2673 522 2714 nam
541 2651 595 2714 hoc
614 2651 700 2712 modo
735 2652 837 2728 udaeis,
875 2675 925 2716 nos
944 2653 1080 2718 excellere
1098 2657 1224 2735 decebat,

124 2753 189 2793 ares
208 2728 311 2794 fiebant
329 2738 438 2819 gentes.
480 2728 549 2789 Ideo
570 2727 698 2790 Christus
712 2733 836 2822 prulleio
874 2731 993 2794 iverbo
1010 2733 1114 2808 utitur,
1135 2735 1225 2820 signi-

101 2756 196 2870 icam
215 2825 275 2867 nou
297 2807 373 2867 ltene
394 2804 494 2882 locari,
518 2805 592 2886 quod
611 2805 754 2868 Ecclesiae
770 2807 827 2868 Dei
850 2805 968 2870 ablatum
986 2809 1113 2890 profanis
1131 2809 1225 2872 homi-

29 2888 32 2911 '
103 2887 189 2946 nibus
212 2882 350 2966 rugatur.
375 2882 466 2944 »Hoc
488 2891 581 2944 autem
604 2882 738 2969 restringi
760 2881 846 2945 deb'et
866 2881 1034 2967 ddtempus
1056 2885 1138 2959 illud,
1167 2887 1224 2965 quo

104 2964 186 3024 Deus
204 2958 388 3020 invocabatur
405 2971 512 3020 tantum
531 2960 562 3020 in
579 2961 689 3022 Iudaea.
728 2963 800 3022 Nam
820 2981 854 3022 ex
873 2983 928 3044 quo
948 2964 1049 3024 ascitae
1068 2973 1136 3032 sunt
1153 2981 1227 3042 gen,

27 3113 28 3116 Ἴ
104 3049 148 3101 tes
167 3037 198 3096 in
254 3037 393 3096 nsortium
409 3035 535 3104 eiusdem
554 3035 767 3118 salutis'(quod
785 3036 890 3098 factum
910 3052 966 3116 cst,
990 3037 1041 3099 ubi
1059 3058 1111 3118 per
1133 3034 1225 3104 Evan-

27 3135 28 3146 ¹
105 3056 356 3197 gellone-Quidue
375 3111 479 3191 ubique
497 3111 608 3189 illuxit),
626 3112 766 3174 sublatum
786 3126 829 3174 est
847 3115 1004 3189 discrimen,
1024 3121 1065 3189 ut,
1084 3111 1132 3192 qui
1149 3110 1228 3194 prius

106 3207 192 3252 cunm
212 3195 309 3262 erint,
329 3209 406 3248 nunc
425 3201 591 3267 reputentur
608 3189 686 3250 inter
703 3189 783 3250 filios.
832 3191 983 3252 Caeterum
1001 3190 1048 3250 hic
1066 3187 1155 3250 iaceat
1172 3209 1225 3252 ne-

26 3335 27 3342 ,
105 3287 186 3328 cesse
202 3276 244 3326 est
258 3264 346 3325 camis
362 3264 501 3352 superbia,
522 3264 571 3324 ubi
585 3265 718 3346 audimus,
738 3285 792 3326 nos
805 3267 918 3348 origine
934 3287 995 3328 esse
1010 3286 1102 3329 canes.
1133 3267 1226 3330 Maior

26 3355 27 3396 1
143 3343 221 3402 idem
243 3339 277 3402 ab
300 3331 382 3401 initio
407 3321 463 3418 luit¹
479 3339 616 3401 humanae
634 3351 750 3403 naturae
768 3343 951 3423 praestantia,
977 3343 1013 3402 in‘
1027 3363 1082 3424 qua
1100 3339 1227 3428 fulgebat

26 3431 27 3438 ’
136 3419 162 3482 ei
183 3418 287 3500 iruago,
306 3427 388 3498 quarn
405 3427 512 3476 uttam
531 3417 701 3498 probrosum
719 3439 826 3480 nomen
848 3419 878 3478 in
903 3431 1001 3503 gentes
1024 3439 1122 3482 omnes
1146 3427 1227 3482 comi

26 3501 28 3514 '
126 3505 232 3568 eteret,
260 3493 387 3573 adeoque,
398 3494 441 3564 ,in
461 3494 536 3574 ipsos
560 3513 642 3574 reges
662 3515 733 3574 quos
752 3496 831 3557 Deus
850 3515 902 3556 suo
921 3494 1003 3555 titulo
1022 3497 1150 3582 insignit,
1176 3497 1228 3559 sed
1262 3565 1266 3574 ¹

106 3516 177 3632 iecit
197 3569 285 3650 Adae,
297 3569 411 3651 perfidia
430 3581 458 3651 et
477 3569 617 3644 defectio,
637 3581 669 3630 ut
687 3570 826 3632 Dominus
849 3572 951 3632 merito
976 3592 1040 3633 cum
1059 3575 1174 3644 canibus
1196 3573 1227 3634 iu

106 3643 311 3728 sterquilinium
330 3633 469 3727 proiiciat,
491 3646 539 3728 qni
557 3646 641 3728 primi
659 3647 782 3728 parentis
801 3647 883 3730 culpa
899 3647 966 3727 facti
980 3660 1044 3712 sun't
1058 3652 1225 3733 degeneres:
1273 3696 1278 3714 ,

106 3719 323 3806 praecipienti
342 3721 372 3782 fit
392 3723 563 3860 comparatio
581 3721 663 3784 inter·
676 3725 802 3798 ludaeos,
822 3725 869 3804 qui
889 3727 1010 3808 exempti
1028 3736 1094 3786 sunt
1112 3749 1128 3786 a
1147 3745 1230 3812 com-¹

107 3799 189 3878 moni
210 3810 302 3872 sorte,
327 3809 356 3873 et
374 3819 411 3880 gc
432 3800 454 3867 ti
467 3819 516 3873 es,
535 3798 728 3878 quiensulant
745 3821 761 3860 a
778 3821 869 3883 regno
883 3803 953 3866 net
1004 3802 1113 3864 Clarius
1133 3807 1226 3879 e'xpra·
1259 3840 1285 3859 ,ι

107 3877 196 3937 mitur
214 3863 361 3955 consilium
382 3821 487 3936 eliisei
506 3876 579 3956 apud
597 3877 738 3950 Marcum,
761 3876 810 3936 ubi
829 3876 960 3954 habetur,
982 3883 1045 3938 aina
1064 3881 1151 3956 prius
1174 3895 1226 3932 so-

107 3941 335 4040 terari”fitios.4
359 3951 435 4030 llam
460 3951 636 4014 cananaeam
659 3953 794 4015 admonet
815 3965 997 4036 praepostere
1011 3953 1128 4039 iacere,
1156 3968 1227 4037 quae

107 4029 186 4092 velut
207 4028 239 4088 in
261 4027 353 4086 media
371 4046 461 4094 coena
482 4028 662 4107 inmensam
678 4027 794 4090 involat.
833 4029 985 4091 Caeterum
1004 4046 1127 4108 quamvrs
1145 4033 1228 4105 prae·

108 4106 192 4186 cipue
210 4102 368 4184 respexerit
383 4104 601 4182 adsumendum
618 4105 725 4178 deside
744 4103 867 4176 mulieris
886 4113 1015 4176 eramen,
1035 4099 1117 4164 simul
1129 4111 1231 4162 ‘omen

108 4176 218 4256 docuit,
241 4197 323 4257 quam
341 4177 483 4256 horrenda
500 4181 619 4254 Iudaeos¹
640 4179 709 4257 ultio
727 4192 869 4251 maneret,
890 4179 940 4258 qui
956 4177 1064 4236 bonurn
1082 4175 1229 4260 incompa-¹

107 4255 195 4318 rabile
212 4255 288 4316 ultro
306 4253 359 4317 silui
378 4249 503 4318 oblatum
520 4255 703 4336 respuebant,
727 4256 804 4336 qood
826 4253 885 4314 aliis
907 4249 1007 4348 cupide
1029 4247 1230 4346 ferventerque

26 4381 28 4402 ‚
107 4331 453 4420 appetentibua··neg'alaat.
472 4361 478 4378 ν
497 4379 507 4412 3
586 4355 616 4386 .·
686 4391 693 4402 ,
845 4375 848 4392 2
