2790 4764
175 271 246 353 itt·
447 269 558 334 SEGt'.
576 269 658 348 m.
695 285 772 332 rrsr
788 285 824 332 ns
843 283 1035 338 munsssrn.

262 420 367 503 (loo.)
408 417 578 486 Mansit.
600 423 680 503 xlx,
722 422 754 488 3.
787 423 829 490 Et
851 430 1055 492 accesserunt
1075 419 1117 487 ad
1139 441 1210 486 enm
1231 421 1312 487 Pha-

177 525 243 592 saei
265 531 419 592 tentantes
442 545 529 602 eum,
558 531 591 587 et
612 522 764 615 diceptes
778 525 822 604 ei,
844 523 977 592 Licetne
999 525 1120 598 homini
1141 521 1311 591 divortium

177 627 374 698 leomarum
396 646 498 692 uxore
519 646 579 692 sua
600 623 742 712 qualibet
763 648 800 693 ex
822 631 938 703 causei
981 629 1011 694 d.
1034 627 1102 714 Qui
1114 626 1311 716 respondens

178 732 222 796 eit
249 731 309 808 eis,
337 728 389 794 An
409 747 477 792 non
500 725 630 814 legistis,
651 728 741 816 quod
762 731 804 809 is,
830 731 886 816 qui
909 730 983 794 iecit
1005 727 1047 795 ab
1070 733 1171 810 initio,
1191 751 1314 796 mascn-

177 833 243 904 lum
264 839 298 926 et
318 829 467 898 irminam
490 829 564 898 lecit
586 833 662 898 eos?
726 831 758 897 5.
800 833 842 900 E't
870 831 963 910 dixit,
989 831 1167 920 Propterea
1189 831 1318 898 deseret

176 935 275 1002 homo
301 943 424 1022 patrem
454 942 488 1000 et
514 941 660 1008 matrem,
694 943 727 1002 et
758 933 1005 1023 agglutinabitur
1032 937 1130 1000 uxori
1159 957 1253 1014 suae,
1283 943 1319 1000 et
1350 936 1352 940 ’

176 1045 270 1102 erunt
284 1035 364 1102 'duo
387 1037 421 1102 in
448 1055 576 1102 carnem
603 1057 708 1102 unam.
757 1039 788 1104 6.
820 1039 930 1126 ltaque
955 1040 1017 1103 iam
1045 1047 1112 1107 no'n
1139 1047 1216 1112 sunt
1237 1037 1318 1120 duo,

176 1137 235 1206 sed
261 1161 327 1208 uns
347 1159 439 1205 caro:
470 1137 561 1226 quod
584 1159 661 1230 ergo
682 1136 773 1220 Ilens
796 1141 973 1230 dopulavit,
995 1139 1091 1214 horno
1113 1160 1156 1204 ne
1177 1150 1322 1230 separet:

178 1243 209 1309 t.
241 1240 365 1310 Dicunt
385 1239 453 1320 int,
473 1239 545 1308 Cur
566 1267 643 1334 ergo
664 1245 778 1310 Moses
800 1245 894 1314 iussit
915 1242 992 1312 dare
1013 1241 1156 1320 libellum
1177 1241 1318 1328 repudii,

176 1367 215 1412 oc
241 1344 399 1414 dimittere
424 1347 513 1410 eam?
561 1346 593 1413 Θ.
630 1348 685 1412 Ait
711 1347 790 1425 illis,
824 1347 939 1414 Moses
966 1342 1007 1411 ad
1035 1345 1183 1418 duritiem
1204 1344 1319 1416 cordis

176 1447 275 1518 vestri
300 1447 444 1532 permisit
465 1444 561 1514 vobis
583 1449 754 1538 repudiare
775 1471 894 1517 uxores
915 1460 1050 1516 vestras:
1083 1457 1245 1515 caeterum
1274 1446 1320 1514 ab

175 1550 268 1616 initio
294 1547 451 1614 non'iuit
478 1550 537 1630 sicY
579 1551 609 1614 9.
645 1551 732 1615 Dico
754 1563 860 1622 sutem
881 1549 991 1630 vobis,
1020 1551 1110 1640 quod
1130 1552 1321 1640 quicunque

174 1647 406 1741 repudiaverit
420 1669 550 1716 uxorem
577 1641 685 1734 suam,
711 1654 776 1718 nisi
797 1653 842 1720 ob
863 1663 1021 1740 stuprum,
1051 1663 1082 1719 et
1103 1639 1199 1719 sli'am
1221 1654 1322 1734 dures

174 1755 230 1832 rit,
265 1752 294 1816 is
321 1752 488 1816 committit
513 1749 716 1832 adulterium:
752 1765 784 1822 et
809 1755 866 1842 qui
891 1750 1090 1842 repudiatam
1118 1755 1260 1839 duxerit,
1288 1758 1318 1822 is

174 1850 369 1930 adulterium
389 1855 565 1930 committit.

258 2055 398 2140 MARQ
411 2059 451 2124 X.
467 2057 511 2122 ¹2.
532 2058 575 2124 Et
596 2055 749 2124 adeuntes
768 2057 930 2130 Pharisaei
951 2039 1194 2146 interrogabant
1214 2059 1318 2144 illurn,

173 2163 306 2237 Licetne
329 2165 401 2229 viro
423 2181 557 2228 uxorem
576 2159 765 2248 repudiare?
793 2169 948 2252 tentantes
972 2159 1072 2228 illum.
1114 2163 1147 2228 3.
1177 2166 1221 2230 At
1242 2167 1320 2250 ipso

140 2313 143 2322 .
173 2263 376 2355 respondens
403 2263 481 2342 dixit
506 2263 587 2344 illis,
615 2261 705 2350 Quid
726 2261 822 2332 vobis
843 2265 1005 2351 praecepit
1025 2262 1158 2337 Moses?
1200 2265 1231 2330 d.
1261 2265 1320 2334 llli

175 2381 281 2450 autem
303 2367 466 2448 dixerunt,
488 2367 602 2436 Moses
625 2367 769 2454 permisit
789 2365 933 2432 libellum
954 2365 1081 2453 repudii
1102 2363 1253 2445 scribere,
1274 2389 1322 2433 ac

176 2473 343 2548 dimittere.
391 2471 423 2538 t.
456 2469 502 2536 Et
527 2470 729 2559 respondens
755 2471 845 2538 Iesus
872 2457 1053 2546 diutinis,
1083 2469 1138 2537 ad
1165 2469 1320 2546 duritiem

65 2589 76 2600 ·
176 2575 284 2642 cordis
305 2578 404 2643 vestri
425 2575 553 2661 scripsit
572 2572 668 2640 vohis
689 2573 753 2641 hoc
768 2583 987 2661 'praeceptum
1026 2572 1057 2636 6.
1079 2569 1249 2643 Caeterum
1271 2561 1318 2642 si

134 2754 136 2763 y
174 2678 268 2754 initio
295 2679 470 2746 creationis
496 2676 673 2754 masculum
700 2685 732 2751 et
756 2675 905 2750 feminam
933 2673 1010 2748 lecit
1033 2667 1110 2742 illos
1138 2674 1239 2742 Ileus.
1282 2675 1315 2742 7.
1383 2707 1385 2714 ’

174 2777 314 2865 Propter
335 2776 399 2843 hoc
419 2777 579 2865 relinquet
600 2778 699 2850 homo
721 2789 842 2864 patrem
864 2799 958 2842 suum
980 2787 1012 2844 et
1032 2788 1176 2857 matrem,
1206 2787 1237 2851 et
1258 2777 1317 2849 ad-

175 2877 322 2960 haerebit
344 2882 439 2946 uxori
461 2901 548 2967 sque.
591 2881 622 2945 8.
648 2881 690 2945 Et
712 2891 805 2946 erunt
828 2879 894 2945 duo
916 2883 951 2945 in
973 2901 1099 2960 carnem
1122 2895 1225 2946 unam.
1252 2879 1315 2953 lta-

125 3045 136 3064 ,
175 3007 241 3074 que
262 2985 326 3052 iarn
347 3003 416 3052 uon
437 2993 511 3048 sunt
533 2981 610 3062 dno,
630 2979 688 3048 sed
706 3001 771 3063 una
793 3003 880 3048 caro.
922 2985 954 3047 9.
977 2981 1087 3068 sQuod
1106 2984 1202 3070 igitur
1221 2983 1315 3049 Deus

176 3085 356 3176 copularit,
381 3085 479 3157 humo
501 3076 543 3149 ue
564 3094 699 3174 separet
746 3085 798 3150 tn
826 3086 925 3152 lit-in
947 3083 1045 3161 domo
1068 3107 1196 3152 rursum
1217 3085 1315 3153 disci-

175 3189 244 3278 puli
265 3189 353 3268 illius
375 3188 486 3254 eadem
509 3185 607 3264 dere
629 3189 865 3274 interrogarunt
885 3185 985 3255 illum:
1031 3187 1082 3255 11.
1112 3187 1154 3254 Et
1177 3189 1253 3254 dicit
1273 3188 1315 3254 il-

175 3291 231 3370 lis,
259 3286 457 3384 Quicunque
477 3289 701 3377 repudiaverit
715 3311 849 3372 uxorem
869 3311 976 3370 susm,
1008 3301 1040 3384 et
1066 3285 1190 3358 duxerit
1211 3290 1314 3368 aliam,

176 3393 369 3460 adulterium
383 3395 556 3460 ‘corumittit
577 3395 611 3458 in
632 3391 729 3458 illam.
773 3393 824 3457 12.
847 3394 889 3458 Et
910 3395 939 3458 si
960 3391 1075 3470 mulier
1095 3393 1314 3481 repudiaverit

78 3577 81 3584 ἱ
175 3501 281 3615 uirum
303 3511 405 3580 sutnn,
427 3507 458 3567 et
479 3497 624 3586 nupserit
645 3495 746 3577 alteri,
766 3493 957 3594 adulterium
980 3497 1171 3575 committit*
1258 3497 1261 3503 ’

131 3822 134 3839 ,
254 3769 425 3848 Quanquam
443 3767 555 3833 insidias
568 3767 684 3839 Christo
704 3768 824 3831 tendunt
839 3766 987 3844 Pharisaei,
1008 3779 1037 3830 et
1051 3768 1149 3834 dolose
1164 3789 1228 3836 eum
1242 3767 1309 3830 ado-

161 3849 287 3912 -riuntur
310 3855 343 3926 ut
368 3841 604 3924 circumveniant,
633 3843 740 3906 utiliter
758 3855 853 3904 tamen
873 3843 954 3907 uobis
973 3846 1056 3909 cessit
1075 3866 1173 3908 eorum
1195 3843 1310 3904 malitia:

176 3925 259 3987 sicuti
278 3921 418 3984 Dominus
436 3922 554 3992 mirifice
573 3923 604 3982 in
620 3942 736 3992 suorum
756 3920 904 3991 utilitatem
924 3933 1092 3984 convertere
1110 3921 1205 3996 novit,
1278 3941 1309 3979 e-

177 4019 289 4082 cumque
311 3998 346 4066 ad
370 4019 454 4076 serae
481 3997 629 4072 doetrinae
650 3993 861 4072 subversionem
885 3999 1080 4070 machinantur
1103 3997 1189 4089 impii.
1225 3941 1310 4060 appiam

177 4077 234 4136 liae
248 4075 400 4154 occasione
419 4075 510 4138 soluta
530 4074 583 4136 suit
601 4074 740 4155 quaestio,
765 4093 847 4154 quarn
867 4074 991 4155 pariebat
1009 4073 1118 4154 repudii
1135 4075 1261 4147 libertas,
1280 4084 1310 4132 et

177 4153 213 4210 de
237 4175 318 4216 sacro
342 4175 375 4229 ae
401 4151 542 4230 insolubili
567 4149 692 4236 coniugii
716 4173 791 4216 nexu
815 4163 892 4221 certa
909 4149 955 4226 lex
973 4151 1083 4212 tradita.
1125 4150 1197 4211 lude
1215 4160 1310 4210 autem

153 4244 158 4257 ¹
178 4239 288 4304 arrepta
313 4242 357 4290 est
377 4231 514 4311 captionis
533 4249 612 4302 ansa,
638 4225 702 4308 quia
720 4227 750 4286 in
769 4240 860 4304 utram
881 4240 1042 4310 uepartem
1062 4228 1214 4290 secundum
1232 4225 1309 4304 ipsos

178 4303 310 4386 nonnisi
332 4306 429 4366 odiosa
447 4329 507 4376 esse
526 4316 638 4386 poterat
655 4303 811 4385 responsio.
850 4251 1011 4380 (iuuerunt,
1030 4325 1066 4364 an
1084 4304 1147 4365 viro
1165 4301 1248 4362 liceat
1261 4321 1309 4361 re—

101 4379 105 4389 '
178 4369 294 4443 pudure
311 4399 431 4443 uxorem
451 4384 546 4465 qnaris
566 4383 602 4444 de
621 4401 714 4446 causo:
737 4381 761 4444 si
779 4393 868 4467 neget
883 4379 1020 4458 Christus,
1038 4381 1197 4470 clamabuqt
1213 4378 1309 4460 impie,
