<?xml version="1.0" encoding="UTF-8"?>
<!DOCTYPE html PUBLIC "-//W3C//DTD XHTML 1.0 Transitional//EN"
    "http://www.w3.org/TR/xhtml1/DTD/xhtml1-transitional.dtd">
<html xmlns="http://www.w3.org/1999/xhtml" xml:lang="en" lang="en">
 <head>
  <title>
</title>
<meta http-equiv="Content-Type" content="text/html;charset=utf-8" />
  <meta name='ocr-system' content='tesseract 3.04.00' />
  <meta name='ocr-capabilities' content='ocr_page ocr_carea ocr_par ocr_line ocrx_word'/>
</head>
<body>
  <div class='ocr_page' id='page_1' title='image "./novumtestamentu00calvgoog_0011.png"; bbox 0 0 2796 4774; ppageno 0'>
   <div class='ocr_carea' id='block_1_1' title="bbox 174 247 964 328">
    <p class='ocr_par' dir='ltr' id='par_1_1' title="bbox 174 247 964 328">
     <span class='ocr_line' id='line_1_1' title="bbox 174 247 964 328; baseline -0.01 -12"><span class='ocrx_word' id='word_1_1' title='bbox 174 255 196 316; x_wconf 86' lang='grc'>2</span> <span class='ocrx_word' id='word_1_2' title='bbox 305 308 308 328; x_wconf 77' lang='grc'>,</span> <span class='ocrx_word' id='word_1_3' title='bbox 346 275 347 279; x_wconf 65' lang='grc'>’</span> <span class='ocrx_word' id='word_1_4' title='bbox 520 249 632 314; x_wconf 78' lang='lat' dir='ltr'><strong>SECT.</strong></span> <span class='ocrx_word' id='word_1_5' title='bbox 653 247 721 310; x_wconf 87' lang='lat' dir='ltr'><strong>llll.</strong></span> <span class='ocrx_word' id='word_1_6' title='bbox 760 261 964 316; x_wconf 76' lang='grc'>3333333313.</span> 
     </span>
    </p>
   </div>
   <div class='ocr_carea' id='block_1_2' title="bbox 78 387 1388 1856">
    <p class='ocr_par' dir='ltr' id='par_1_2' title="bbox 78 387 1388 1826">
     <span class='ocr_line' id='line_1_2' title="bbox 78 387 1388 490; baseline -0.005 -19"><span class='ocrx_word' id='word_1_7' title='bbox 78 407 82 412; x_wconf 80' lang='grc'>’</span> <span class='ocrx_word' id='word_1_8' title='bbox 154 389 268 490; x_wconf 47' lang='lat' dir='ltr'><strong>&#39;regni</strong></span> <span class='ocrx_word' id='word_1_9' title='bbox 292 398 473 469; x_wconf 78' lang='lat' dir='ltr'><strong>coelorum:</strong></span> <span class='ocrx_word' id='word_1_10' title='bbox 508 401 572 470; x_wconf 89' lang='lat' dir='ltr'><strong>illis</strong></span> <span class='ocrx_word' id='word_1_11' title='bbox 600 411 705 468; x_wconf 88' lang='lat' dir='ltr'><strong>autem</strong></span> <span class='ocrx_word' id='word_1_12' title='bbox 730 421 799 466; x_wconf 95' lang='lat' dir='ltr'><strong>non</strong></span> <span class='ocrx_word' id='word_1_13' title='bbox 823 409 874 476; x_wconf 49' lang='lat' dir='ltr'><strong>,est</strong></span> <span class='ocrx_word' id='word_1_14' title='bbox 902 399 1018 468; x_wconf 89' lang='lat' dir='ltr'><strong>datum.</strong></span> <span class='ocrx_word' id='word_1_15' title='bbox 1067 399 1136 468; x_wconf 61' lang='lat'><strong>12:</strong></span> <span class='ocrx_word' id='word_1_16' title='bbox 1154 397 1310 490; x_wconf 77' lang='lat' dir='ltr'><strong>Quisquis</strong></span> <span class='ocrx_word' id='word_1_17' title='bbox 1386 387 1388 476; x_wconf 72' lang='lat' dir='ltr'>j</span> 
     </span>
     <span class='ocr_line' id='line_1_3' title="bbox 175 500 1311 591; baseline -0.004 -18"><span class='ocrx_word' id='word_1_18' title='bbox 175 508 260 573; x_wconf 88' lang='lat' dir='ltr'><strong>enim</strong></span> <span class='ocrx_word' id='word_1_19' title='bbox 275 503 380 583; x_wconf 84' lang='lat' dir='ltr'><strong>babet,</strong></span> <span class='ocrx_word' id='word_1_20' title='bbox 401 501 585 584; x_wconf 72' lang='lat' dir='ltr'><strong>dabiturei,</strong></span> <span class='ocrx_word' id='word_1_21' title='bbox 609 515 640 570; x_wconf 89' lang='lat' dir='ltr'><strong>et</strong></span> <span class='ocrx_word' id='word_1_22' title='bbox 661 500 877 570; x_wconf 71' lang='lat' dir='ltr'><strong>abundantior</strong></span> <span class='ocrx_word' id='word_1_23' title='bbox 898 503 1065 578; x_wconf 86' lang='lat' dir='ltr'><strong>reddetur:</strong></span> <span class='ocrx_word' id='word_1_24' title='bbox 1088 505 1232 591; x_wconf 87' lang='lat' dir='ltr'><strong>quisquis</strong></span> <span class='ocrx_word' id='word_1_25' title='bbox 1255 519 1311 568; x_wconf 82' lang='grc'><strong>33-</strong></span> 
     </span>
     <span class='ocr_line' id='line_1_4' title="bbox 175 603 1339 694; baseline -0.005 -18"><span class='ocrx_word' id='word_1_26' title='bbox 175 619 239 676; x_wconf 88' lang='lat' dir='ltr'><strong>tem</strong></span> <span class='ocrx_word' id='word_1_27' title='bbox 259 622 327 674; x_wconf 90' lang='lat' dir='ltr'><strong>non</strong></span> <span class='ocrx_word' id='word_1_28' title='bbox 348 605 454 686; x_wconf 83' lang='lat' dir='ltr'><strong>babet,</strong></span> <span class='ocrx_word' id='word_1_29' title='bbox 477 609 570 674; x_wconf 84' lang='lat' dir='ltr'><strong>etiarn</strong></span> <span class='ocrx_word' id='word_1_30' title='bbox 591 607 626 672; x_wconf 93' lang='lat' dir='ltr'><strong>id</strong></span> <span class='ocrx_word' id='word_1_31' title='bbox 645 606 735 694; x_wconf 87' lang='lat' dir='ltr'><strong>quod</strong></span> <span class='ocrx_word' id='word_1_32' title='bbox 755 605 852 672; x_wconf 85' lang='lat' dir='ltr'><strong>habet</strong></span> <span class='ocrx_word' id='word_1_33' title='bbox 864 605 996 672; x_wconf 90' lang='lat' dir='ltr'><strong>tolletur</strong></span> <span class='ocrx_word' id='word_1_34' title='bbox 1017 603 1058 670; x_wconf 86' lang='lat' dir='ltr'><strong>ab</strong></span> <span class='ocrx_word' id='word_1_35' title='bbox 1076 627 1125 671; x_wconf 89' lang='lat' dir='ltr'><strong>eo.</strong></span> <span class='ocrx_word' id='word_1_36' title='bbox 1142 621 1145 626; x_wconf 80' lang='grc'><em>’</em></span> <span class='ocrx_word' id='word_1_37' title='bbox 1164 609 1216 674; x_wconf 89' lang='grc'><strong>13.</strong></span> <span class='ocrx_word' id='word_1_38' title='bbox 1230 607 1310 670; x_wconf 85' lang='grc' dir='ltr'>Ριο-</span> <span class='ocrx_word' id='word_1_39' title='bbox 1330 606 1339 623; x_wconf 72' lang='grc'><strong>“</strong></span> 
     </span>
     <span class='ocr_line' id='line_1_5' title="bbox 173 693 1388 802; baseline -0.005 -24"><span class='ocrx_word' id='word_1_40' title='bbox 173 720 284 802; x_wconf 74' lang='lat' dir='ltr'><strong>pterea</strong></span> <span class='ocrx_word' id='word_1_41' title='bbox 303 730 364 798; x_wconf 89' lang='lat' dir='ltr'><strong>per</strong></span> <span class='ocrx_word' id='word_1_42' title='bbox 383 707 553 796; x_wconf 80' lang='lat' dir='ltr'>parabolas</span> <span class='ocrx_word' id='word_1_43' title='bbox 575 709 694 798; x_wconf 90' lang='lat' dir='ltr'><strong>loquor</strong></span> <span class='ocrx_word' id='word_1_44' title='bbox 714 708 786 786; x_wconf 91' lang='lat' dir='ltr'><strong>illis,</strong></span> <span class='ocrx_word' id='word_1_45' title='bbox 811 711 884 796; x_wconf 88' lang='lat' dir='ltr'><strong>quia</strong></span> <span class='ocrx_word' id='word_1_46' title='bbox 897 708 1042 796; x_wconf 74' lang='lat' dir='ltr'><strong>ridentes</strong></span> <span class='ocrx_word' id='word_1_47' title='bbox 1055 729 1122 774; x_wconf 92' lang='lat' dir='ltr'><strong>non</strong></span> <span class='ocrx_word' id='word_1_48' title='bbox 1138 710 1257 788; x_wconf 87' lang='lat' dir='ltr'><strong>vident,</strong></span> <span class='ocrx_word' id='word_1_49' title='bbox 1279 717 1312 774; x_wconf 89' lang='lat' dir='ltr'><strong>et</strong></span> <span class='ocrx_word' id='word_1_50' title='bbox 1378 693 1388 778; x_wconf 60' lang='grc' dir='ltr'><strong>,Ϊ</strong></span> 
     </span>
     <span class='ocr_line' id='line_1_6' title="bbox 174 807 1388 904; baseline -0.003 -24"><span class='ocrx_word' id='word_1_51' title='bbox 174 814 342 880; x_wconf 78' lang='lat' dir='ltr'><strong>audientes</strong></span> <span class='ocrx_word' id='word_1_52' title='bbox 363 808 431 880; x_wconf 76' lang='lat' dir='ltr'><strong>nob</strong></span> <span class='ocrx_word' id='word_1_53' title='bbox 451 812 600 893; x_wconf 87' lang='lat' dir='ltr'><strong>audiunt,</strong></span> <span class='ocrx_word' id='word_1_54' title='bbox 621 833 684 878; x_wconf 85' lang='grc'><strong>333</strong></span> <span class='ocrx_word' id='word_1_55' title='bbox 704 807 895 898; x_wconf 83' lang='lat' dir='ltr'><strong>intelligunt.</strong></span> <span class='ocrx_word' id='word_1_56' title='bbox 938 812 989 876; x_wconf 86' lang='grc'><strong>14.</strong></span> <span class='ocrx_word' id='word_1_57' title='bbox 1010 811 1054 876; x_wconf 90' lang='lat' dir='ltr'><strong>Et</strong></span> <span class='ocrx_word' id='word_1_58' title='bbox 1077 811 1255 898; x_wconf 85' lang='lat' dir='ltr'><strong>completur</strong></span> <span class='ocrx_word' id='word_1_59' title='bbox 1276 814 1311 876; x_wconf 91' lang='lat' dir='ltr'><strong>in</strong></span> <span class='ocrx_word' id='word_1_60' title='bbox 1387 855 1388 904; x_wconf 73' lang='lat'><em>3</em></span> 
     </span>
     <span class='ocr_line' id='line_1_7' title="bbox 174 907 1312 1004; baseline -0.006 -19"><span class='ocrx_word' id='word_1_61' title='bbox 174 915 238 985; x_wconf 92' lang='lat' dir='ltr'><strong>illis</strong></span> <span class='ocrx_word' id='word_1_62' title='bbox 258 915 425 1004; x_wconf 82' lang='lat' dir='ltr'><strong>prophetia</strong></span> <span class='ocrx_word' id='word_1_63' title='bbox 446 915 589 996; x_wconf 70' lang='lat' dir='ltr'><strong>desaiae,</strong></span> <span class='ocrx_word' id='word_1_64' title='bbox 616 937 701 1004; x_wconf 76' lang='lat' dir='ltr'><strong>quae</strong></span> <span class='ocrx_word' id='word_1_65' title='bbox 729 907 989 993; x_wconf 58' lang='lat' dir='ltr'><strong>ticinensibus</strong></span> <span class='ocrx_word' id='word_1_66' title='bbox 1016 913 1164 992; x_wconf 87' lang='lat' dir='ltr'><strong>audietis,</strong></span> <span class='ocrx_word' id='word_1_67' title='bbox 1191 923 1223 980; x_wconf 85' lang='lat' dir='ltr'><strong>et</strong></span> <span class='ocrx_word' id='word_1_68' title='bbox 1243 935 1312 980; x_wconf 91' lang='grc'><strong>333</strong></span> 
     </span>
     <span class='ocr_line' id='line_1_8' title="bbox 171 1011 1388 1108; baseline -0.005 -20"><span class='ocrx_word' id='word_1_69' title='bbox 171 1017 364 1108; x_wconf 81' lang='lat' dir='ltr'><strong>intelligetis,</strong></span> <span class='ocrx_word' id='word_1_70' title='bbox 385 1027 417 1084; x_wconf 88' lang='lat' dir='ltr'><strong>et</strong></span> <span class='ocrx_word' id='word_1_71' title='bbox 437 1011 589 1089; x_wconf 39' lang='lat' dir='ltr'><strong>ridentes*</strong></span> <span class='ocrx_word' id='word_1_72' title='bbox 604 1017 765 1096; x_wconf 83' lang='lat' dir='ltr'><strong>uidebitis,</strong></span> <span class='ocrx_word' id='word_1_73' title='bbox 786 1025 817 1082; x_wconf 91' lang='lat' dir='ltr'><strong>et</strong></span> <span class='ocrx_word' id='word_1_74' title='bbox 837 1037 904 1083; x_wconf 91' lang='lat' dir='ltr'><strong>non</strong></span> <span class='ocrx_word' id='word_1_75' title='bbox 927 1019 1072 1082; x_wconf 86' lang='lat' dir='ltr'><strong>cernetis.</strong></span> <span class='ocrx_word' id='word_1_76' title='bbox 1116 1015 1311 1082; x_wconf 71' lang='grc'>1313333·</span> <span class='ocrx_word' id='word_1_77' title='bbox 1387 1053 1388 1108; x_wconf 61' lang='grc' dir='ltr'>ι</span> 
     </span>
     <span class='ocr_line' id='line_1_9' title="bbox 174 1112 1312 1210; baseline -0.003 -21"><span class='ocrx_word' id='word_1_78' title='bbox 174 1132 278 1189; x_wconf 85' lang='lat' dir='ltr'><strong>satum</strong></span> <span class='ocrx_word' id='word_1_79' title='bbox 307 1131 357 1188; x_wconf 82' lang='lat' dir='ltr'><strong>eet</strong></span> <span class='ocrx_word' id='word_1_80' title='bbox 381 1124 465 1188; x_wconf 87' lang='lat' dir='ltr'><strong>eninr</strong></span> <span class='ocrx_word' id='word_1_81' title='bbox 491 1143 549 1189; x_wconf 87' lang='lat' dir='ltr'><strong>eor</strong></span> <span class='ocrx_word' id='word_1_82' title='bbox 569 1119 684 1210; x_wconf 89' lang='lat' dir='ltr'><strong>populi</strong></span> <span class='ocrx_word' id='word_1_83' title='bbox 699 1119 813 1210; x_wconf 80' lang='lat' dir='ltr'><strong>buius,</strong></span> <span class='ocrx_word' id='word_1_84' title='bbox 840 1129 872 1185; x_wconf 88' lang='lat' dir='ltr'><strong>et</strong></span> <span class='ocrx_word' id='word_1_85' title='bbox 892 1117 1024 1186; x_wconf 88' lang='lat' dir='ltr'><strong>auribus</strong></span> <span class='ocrx_word' id='word_1_86' title='bbox 1045 1112 1180 1206; x_wconf 77' lang='lat' dir='ltr'><strong>graviler</strong></span> <span class='ocrx_word' id='word_1_87' title='bbox 1201 1117 1312 1200; x_wconf 85' lang='lat' dir='ltr'><strong>audie·</strong></span> 
     </span>
     <span class='ocr_line' id='line_1_10' title="bbox 175 1203 1388 1316; baseline -0.005 -23"><span class='ocrx_word' id='word_1_88' title='bbox 175 1235 267 1316; x_wconf 86' lang='lat' dir='ltr'><strong>runt,</strong></span> <span class='ocrx_word' id='word_1_89' title='bbox 295 1233 327 1290; x_wconf 89' lang='lat' dir='ltr'><strong>et</strong></span> <span class='ocrx_word' id='word_1_90' title='bbox 350 1225 466 1292; x_wconf 79' lang='lat' dir='ltr'><strong>oculo‘s</strong></span> <span class='ocrx_word' id='word_1_91' title='bbox 494 1246 572 1296; x_wconf 82' lang='lat' dir='ltr'><strong>snos</strong></span> <span class='ocrx_word' id='word_1_92' title='bbox 599 1223 796 1303; x_wconf 86' lang='lat' dir='ltr'><strong>clauserunt,</strong></span> <span class='ocrx_word' id='word_1_93' title='bbox 827 1244 868 1310; x_wconf 83' lang='lat' dir='ltr'><strong>ne</strong></span> <span class='ocrx_word' id='word_1_94' title='bbox 891 1211 1022 1309; x_wconf 83' lang='lat' dir='ltr'><strong>quando</strong></span> <span class='ocrx_word' id='word_1_95' title='bbox 1047 1220 1176 1290; x_wconf 85' lang='lat' dir='ltr'><strong>&#39;videant</strong></span> <span class='ocrx_word' id='word_1_96' title='bbox 1197 1221 1311 1302; x_wconf 85' lang='lat' dir='ltr'><strong>oeulis,</strong></span> <span class='ocrx_word' id='word_1_97' title='bbox 1387 1203 1388 1298; x_wconf 68' lang='lat' dir='ltr'><strong>l</strong></span> 
     </span>
     <span class='ocr_line' id='line_1_11' title="bbox 91 1317 1312 1416; baseline -0.002 -22"><span class='ocrx_word' id='word_1_98' title='bbox 91 1325 94 1330; x_wconf 76' lang='grc'><strong>’</strong></span> <span class='ocrx_word' id='word_1_99' title='bbox 176 1337 208 1394; x_wconf 88' lang='lat' dir='ltr'><strong>et</strong></span> <span class='ocrx_word' id='word_1_100' title='bbox 229 1325 360 1400; x_wconf 75' lang='lat' dir='ltr'><strong>auribus</strong></span> <span class='ocrx_word' id='word_1_101' title='bbox 383 1327 531 1407; x_wconf 82' lang='lat' dir='ltr'><strong>audiant,</strong></span> <span class='ocrx_word' id='word_1_102' title='bbox 555 1333 593 1394; x_wconf 83' lang='lat' dir='ltr'><strong>et</strong></span> <span class='ocrx_word' id='word_1_103' title='bbox 618 1324 718 1394; x_wconf 91' lang='lat' dir='ltr'><strong>eorde</strong></span> <span class='ocrx_word' id='word_1_104' title='bbox 738 1317 930 1416; x_wconf 80' lang='lat' dir='ltr'><strong>intelligant,</strong></span> <span class='ocrx_word' id='word_1_105' title='bbox 959 1336 990 1391; x_wconf 87' lang='lat' dir='ltr'><strong>et</strong></span> <span class='ocrx_word' id='word_1_106' title='bbox 1012 1334 1252 1401; x_wconf 81' lang='lat' dir='ltr'><strong>convertantur,</strong></span> <span class='ocrx_word' id='word_1_107' title='bbox 1279 1335 1312 1391; x_wconf 88' lang='lat' dir='ltr'><strong>et</strong></span> 
     </span>
     <span class='ocr_line' id='line_1_12' title="bbox 176 1408 1309 1522; baseline -0.005 -25"><span class='ocrx_word' id='word_1_108' title='bbox 176 1450 285 1497; x_wconf 85' lang='lat' dir='ltr'><strong>sanem</strong></span> <span class='ocrx_word' id='word_1_109' title='bbox 306 1428 392 1496; x_wconf 90' lang='lat' dir='ltr'><strong>illos.</strong></span> <span class='ocrx_word' id='word_1_110' title='bbox 437 1429 488 1496; x_wconf 83' lang='lat'><strong>16.</strong></span> <span class='ocrx_word' id='word_1_111' title='bbox 516 1431 635 1495; x_wconf 85' lang='lat' dir='ltr'><strong>Vestri</strong></span> <span class='ocrx_word' id='word_1_112' title='bbox 654 1450 733 1495; x_wconf 81' lang='lat' dir='ltr'><strong>uero</strong></span> <span class='ocrx_word' id='word_1_113' title='bbox 759 1427 857 1522; x_wconf 84' lang='lat' dir='ltr'><strong>beati</strong></span> <span class='ocrx_word' id='word_1_114' title='bbox 867 1438 943 1502; x_wconf 86' lang='lat' dir='ltr'><strong>sunt</strong></span> <span class='ocrx_word' id='word_1_115' title='bbox 964 1408 1066 1506; x_wconf 75' lang='lat' dir='ltr'><strong>obuli,</strong></span> <span class='ocrx_word' id='word_1_116' title='bbox 1094 1431 1168 1516; x_wconf 84' lang='lat' dir='ltr'><strong>quia</strong></span> <span class='ocrx_word' id='word_1_117' title='bbox 1188 1426 1309 1505; x_wconf 89' lang='lat' dir='ltr'><strong>vident,</strong></span> 
     </span>
     <span class='ocr_line' id='line_1_13' title="bbox 84 1521 1309 1622; baseline -0.002 -25"><span class='ocrx_word' id='word_1_118' title='bbox 84 1603 86 1606; x_wconf 59' lang='grc'>,</span> <span class='ocrx_word' id='word_1_119' title='bbox 124 1616 127 1622; x_wconf 25' lang='grc' dir='ltr'>Ι</span> <span class='ocrx_word' id='word_1_120' title='bbox 174 1529 735 1622; x_wconf 71' lang='grc'>313333333333333133311331,</span> <span class='ocrx_word' id='word_1_121' title='bbox 779 1521 837 1595; x_wconf 91' lang='grc'><strong>17.</strong></span> <span class='ocrx_word' id='word_1_122' title='bbox 860 1531 974 1610; x_wconf 84' lang='lat' dir='ltr'><strong>Amen,</strong></span> <span class='ocrx_word' id='word_1_123' title='bbox 996 1529 1069 1597; x_wconf 86' lang='lat' dir='ltr'><strong>dico</strong></span> <span class='ocrx_word' id='word_1_124' title='bbox 1090 1529 1194 1608; x_wconf 89' lang='lat' dir='ltr'><strong>vobis,</strong></span> <span class='ocrx_word' id='word_1_125' title='bbox 1209 1528 1309 1617; x_wconf 90' lang='lat' dir='ltr'><strong>quod</strong></span> 
     </span>
     <span class='ocr_line' id='line_1_14' title="bbox 176 1629 1311 1722; baseline -0.005 -20"><span class='ocrx_word' id='word_1_126' title='bbox 176 1635 269 1714; x_wconf 84' lang='lat' dir='ltr'><strong>multi</strong></span> <span class='ocrx_word' id='word_1_127' title='bbox 290 1634 471 1722; x_wconf 73' lang='lat' dir='ltr'><strong>Prophetae</strong></span> <span class='ocrx_word' id='word_1_128' title='bbox 493 1636 626 1702; x_wconf 71' lang='lat' dir='ltr'><strong>et&#39;lusti</strong></span> <span class='ocrx_word' id='word_1_129' title='bbox 648 1629 911 1708; x_wconf 83' lang='lat' dir='ltr'><strong>desideraverunt</strong></span> <span class='ocrx_word' id='word_1_130' title='bbox 931 1633 1055 1714; x_wconf 88' lang='lat' dir='ltr'><strong>videre,</strong></span> <span class='ocrx_word' id='word_1_131' title='bbox 1080 1653 1161 1720; x_wconf 90' lang='lat' dir='ltr'><strong>quae</strong></span> <span class='ocrx_word' id='word_1_132' title='bbox 1186 1631 1311 1712; x_wconf 88' lang='lat' dir='ltr'><strong>videtis,</strong></span> 
     </span>
     <span class='ocr_line' id='line_1_15' title="bbox 83 1727 1386 1856; baseline -0.005 -50"><span class='ocrx_word' id='word_1_133' title='bbox 83 1809 88 1820; x_wconf 61' lang='grc'>,</span> <span class='ocrx_word' id='word_1_134' title='bbox 127 1736 132 1747; x_wconf 94' lang='grc'>’</span> <span class='ocrx_word' id='word_1_135' title='bbox 177 1727 216 1806; x_wconf 59' lang='lat' dir='ltr'><strong>&#39;et&#39;</strong></span> <span class='ocrx_word' id='word_1_136' title='bbox 234 1757 303 1804; x_wconf 90' lang='grc'><strong>333</strong></span> <span class='ocrx_word' id='word_1_137' title='bbox 324 1737 490 1856; x_wconf 74' lang='lat' dir='ltr'><strong>viderunt,</strong></span> <span class='ocrx_word' id='word_1_138' title='bbox 511 1747 544 1805; x_wconf 90' lang='lat' dir='ltr'><strong>et</strong></span> <span class='ocrx_word' id='word_1_139' title='bbox 563 1735 675 1805; x_wconf 84' lang='lat' dir='ltr'><strong>audire</strong></span> <span class='ocrx_word' id='word_1_140' title='bbox 697 1729 929 1826; x_wconf 69' lang='grc'>3333331313,</span> <span class='ocrx_word' id='word_1_141' title='bbox 950 1746 983 1804; x_wconf 89' lang='lat' dir='ltr'><strong>et</strong></span> <span class='ocrx_word' id='word_1_142' title='bbox 999 1757 1068 1806; x_wconf 91' lang='lat' dir='ltr'><strong>non</strong></span> <span class='ocrx_word' id='word_1_143' title='bbox 1088 1733 1267 1813; x_wconf 83' lang='lat' dir='ltr'><strong>audierunt.</strong></span> <span class='ocrx_word' id='word_1_144' title='bbox 1385 1809 1386 1814; x_wconf 12' lang='lat'>1</span> 
     </span>
    </p>
   </div>
   <div class='ocr_carea' id='block_1_3' title="bbox 75 1983 1337 2700">
    <p class='ocr_par' dir='ltr' id='par_1_3' title="bbox 173 1983 1336 2275">
     <span class='ocr_line' id='line_1_16' title="bbox 258 1983 1315 2088; baseline -0.004 -20"><span class='ocrx_word' id='word_1_145' title='bbox 258 1997 399 2068; x_wconf 75' lang='lat' dir='ltr'><strong>Mnuc.</strong></span> <span class='ocrx_word' id='word_1_146' title='bbox 421 1999 479 2066; x_wconf 87' lang='lat' dir='ltr'><strong>lv.</strong></span> <span class='ocrx_word' id='word_1_147' title='bbox 524 2000 554 2069; x_wconf 90' lang='lat'><strong>1.</strong></span> <span class='ocrx_word' id='word_1_148' title='bbox 580 1999 623 2068; x_wconf 88' lang='lat' dir='ltr'><strong>Et</strong></span> <span class='ocrx_word' id='word_1_149' title='bbox 643 2003 757 2067; x_wconf 87' lang='lat' dir='ltr'><strong>ilerum</strong></span> <span class='ocrx_word' id='word_1_150' title='bbox 779 1983 888 2088; x_wconf 85' lang='lat' dir='ltr'><strong>eoepit</strong></span> <span class='ocrx_word' id='word_1_151' title='bbox 908 1993 1035 2078; x_wconf 86' lang='lat' dir='ltr'><strong>dooere</strong></span> <span class='ocrx_word' id='word_1_152' title='bbox 1045 2001 1131 2066; x_wconf 81' lang='lat' dir='ltr'><strong>iuxta</strong></span> <span class='ocrx_word' id='word_1_153' title='bbox 1148 2019 1259 2084; x_wconf 84' lang='lat' dir='ltr'><strong>mare,</strong></span> <span class='ocrx_word' id='word_1_154' title='bbox 1281 2005 1315 2067; x_wconf 73' lang='lat' dir='ltr'><strong>,rt</strong></span> 
     </span>
     <span class='ocr_line' id='line_1_17' title="bbox 174 2101 1336 2189; baseline -0.001 -22"><span class='ocrx_word' id='word_1_155' title='bbox 174 2113 366 2189; x_wconf 79' lang='lat' dir='ltr'><strong>congregata</strong></span> <span class='ocrx_word' id='word_1_156' title='bbox 387 2113 435 2169; x_wconf 88' lang='lat' dir='ltr'><strong>est</strong></span> <span class='ocrx_word' id='word_1_157' title='bbox 456 2103 498 2170; x_wconf 85' lang='lat' dir='ltr'><strong>ad</strong></span> <span class='ocrx_word' id='word_1_158' title='bbox 529 2127 601 2171; x_wconf 90' lang='lat' dir='ltr'><strong>eum</strong></span> <span class='ocrx_word' id='word_1_159' title='bbox 627 2102 722 2172; x_wconf 83' lang='lat' dir='ltr'><strong>turba</strong></span> <span class='ocrx_word' id='word_1_160' title='bbox 747 2101 860 2182; x_wconf 89' lang='lat' dir='ltr'><strong>multa,</strong></span> <span class='ocrx_word' id='word_1_161' title='bbox 886 2105 930 2168; x_wconf 89' lang='lat' dir='ltr'><strong>ita</strong></span> <span class='ocrx_word' id='word_1_162' title='bbox 956 2113 991 2170; x_wconf 91' lang='lat' dir='ltr'><strong>ut</strong></span> <span class='ocrx_word' id='word_1_163' title='bbox 1017 2105 1125 2168; x_wconf 86' lang='lat' dir='ltr'><strong>navim</strong></span> <span class='ocrx_word' id='word_1_164' title='bbox 1145 2103 1336 2187; x_wconf 27' lang='lat' dir='ltr'><strong>ingressus,</strong></span> 
     </span>
     <span class='ocr_line' id='line_1_18' title="bbox 173 2203 1313 2288; baseline 0 -18"><span class='ocrx_word' id='word_1_165' title='bbox 173 2203 326 2272; x_wconf 88' lang='lat' dir='ltr'><strong>sederet</strong></span> <span class='ocrx_word' id='word_1_166' title='bbox 316 2208 454 2272; x_wconf 80' lang='lat' dir='ltr'><strong>inmari:</strong></span> <span class='ocrx_word' id='word_1_167' title='bbox 477 2217 509 2274; x_wconf 89' lang='lat' dir='ltr'><strong>et</strong></span> <span class='ocrx_word' id='word_1_168' title='bbox 528 2218 596 2274; x_wconf 86' lang='lat' dir='ltr'><strong>tota</strong></span> <span class='ocrx_word' id='word_1_169' title='bbox 618 2205 714 2275; x_wconf 89' lang='lat' dir='ltr'><strong>turba</strong></span> <span class='ocrx_word' id='word_1_170' title='bbox 734 2205 820 2271; x_wconf 77' lang='lat' dir='ltr'><strong>irlrta</strong></span> <span class='ocrx_word' id='word_1_171' title='bbox 841 2227 928 2271; x_wconf 87' lang='lat' dir='ltr'><strong>mare</strong></span> <span class='ocrx_word' id='word_1_172' title='bbox 949 2207 995 2280; x_wconf 87' lang='lat' dir='ltr'><strong>in</strong></span> <span class='ocrx_word' id='word_1_173' title='bbox 995 2215 1087 2270; x_wconf 84' lang='lat' dir='ltr'><strong>terra</strong></span> <span class='ocrx_word' id='word_1_174' title='bbox 1109 2211 1191 2268; x_wconf 88' lang='lat' dir='ltr'><strong>erat.</strong></span> <span class='ocrx_word' id='word_1_175' title='bbox 1214 2203 1250 2288; x_wconf 89' lang='grc'>2</span> <span class='ocrx_word' id='word_1_176' title='bbox 1269 2205 1313 2270; x_wconf 87' lang='lat' dir='ltr'><strong>Et</strong></span> 
     </span>
    </p>

    <p class='ocr_par' dir='ltr' id='par_1_4' title="bbox 75 2279 1337 2700">
     <span class='ocr_line' id='line_1_19' title="bbox 102 2279 1337 2416; baseline -0.002 -42"><span class='ocrx_word' id='word_1_177' title='bbox 102 2319 105 2324; x_wconf 80' lang='grc'><em>’</em></span> <span class='ocrx_word' id='word_1_178' title='bbox 174 2306 313 2374; x_wconf 87' lang='lat' dir='ltr'><strong>docebat</strong></span> <span class='ocrx_word' id='word_1_179' title='bbox 336 2329 393 2374; x_wconf 85' lang='lat' dir='ltr'><strong>eos</strong></span> <span class='ocrx_word' id='word_1_180' title='bbox 410 2332 474 2396; x_wconf 90' lang='lat' dir='ltr'><strong>per</strong></span> <span class='ocrx_word' id='word_1_181' title='bbox 494 2309 667 2416; x_wconf 80' lang='lat' dir='ltr'><strong>parabolas</strong></span> <span class='ocrx_word' id='word_1_182' title='bbox 689 2308 798 2388; x_wconf 86' lang='lat' dir='ltr'><strong>multa,</strong></span> <span class='ocrx_word' id='word_1_183' title='bbox 819 2319 850 2374; x_wconf 91' lang='lat' dir='ltr'><strong>et</strong></span> <span class='ocrx_word' id='word_1_184' title='bbox 872 2307 999 2374; x_wconf 85' lang='lat' dir='ltr'><strong>dicebat</strong></span> <span class='ocrx_word' id='word_1_185' title='bbox 1020 2307 1114 2374; x_wconf 90' lang='lat' dir='ltr'><strong>illis</strong></span> <span class='ocrx_word' id='word_1_186' title='bbox 1105 2329 1140 2371; x_wconf 89' lang='lat' dir='ltr'><strong>rn</strong></span> <span class='ocrx_word' id='word_1_187' title='bbox 1161 2279 1313 2372; x_wconf 80' lang='lat' dir='ltr'><strong>doctrina</strong></span> <span class='ocrx_word' id='word_1_188' title='bbox 1334 2359 1337 2375; x_wconf 91' lang='lat'><strong><em>.</em></strong></span> 
     </span>
     <span class='ocr_line' id='line_1_20' title="bbox 75 2393 1314 2492; baseline 0.001 -17"><span class='ocrx_word' id='word_1_189' title='bbox 75 2399 78 2410; x_wconf 64' lang='grc'><strong>’</strong></span> <span class='ocrx_word' id='word_1_190' title='bbox 172 2427 246 2476; x_wconf 81' lang='lat' dir='ltr'><strong>sua:</strong></span> <span class='ocrx_word' id='word_1_191' title='bbox 279 2409 310 2476; x_wconf 90' lang='grc'><strong>3.</strong></span> <span class='ocrx_word' id='word_1_192' title='bbox 334 2411 472 2492; x_wconf 85' lang='lat' dir='ltr'><strong>Audite,</strong></span> <span class='ocrx_word' id='word_1_193' title='bbox 484 2437 558 2480; x_wconf 89' lang='grc'>3333</span> <span class='ocrx_word' id='word_1_194' title='bbox 570 2405 675 2484; x_wconf 84' lang='lat' dir='ltr'><strong>exivit</strong></span> <span class='ocrx_word' id='word_1_195' title='bbox 696 2406 869 2479; x_wconf 80' lang='lat' dir='ltr'><strong>seminator</strong></span> <span class='ocrx_word' id='word_1_196' title='bbox 892 2393 934 2476; x_wconf 86' lang='lat' dir='ltr'><strong>ad</strong></span> <span class='ocrx_word' id='word_1_197' title='bbox 954 2407 1181 2475; x_wconf 86' lang='lat' dir='ltr'><strong>seminandum.</strong></span> <span class='ocrx_word' id='word_1_198' title='bbox 1217 2411 1251 2474; x_wconf 94' lang='grc'><strong>4.</strong></span> <span class='ocrx_word' id='word_1_199' title='bbox 1261 2411 1314 2476; x_wconf 87' lang='lat' dir='ltr'><strong>Et</strong></span> 
     </span>
     <span class='ocr_line' id='line_1_21' title="bbox 172 2511 1311 2600; baseline -0.002 -22"><span class='ocrx_word' id='word_1_200' title='bbox 172 2511 288 2594; x_wconf 84' lang='lat' dir='ltr'><strong>accidit</strong></span> <span class='ocrx_word' id='word_1_201' title='bbox 312 2514 397 2580; x_wconf 87' lang='lat' dir='ltr'><strong>inter</strong></span> <span class='ocrx_word' id='word_1_202' title='bbox 423 2514 657 2594; x_wconf 80' lang='lat' dir='ltr'><strong>seminandum,</strong></span> <span class='ocrx_word' id='word_1_203' title='bbox 687 2513 775 2580; x_wconf 89' lang='lat' dir='ltr'><strong>alind</strong></span> <span class='ocrx_word' id='word_1_204' title='bbox 801 2513 933 2600; x_wconf 89' lang='lat' dir='ltr'><strong>quidem</strong></span> <span class='ocrx_word' id='word_1_205' title='bbox 960 2511 1082 2581; x_wconf 87' lang='lat' dir='ltr'><strong>cecidit</strong></span> <span class='ocrx_word' id='word_1_206' title='bbox 1101 2531 1193 2581; x_wconf 87' lang='lat' dir='ltr'><strong>secus</strong></span> <span class='ocrx_word' id='word_1_207' title='bbox 1213 2515 1311 2592; x_wconf 88' lang='lat' dir='ltr'><strong>viam,</strong></span> 
     </span>
     <span class='ocr_line' id='line_1_22' title="bbox 107 2611 1337 2700; baseline 0.001 -19"><span class='ocrx_word' id='word_1_208' title='bbox 107 2671 110 2681; x_wconf 94' lang='grc'>,</span> <span class='ocrx_word' id='word_1_209' title='bbox 171 2620 393 2700; x_wconf 86' lang='lat' dir='ltr'><strong>veneruntque</strong></span> <span class='ocrx_word' id='word_1_210' title='bbox 418 2613 569 2688; x_wconf 85' lang='lat' dir='ltr'><strong>volueres</strong></span> <span class='ocrx_word' id='word_1_211' title='bbox 599 2616 697 2696; x_wconf 85' lang='grc'>33311,</span> <span class='ocrx_word' id='word_1_212' title='bbox 725 2624 756 2682; x_wconf 84' lang='lat' dir='ltr'><strong>et</strong></span> <span class='ocrx_word' id='word_1_213' title='bbox 783 2615 993 2682; x_wconf 86' lang='lat' dir='ltr'><strong>comederunt</strong></span> <span class='ocrx_word' id='word_1_214' title='bbox 1017 2611 1171 2698; x_wconf 85' lang='lat' dir='ltr'><strong>illud.5</strong></span> <span class='ocrx_word' id='word_1_215' title='bbox 1173 2663 1181 2680; x_wconf 88' lang='lat'><strong>.</strong></span> <span class='ocrx_word' id='word_1_216' title='bbox 1208 2614 1337 2698; x_wconf 57' lang='lat' dir='ltr'><strong>Aliud,</strong></span> 
     </span>
    </p>
   </div>
   <div class='ocr_carea' id='block_1_4' title="bbox 42 2713 1309 2804">
    <p class='ocr_par' dir='ltr' id='par_1_5' title="bbox 42 2713 1309 2804">
     <span class='ocr_line' id='line_1_23' title="bbox 42 2713 1309 2804; baseline 0.001 -23"><span class='ocrx_word' id='word_1_217' title='bbox 42 2741 44 2756; x_wconf 73' lang='lat'>¹</span> <span class='ocrx_word' id='word_1_218' title='bbox 147 2735 256 2784; x_wconf 53' lang='lat' dir='ltr'><strong>‘uero&#39;</strong></span> <span class='ocrx_word' id='word_1_219' title='bbox 279 2713 397 2780; x_wconf 86' lang='lat' dir='ltr'><strong>cecidit</strong></span> <span class='ocrx_word' id='word_1_220' title='bbox 425 2737 521 2804; x_wconf 88' lang='lat' dir='ltr'><strong>saper</strong></span> <span class='ocrx_word' id='word_1_221' title='bbox 548 2727 694 2804; x_wconf 84' lang='lat' dir='ltr'><strong>petrosa,</strong></span> <span class='ocrx_word' id='word_1_222' title='bbox 721 2715 780 2782; x_wconf 90' lang='lat' dir='ltr'><strong>nbi</strong></span> <span class='ocrx_word' id='word_1_223' title='bbox 806 2738 874 2785; x_wconf 91' lang='grc'><strong>333</strong></span> <span class='ocrx_word' id='word_1_224' title='bbox 901 2716 1013 2798; x_wconf 84' lang='lat' dir='ltr'><strong>babuit</strong></span> <span class='ocrx_word' id='word_1_225' title='bbox 1033 2729 1149 2782; x_wconf 86' lang='lat' dir='ltr'><strong>terram</strong></span> <span class='ocrx_word' id='word_1_226' title='bbox 1168 2717 1309 2801; x_wconf 80' lang='lat' dir='ltr'><strong>multam,</strong></span> 
     </span>
    </p>
   </div>
   <div class='ocr_carea' id='block_1_5' title="bbox 120 2816 1386 4353">
    <p class='ocr_par' dir='ltr' id='par_1_6' title="bbox 120 2816 1386 4353">
     <span class='ocr_line' id='line_1_24' title="bbox 172 2816 1309 2916; baseline 0.001 -31"><span class='ocrx_word' id='word_1_227' title='bbox 172 2827 205 2886; x_wconf 90' lang='lat' dir='ltr'><strong>et</strong></span> <span class='ocrx_word' id='word_1_228' title='bbox 226 2819 331 2916; x_wconf 60' lang='lat' dir='ltr'><strong>atatim</strong></span> <span class='ocrx_word' id='word_1_229' title='bbox 352 2827 497 2884; x_wconf 86' lang='lat' dir='ltr'><strong>exortum</strong></span> <span class='ocrx_word' id='word_1_230' title='bbox 523 2830 585 2900; x_wconf 90' lang='lat' dir='ltr'><strong>est,</strong></span> <span class='ocrx_word' id='word_1_231' title='bbox 612 2818 704 2907; x_wconf 90' lang='lat' dir='ltr'><strong>quod</strong></span> <span class='ocrx_word' id='word_1_232' title='bbox 728 2816 955 2886; x_wconf 75' lang='grc'>333-13333331</span> <span class='ocrx_word' id='word_1_233' title='bbox 975 2817 1172 2902; x_wconf 82' lang='lat' dir='ltr'><strong>altitudinem</strong></span> <span class='ocrx_word' id='word_1_234' title='bbox 1193 2827 1309 2886; x_wconf 54' lang='lat' dir='ltr'><strong>terraer</strong></span> 
     </span>
     <span class='ocr_line' id='line_1_25' title="bbox 170 2918 1308 3007; baseline 0.001 -23"><span class='ocrx_word' id='word_1_235' title='bbox 170 2919 203 2985; x_wconf 84' lang='lat'><strong>6.</strong></span> <span class='ocrx_word' id='word_1_236' title='bbox 226 2919 304 2987; x_wconf 90' lang='lat' dir='ltr'><strong>Sole</strong></span> <span class='ocrx_word' id='word_1_237' title='bbox 328 2923 446 2997; x_wconf 70' lang='lat' dir='ltr'><strong>autent</strong></span> <span class='ocrx_word' id='word_1_238' title='bbox 453 2931 581 3002; x_wconf 75' lang='grc'>333313,</span> <span class='ocrx_word' id='word_1_239' title='bbox 603 2932 694 2989; x_wconf 87' lang='lat' dir='ltr'><strong>aestu</strong></span> <span class='ocrx_word' id='word_1_240' title='bbox 715 2921 863 2990; x_wconf 85' lang='lat' dir='ltr'><strong>allectum</strong></span> <span class='ocrx_word' id='word_1_241' title='bbox 886 2931 948 3000; x_wconf 87' lang='lat' dir='ltr'><strong>est,</strong></span> <span class='ocrx_word' id='word_1_242' title='bbox 970 2930 1001 2986; x_wconf 89' lang='lat' dir='ltr'><strong>et</strong></span> <span class='ocrx_word' id='word_1_243' title='bbox 1022 2923 1096 3007; x_wconf 84' lang='lat' dir='ltr'><strong>quia</strong></span> <span class='ocrx_word' id='word_1_244' title='bbox 1119 2939 1186 3002; x_wconf 89' lang='lat' dir='ltr'><strong>non</strong></span> <span class='ocrx_word' id='word_1_245' title='bbox 1207 2918 1308 2986; x_wconf 83' lang='lat' dir='ltr'><strong>babe-</strong></span> 
     </span>
     <span class='ocr_line' id='line_1_26' title="bbox 120 3013 1308 3122; baseline 0 -34"><span class='ocrx_word' id='word_1_246' title='bbox 120 3107 125 3118; x_wconf 33' lang='grc'>·</span> <span class='ocrx_word' id='word_1_247' title='bbox 170 3014 228 3090; x_wconf 84' lang='lat' dir='ltr'><strong>bet</strong></span> <span class='ocrx_word' id='word_1_248' title='bbox 248 3021 567 3122; x_wconf 39' lang='lat' dir='ltr'><strong>radicem&#39;,‚.&#39;exaruit.</strong></span> <span class='ocrx_word' id='word_1_249' title='bbox 612 3027 641 3094; x_wconf 91' lang='lat'><strong>7.</strong></span> <span class='ocrx_word' id='word_1_250' title='bbox 665 3027 711 3092; x_wconf 88' lang='lat' dir='ltr'><strong>Et</strong></span> <span class='ocrx_word' id='word_1_251' title='bbox 737 3023 825 3092; x_wconf 83' lang='lat' dir='ltr'><strong>aliu&#39;d</strong></span> <span class='ocrx_word' id='word_1_252' title='bbox 847 3023 962 3096; x_wconf 79' lang='lat' dir='ltr'><strong>cecidit</strong></span> <span class='ocrx_word' id='word_1_253' title='bbox 981 3025 1017 3090; x_wconf 89' lang='lat' dir='ltr'><strong>in</strong></span> <span class='ocrx_word' id='word_1_254' title='bbox 1039 3013 1162 3111; x_wconf 88' lang='lat' dir='ltr'><strong>spinas,</strong></span> <span class='ocrx_word' id='word_1_255' title='bbox 1183 3031 1214 3088; x_wconf 90' lang='lat' dir='ltr'><strong>et</strong></span> <span class='ocrx_word' id='word_1_256' title='bbox 1236 3045 1308 3088; x_wconf 86' lang='lat' dir='ltr'><strong>ere·</strong></span> 
     </span>
     <span class='ocr_line' id='line_1_27' title="bbox 160 3123 1306 3215; baseline -0.002 -21"><span class='ocrx_word' id='word_1_257' title='bbox 160 3127 298 3208; x_wconf 74' lang='lat' dir='ltr'><strong>&#39;verunt</strong></span> <span class='ocrx_word' id='word_1_258' title='bbox 311 3129 435 3215; x_wconf 90' lang='lat' dir='ltr'><strong>spinae,</strong></span> <span class='ocrx_word' id='word_1_259' title='bbox 462 3151 500 3196; x_wconf 86' lang='lat' dir='ltr'><strong>ae</strong></span> <span class='ocrx_word' id='word_1_260' title='bbox 521 3129 761 3196; x_wconf 77' lang='lat' dir='ltr'><strong>suffocaverunt</strong></span> <span class='ocrx_word' id='word_1_261' title='bbox 781 3127 877 3209; x_wconf 90' lang='lat' dir='ltr'><strong>illud,</strong></span> <span class='ocrx_word' id='word_1_262' title='bbox 907 3133 939 3194; x_wconf 88' lang='lat' dir='ltr'><strong>et</strong></span> <span class='ocrx_word' id='word_1_263' title='bbox 959 3127 1095 3210; x_wconf 84' lang='lat' dir='ltr'><strong>fructum</strong></span> <span class='ocrx_word' id='word_1_264' title='bbox 1117 3147 1184 3192; x_wconf 92' lang='lat' dir='ltr'><strong>non</strong></span> <span class='ocrx_word' id='word_1_265' title='bbox 1205 3123 1306 3192; x_wconf 85' lang='lat' dir='ltr'><strong>dedit.</strong></span> 
     </span>
     <span class='ocr_line' id='line_1_28' title="bbox 152 3227 1307 3325; baseline 0 -32"><span class='ocrx_word' id='word_1_266' title='bbox 152 3227 202 3294; x_wconf 53' lang='lat'><strong>¹8.</strong></span> <span class='ocrx_word' id='word_1_267' title='bbox 224 3229 268 3312; x_wconf 83' lang='lat' dir='ltr'><strong>Et</strong></span> <span class='ocrx_word' id='word_1_268' title='bbox 288 3229 378 3296; x_wconf 87' lang='lat' dir='ltr'><strong>aliud</strong></span> <span class='ocrx_word' id='word_1_269' title='bbox 400 3231 514 3312; x_wconf 25' lang='lat' dir='ltr'><strong>oeci-dit</strong></span> <span class='ocrx_word' id='word_1_270' title='bbox 534 3235 571 3300; x_wconf 63' lang='lat' dir='ltr'><strong>in,</strong></span> <span class='ocrx_word' id='word_1_271' title='bbox 590 3243 706 3298; x_wconf 85' lang='lat' dir='ltr'><strong>terram</strong></span> <span class='ocrx_word' id='word_1_272' title='bbox 725 3230 862 3325; x_wconf 76' lang='lat' dir='ltr'><strong>bonam,</strong></span> <span class='ocrx_word' id='word_1_273' title='bbox 883 3241 915 3298; x_wconf 90' lang='lat' dir='ltr'><strong>et</strong></span> <span class='ocrx_word' id='word_1_274' title='bbox 936 3230 1025 3304; x_wconf 84' lang='lat' dir='ltr'><strong>dedit</strong></span> <span class='ocrx_word' id='word_1_275' title='bbox 1045 3232 1307 3310; x_wconf 69' lang='grc'>[1333333333-</span> 
     </span>
     <span class='ocr_line' id='line_1_29' title="bbox 169 3318 1305 3422; baseline 0.003 -27"><span class='ocrx_word' id='word_1_276' title='bbox 169 3340 294 3418; x_wconf 80' lang='lat' dir='ltr'><strong>gentem</strong></span> <span class='ocrx_word' id='word_1_277' title='bbox 316 3342 411 3420; x_wconf 85' lang='lat' dir='ltr'><strong>atque</strong></span> <span class='ocrx_word' id='word_1_278' title='bbox 435 3345 646 3416; x_wconf 83' lang='lat' dir='ltr'><strong>crescentem,</strong></span> <span class='ocrx_word' id='word_1_279' title='bbox 673 3345 705 3402; x_wconf 90' lang='lat' dir='ltr'><strong>et</strong></span> <span class='ocrx_word' id='word_1_280' title='bbox 731 3335 836 3402; x_wconf 89' lang='lat' dir='ltr'><strong>attulit</strong></span> <span class='ocrx_word' id='word_1_281' title='bbox 857 3356 957 3401; x_wconf 91' lang='lat' dir='ltr'><strong>unum</strong></span> <span class='ocrx_word' id='word_1_282' title='bbox 977 3318 1122 3422; x_wconf 79' lang='lat' dir='ltr'><strong>triginta,</strong></span> <span class='ocrx_word' id='word_1_283' title='bbox 1151 3342 1181 3398; x_wconf 88' lang='lat' dir='ltr'><strong>et</strong></span> <span class='ocrx_word' id='word_1_284' title='bbox 1203 3355 1305 3398; x_wconf 88' lang='lat' dir='ltr'><strong>unum</strong></span> 
     </span>
     <span class='ocr_line' id='line_1_30' title="bbox 168 3425 1305 3528; baseline 0.007 -30"><span class='ocrx_word' id='word_1_285' title='bbox 168 3436 345 3522; x_wconf 72' lang='lat' dir='ltr'><strong>sexaginta,</strong></span> <span class='ocrx_word' id='word_1_286' title='bbox 373 3446 404 3502; x_wconf 88' lang='lat' dir='ltr'><strong>et</strong></span> <span class='ocrx_word' id='word_1_287' title='bbox 425 3425 524 3504; x_wconf 85' lang='lat' dir='ltr'><strong>unum</strong></span> <span class='ocrx_word' id='word_1_288' title='bbox 546 3448 681 3506; x_wconf 80' lang='lat' dir='ltr'><strong>centurn.</strong></span> <span class='ocrx_word' id='word_1_289' title='bbox 725 3439 757 3510; x_wconf 85' lang='lat'><strong>9.</strong></span> <span class='ocrx_word' id='word_1_290' title='bbox 785 3437 838 3516; x_wconf 65' lang='lat' dir='ltr'><strong>Aa</strong></span> <span class='ocrx_word' id='word_1_291' title='bbox 855 3436 985 3528; x_wconf 83' lang='lat' dir='ltr'><strong>dicebat</strong></span> <span class='ocrx_word' id='word_1_292' title='bbox 1008 3437 1092 3518; x_wconf 86' lang='lat' dir='ltr'><strong>illis,</strong></span> <span class='ocrx_word' id='word_1_293' title='bbox 1118 3436 1185 3522; x_wconf 84' lang='lat' dir='ltr'><strong>Qui</strong></span> <span class='ocrx_word' id='word_1_294' title='bbox 1206 3435 1305 3506; x_wconf 87' lang='lat' dir='ltr'><strong>habet</strong></span> 
     </span>
     <span class='ocr_line' id='line_1_31' title="bbox 165 3537 1351 3628; baseline 0.008 -28"><span class='ocrx_word' id='word_1_295' title='bbox 165 3556 263 3602; x_wconf 80' lang='grc'>33333</span> <span class='ocrx_word' id='word_1_296' title='bbox 285 3537 326 3603; x_wconf 89' lang='lat' dir='ltr'><strong>ad</strong></span> <span class='ocrx_word' id='word_1_297' title='bbox 349 3539 551 3622; x_wconf 87' lang='lat' dir='ltr'><strong>audiendum,</strong></span> <span class='ocrx_word' id='word_1_298' title='bbox 574 3542 704 3607; x_wconf 60' lang='lat' dir='ltr'><strong>audiat:</strong></span> <span class='ocrx_word' id='word_1_299' title='bbox 719 3577 761 3593; x_wconf 94' lang='lat'><em>-</em></span> <span class='ocrx_word' id='word_1_300' title='bbox 790 3542 857 3608; x_wconf 23' lang='lat' dir='ltr'><strong>nlo.</strong></span> <span class='ocrx_word' id='word_1_301' title='bbox 885 3541 999 3628; x_wconf 84' lang='lat' dir='ltr'><strong>Quum</strong></span> <span class='ocrx_word' id='word_1_302' title='bbox 1016 3549 1120 3608; x_wconf 87' lang='lat' dir='ltr'><strong>autem</strong></span> <span class='ocrx_word' id='word_1_303' title='bbox 1142 3541 1307 3627; x_wconf 79' lang='lat' dir='ltr'><strong>¹coepisset</strong></span> <span class='ocrx_word' id='word_1_304' title='bbox 1348 3555 1351 3559; x_wconf 83' lang='grc'><strong>’</strong></span> 
     </span>
     <span class='ocr_line' id='line_1_32' title="bbox 167 3637 1305 3732; baseline 0.006 -28"><span class='ocrx_word' id='word_1_305' title='bbox 167 3659 238 3704; x_wconf 86' lang='grc'>3333</span> <span class='ocrx_word' id='word_1_306' title='bbox 258 3637 359 3720; x_wconf 88' lang='grc'>33133,</span> <span class='ocrx_word' id='word_1_307' title='bbox 383 3643 660 3732; x_wconf 75' lang='lat' dir='ltr'><strong>interrogaverunt</strong></span> <span class='ocrx_word' id='word_1_308' title='bbox 679 3665 764 3724; x_wconf 88' lang='lat' dir='ltr'><strong>eum,</strong></span> <span class='ocrx_word' id='word_1_309' title='bbox 786 3646 843 3730; x_wconf 92' lang='lat' dir='ltr'><strong>qui</strong></span> <span class='ocrx_word' id='word_1_310' title='bbox 866 3646 986 3710; x_wconf 85' lang='lat' dir='ltr'><strong>circum</strong></span> <span class='ocrx_word' id='word_1_311' title='bbox 1007 3645 1097 3710; x_wconf 88' lang='lat' dir='ltr'><strong>illum</strong></span> <span class='ocrx_word' id='word_1_312' title='bbox 1119 3654 1208 3722; x_wconf 82' lang='lat' dir='ltr'><strong>erant</strong></span> <span class='ocrx_word' id='word_1_313' title='bbox 1229 3663 1305 3712; x_wconf 87' lang='lat' dir='ltr'><strong>cunr</strong></span> 
     </span>
     <span class='ocr_line' id='line_1_33' title="bbox 167 3739 1303 3834; baseline 0.008 -29"><span class='ocrx_word' id='word_1_314' title='bbox 167 3739 353 3824; x_wconf 80' lang='lat' dir='ltr'><strong>duodecim,</strong></span> <span class='ocrx_word' id='word_1_315' title='bbox 381 3743 422 3811; x_wconf 88' lang='lat' dir='ltr'><strong>de</strong></span> <span class='ocrx_word' id='word_1_316' title='bbox 450 3746 624 3834; x_wconf 84' lang='lat' dir='ltr'><strong>parabola..</strong></span> <span class='ocrx_word' id='word_1_317' title='bbox 653 3749 717 3814; x_wconf 85' lang='lat' dir='ltr'><strong>&#39;ll.</strong></span> <span class='ocrx_word' id='word_1_318' title='bbox 738 3747 788 3814; x_wconf 82' lang='lat' dir='ltr'><strong>&#39;Et</strong></span> <span class='ocrx_word' id='word_1_319' title='bbox 805 3745 944 3814; x_wconf 60' lang='lat' dir='ltr'><strong>vdicebat</strong></span> <span class='ocrx_word' id='word_1_320' title='bbox 971 3751 1034 3830; x_wconf 89' lang='grc'>313,</span> <span class='ocrx_word' id='word_1_321' title='bbox 1061 3747 1168 3814; x_wconf 89' lang='lat' dir='ltr'><strong>Vobis</strong></span> <span class='ocrx_word' id='word_1_322' title='bbox 1190 3747 1303 3816; x_wconf 85' lang='lat' dir='ltr'><strong>datum</strong></span> 
     </span>
     <span class='ocr_line' id='line_1_34' title="bbox 167 3849 1302 3943; baseline 0.007 -35"><span class='ocrx_word' id='word_1_323' title='bbox 167 3854 227 3922; x_wconf 86' lang='lat' dir='ltr'><strong>est,</strong></span> <span class='ocrx_word' id='word_1_324' title='bbox 256 3865 356 3912; x_wconf 88' lang='lat' dir='ltr'><strong>nosse</strong></span> <span class='ocrx_word' id='word_1_325' title='bbox 377 3853 562 3934; x_wconf 78' lang='lat' dir='ltr'><strong>mysterium</strong></span> <span class='ocrx_word' id='word_1_326' title='bbox 583 3851 674 3938; x_wconf 81' lang='lat' dir='ltr'><strong>regni</strong></span> <span class='ocrx_word' id='word_1_327' title='bbox 694 3851 776 3943; x_wconf 60' lang='lat' dir='ltr'><strong>Dei:</strong></span> <span class='ocrx_word' id='word_1_328' title='bbox 806 3849 871 3916; x_wconf 91' lang='lat' dir='ltr'><strong>illis</strong></span> <span class='ocrx_word' id='word_1_329' title='bbox 893 3859 1023 3936; x_wconf 61' lang='lat' dir='ltr'><strong>autem,</strong></span> <span class='ocrx_word' id='word_1_330' title='bbox 1038 3853 1094 3938; x_wconf 84' lang='lat' dir='ltr'><strong>qui</strong></span> <span class='ocrx_word' id='word_1_331' title='bbox 1115 3850 1193 3917; x_wconf 88' lang='lat' dir='ltr'><strong>loris</strong></span> <span class='ocrx_word' id='word_1_332' title='bbox 1215 3861 1302 3930; x_wconf 89' lang='lat' dir='ltr'><strong>suut,</strong></span> 
     </span>
     <span class='ocr_line' id='line_1_35' title="bbox 140 3945 1386 4034; baseline 0.009 -23"><span class='ocrx_word' id='word_1_333' title='bbox 140 3947 144 3953; x_wconf 77' lang='grc'><strong><em>’</em></strong></span> <span class='ocrx_word' id='word_1_334' title='bbox 164 3969 223 4032; x_wconf 87' lang='lat' dir='ltr'><strong>per</strong></span> <span class='ocrx_word' id='word_1_335' title='bbox 242 3947 414 4034; x_wconf 85' lang='lat' dir='ltr'><strong>parabolus</strong></span> <span class='ocrx_word' id='word_1_336' title='bbox 437 3957 544 4020; x_wconf 87' lang='lat' dir='ltr'><strong>omnia</strong></span> <span class='ocrx_word' id='word_1_337' title='bbox 564 3951 660 4018; x_wconf 85' lang='lat' dir='ltr'><strong>liunt:</strong></span> <span class='ocrx_word' id='word_1_338' title='bbox 704 3954 755 4025; x_wconf 78' lang='lat'><strong>12.</strong></span> <span class='ocrx_word' id='word_1_339' title='bbox 781 3955 828 4020; x_wconf 89' lang='lat' dir='ltr'><strong>Ut</strong></span> <span class='ocrx_word' id='word_1_340' title='bbox 848 3953 992 4020; x_wconf 89' lang='lat' dir='ltr'><strong>videntes</strong></span> <span class='ocrx_word' id='word_1_341' title='bbox 1013 3945 1158 4034; x_wconf 78' lang='lat' dir='ltr'><strong>videant,</strong></span> <span class='ocrx_word' id='word_1_342' title='bbox 1178 3962 1209 4017; x_wconf 90' lang='lat' dir='ltr'><strong>et</strong></span> <span class='ocrx_word' id='word_1_343' title='bbox 1228 3973 1303 4020; x_wconf 90' lang='lat' dir='ltr'><strong>non</strong></span> <span class='ocrx_word' id='word_1_344' title='bbox 1385 4019 1386 4022; x_wconf 74' lang='grc'>,</span> 
     </span>
     <span class='ocr_line' id='line_1_36' title="bbox 164 4051 1301 4154; baseline 0.004 -38"><span class='ocrx_word' id='word_1_345' title='bbox 164 4051 308 4132; x_wconf 83' lang='lat' dir='ltr'><strong>cernant,</strong></span> <span class='ocrx_word' id='word_1_346' title='bbox 336 4061 368 4119; x_wconf 83' lang='lat' dir='ltr'><strong>et</strong></span> <span class='ocrx_word' id='word_1_347' title='bbox 388 4055 554 4128; x_wconf 86' lang='lat' dir='ltr'><strong>audientes</strong></span> <span class='ocrx_word' id='word_1_348' title='bbox 569 4055 719 4154; x_wconf 16' lang='lat' dir='ltr'><strong>pandisset,</strong></span> <span class='ocrx_word' id='word_1_349' title='bbox 747 4065 778 4122; x_wconf 89' lang='lat' dir='ltr'><strong>et</strong></span> <span class='ocrx_word' id='word_1_350' title='bbox 798 4077 867 4122; x_wconf 91' lang='lat' dir='ltr'><strong>non</strong></span> <span class='ocrx_word' id='word_1_351' title='bbox 887 4057 1080 4144; x_wconf 86' lang='lat' dir='ltr'><strong>intelligant,</strong></span> <span class='ocrx_word' id='word_1_352' title='bbox 1101 4053 1301 4142; x_wconf 70' lang='lat' dir='ltr'><strong>nequando</strong></span> 
     </span>
     <span class='ocr_line' id='line_1_37' title="bbox 163 4157 1301 4246; baseline 0.01 -32"><span class='ocrx_word' id='word_1_353' title='bbox 163 4167 402 4238; x_wconf 81' lang='lat' dir='ltr'><strong>convertantur,</strong></span> <span class='ocrx_word' id='word_1_354' title='bbox 419 4169 456 4224; x_wconf 65' lang='lat' dir='ltr'><strong>‘et</strong></span> <span class='ocrx_word' id='word_1_355' title='bbox 476 4163 676 4226; x_wconf 86' lang='lat' dir='ltr'><strong>remittantur</strong></span> <span class='ocrx_word' id='word_1_356' title='bbox 697 4162 743 4226; x_wconf 85' lang='lat' dir='ltr'><strong>eia</strong></span> <span class='ocrx_word' id='word_1_357' title='bbox 764 4169 903 4246; x_wconf 85' lang='lat' dir='ltr'><strong>peccata.</strong></span> <span class='ocrx_word' id='word_1_358' title='bbox 947 4160 1054 4224; x_wconf 82' lang='lat' dir='ltr'><strong>Paulo</strong></span> <span class='ocrx_word' id='word_1_359' title='bbox 1070 4167 1162 4244; x_wconf 75' lang='lat' dir='ltr'><strong>post·</strong></span> <span class='ocrx_word' id='word_1_360' title='bbox 1186 4157 1239 4224; x_wconf 82' lang='grc'><strong>24.</strong></span> <span class='ocrx_word' id='word_1_361' title='bbox 1254 4157 1301 4224; x_wconf 89' lang='lat' dir='ltr'><strong>Et</strong></span> 
     </span>
     <span class='ocr_line' id='line_1_38' title="bbox 165 4250 1298 4353; baseline 0.011 -37"><span class='ocrx_word' id='word_1_362' title='bbox 165 4250 291 4339; x_wconf 79' lang='lat' dir='ltr'><strong>dicebat</strong></span> <span class='ocrx_word' id='word_1_363' title='bbox 316 4259 396 4342; x_wconf 89' lang='lat' dir='ltr'><strong>illis,</strong></span> <span class='ocrx_word' id='word_1_364' title='bbox 425 4263 557 4344; x_wconf 82' lang='lat' dir='ltr'><strong>Videte,</strong></span> <span class='ocrx_word' id='word_1_365' title='bbox 586 4263 665 4353; x_wconf 87' lang='lat' dir='ltr'><strong>quid</strong></span> <span class='ocrx_word' id='word_1_366' title='bbox 686 4262 835 4331; x_wconf 85' lang='lat' dir='ltr'><strong>audiatis:</strong></span> <span class='ocrx_word' id='word_1_367' title='bbox 868 4283 933 4352; x_wconf 84' lang='lat' dir='ltr'><strong>qua</strong></span> <span class='ocrx_word' id='word_1_368' title='bbox 954 4272 1107 4330; x_wconf 85' lang='lat' dir='ltr'><strong>tnensura</strong></span> <span class='ocrx_word' id='word_1_369' title='bbox 1132 4260 1298 4341; x_wconf 86' lang='lat' dir='ltr'><strong>metimini,</strong></span> 
     </span>
    </p>
   </div>
   <div class='ocr_carea' id='block_1_6' title="bbox 0 0 1402 4774">
    <p class='ocr_par' dir='ltr' id='par_1_7' title="bbox 0 0 1402 4774">
     <span class='ocr_line' id='line_1_39' title="bbox 0 0 1402 4774; baseline 0 3"><span class='ocrx_word' id='word_1_370' title='bbox 0 0 1402 4774; x_wconf 95' lang='lat' dir='ltr'><strong> </strong></span> 
     </span>
    </p>
   </div>
  </div>
 </body>
</html>
