2790 4764
156 271 162 278 .
192 243 234 310 ω
287 253 297 266 ·
422 241 531 304 SECT·
554 201 663 300 les
677 253 848 302 muscum
868 253 913 300 er
932 251 1108 306 stratores.

195 405 324 460 montem
341 391 472 466 Thabor,
494 411 555 452 non
573 389 675 452 minim
694 400 754 464 est,
777 387 885 452 mediae
908 390 1022 474 regioni
1040 381 1157 454 attribui
1174 393 1323 528 mugire

196 490 313 534 nomen.
351 465 504 548 Decapolis
523 485 594 528 vero
614 465 655 528 sic
674 477 774 528 vocata
793 487 809 526 a
828 465 927 528 decem
945 467 1078 544 urbibus,
1099 467 1162 548 quia
1251 466 1323 526 boe-

196 545 297 621 niciae,
316 556 346 608 et
363 543 518 605 maritimae
538 537 680 604 Galilaeae
699 541 777 602 conti
816 561 832 603 a
852 553 920 612 crat.
941 541 1056 608 Christo
1075 541 1243 604 manseunda
1261 541 1323 616 fuit,

236 643 285 684 um
303 641 321 682 a
338 619 491 684 Phoenicia
508 619 539 679 in
559 615 712 679 Galilaeam
730 562 850 679 ludite
868 617 983 680 rediret
1017 621 1054 680 Iu
1073 639 1109 681 co
1149 619 1191 682 lus
1210 629 1323 700 apparet

219 696 317 774 issidii,
342 695 418 776 quod
437 693 593 774 Matthaeus
618 693 712 776 plures
731 693 815 756 variis
840 693 945 762 morbis
969 693 1090 766 affectos
1115 695 1123 710 ‘
1144 707 1191 757 um
1215 713 1324 758 sanasse

197 783 303 850 umal,
322 775 433 834 lllarcua
452 791 525 832 reso
543 767 624 833 unius
644 780 754 850 tillitum
772 767 850 830 surdi
868 769 1004 830 meminit.
1037 771 1138 832 Facilis
1157 783 1253 832 tamen
1272 772 1325 832 bu-

196 853 240 912 ius
260 868 373 932 quoquc
396 845 465 909 nodi
488 845 590 908 solutio
615 858 670 907 cst:
698 849 809 908 Marcus
822 845 1087 914 euimmiraculum
1106 847 1159 908 sibi
1179 845 1325 909 celebran-

196 927 264 990 dum
283 923 399 1008 delegit,
424 923 502 1006 quod
525 922 555 983 iu
577 921 681 984 itinere
703 923 810 984 editum
828 921 937 1000 fuerat,
963 935 994 984 et
1012 924 1090 986 cuius
1110 923 1182 984 fama
1201 924 1325 1005 dispersa

196 1015 290 1068 terrac
306 999 378 1064 illius
397 999 502 1064 incolat
516 997 618 1084 passim
636 991 779 1074 excitavit,
792 1009 825 1058 ut
839 997 933 1090 platea
949 997 1064 1061 Christo
1080 1001 1217 1061 sanandos
1233 999 1326 1061 offer-

198 1091 276 1142 rent.
320 1077 431 1140 Scimus
450 1089 557 1152 autem,
580 1074 773 1156 Evangelistas
792 1094 902 1137 curiose
920 1074 1106 1137 uoureferrc
1121 1076 1254 1158 quicquid
1273 1096 1326 1160 ge-

198 1169 274 1220 stum
292 1165 336 1216 est
353 1176 370 1214 a
389 1152 512 1228 Christo,
532 1151 563 1216 iu
580 1147 720 1216 miraculis
737 1171 809 1214 reso
828 1151 871 1213 sic
888 1171 950 1214 esse
966 1172 1076 1234 parcos,
1093 1164 1127 1212 ut
1145 1173 1232 1234 pauca
1252 1153 1327 1218 duur

128 1289 138 1300 ,
196 1245 273 1295 taxat
289 1227 322 1292 in
341 1229 498 1313 exemplum
515 1227 663 1313 attingant.
703 1227 813 1289 Deinde
836 1229 902 1290 satis
924 1227 1021 1290 habuit
1043 1230 1157 1290 Marcus
1180 1228 1325 1310 specimen

130 1377 131 1384 g
197 1331 287 1371 unum
304 1327 477 1390 proponere,
495 1306 601 1388 inquo
619 1302 728 1366 relucet
740 1303 846 1367 Christi
866 1305 1003 1386 potentia,
1021 1305 1140 1389 perinde
1158 1323 1191 1368 ac
1209 1304 1326 1387 reliquis

198 1386 324 1448 cirudcm
342 1382 470 1467 generis,
514 1401 566 1443 uae
585 1381 754 1462 paulopost
774 1393 892 1463 sequuta
909 1393 984 1442 sunt.
1107 1395 1112 1403 “

201 1529 207 1538 ,
273 1462 363 1522 Marc.
387 1461 435 1522 32.
505 1459 637 1518 Mutant
660 1461 689 1518 ci
711 1457 843 1518 surdum.
893 1455 1039 1532 Quorsum
1059 1456 1168 1541 precati
1192 1453 1263 1532 sint,
1293 1469 1326 1516 ut

198 1557 312 1599 manum
334 1533 509 1616 imponeret,
533 1554 567 1594 ex
591 1532 782 1616 superioribus
805 1529 875 1594 locis
899 1533 1050 1618 colligitur.
1087 1535 1161 1596 Nam
1184 1545 1325 1604 morum

198 1619 240 1676 im
277 1614 347 1672 sitio
370 1608 499 1672 sollenne
518 1620 579 1670 crat
596 1607 817 1670 consecrationis
836 1609 1009 1687 symbolum,
1031 1615 1090 1692 quo
1117 1611 1200 1672 etiam
1224 1609 1325 1671 coufe-

254 1699 338 1758 autur
360 1685 481 1767 Spiritus
504 1684 595 1756 sancti
617 1685 701 1746 dona.
745 1685 808 1747 Nec
830 1684 946 1748 dubium
970 1699 1022 1762 est,
1048 1687 1117 1766 quin
1138 1687 1224 1748 ritum
1247 1684 1325 1746 hunc

194 1766 365 1848 frequenter
386 1761 562 1853 usurpaverit
581 1757 725 1836 Christus,
749 1771 782 1822 ut
800 1759 869 1822 nihil
885 1763 1014 1843 rogarint
1031 1761 1077 1824 isti
1094 1762 1240 1838 hommes,
1268 1761 1323 1822 nisi

153 1879 163 1898 .
200 1843 277 1922 quod
293 1837 420 1900 sciebant
439 1858 466 1898 cr
483 1836 615 1898 hacteuus
633 1837 663 1896 in
682 1858 734 1896 usu
752 1835 846 1897 baisse.
877 1837 1027 1899 Caeterum
1042 1837 1169 1900 Christus
1181 1837 1233 1899 alia
1248 1859 1325 1920 sym·

198 1915 267 1979 bola
284 1914 409 1977 adhibet:
433 1934 500 1973 nam
518 1911 590 1972 muti
609 1909 732 1995 linguam
750 1923 834 1992 sputo
852 1933 905 1972 suo
923 1913 1048 1996 intingit,
1065 1933 1099 1974 ac
1118 1915 1238 1998 digitum
1255 1914 1326 1974 mit-

201 1993 239 2056 tit
257 1991 287 2052 in
306 2011 405 2066 aures.
439 1989 514 2052 saris
537 1988 649 2070 quictem
673 1987 772 2050 efficax
795 1987 893 2050 fuisset
913 1987 996 2052 unica
1018 2009 1151 2052 manuum
1170 1989 1326 2072 impositio,

199 2069 259 2132 imo
277 2079 311 2128 ut
328 2067 356 2128 di
377 2065 448 2128 itum
469 2085 530 2142 nou
547 2075 694 2138 moveret,
714 2074 858 2156 praestare
876 2063 932 2126 boc
953 2063 1015 2124 solo
1034 2075 1105 2124 nutu
1122 2076 1248 2146 poterat,
1275 2067 1326 2126 sed

201 2086 526 2220 cemmeticensium
545 2139 629 2202 fuisse
648 2141 735 2224 signis
753 2138 886 2216 externis,
904 2151 938 2199 ut
955 2138 1065 2202 ferebat
1081 2139 1228 2202 bominum
1247 2142 1327 2204 utili-

199 2233 255 2284 tas:
280 2221 364 2282 sicuti
378 2239 455 2281 nunc
468 2217 580 2302 liuguae
630 2228 709 2278 utum
727 2236 879 2303 aspergens
897 2227 998 2278 notare
1011 2215 1108 2291 voluit,
1127 2215 1262 2298 loquendi
1280 2218 1326 2277 fa·-

125 2315 126 2322 ’
184 2297 335 2390 'cultatem
357 2317 373 2356 a
396 2317 427 2360 sc
449 2316 508 2356 uuo
530 2293 703 2377 transfundi,
726 2292 853 2376 digitum
870 2291 900 2352 in
924 2291 1059 2385 auriculas
1081 2293 1197 2356 mittens
1216 2292 1333 2388 docuit,
1382 2355 1383 2361 g

128 2461 135 2470 ⁴
200 2394 349 2534 {iiiiii
367 2370 778 2529 tttttttttttttt
799 2389 985 2522 ilidii
1003 2368 1274 2506 piliilirdii}
1288 2371 1326 2505 ‘ii

200 2540 282 2608 parte
299 2527 435 2599 luserunt,
454 2527 525 2616 adeo
540 2521 613 2616 mihil
630 2521 711 2660 splidi
728 2521 833 2584 afferre
851 2521 999 2658 rptpopius¹
1011 2467 1133 2612 ludibrio
1147 2521 1326 2658 Scriptppppnrn

202 2598 1109 2758 taltttdflttttttt..ttt⁰ffittftttlttltt
1124 2618 1325 2756 libram
1381 2717 1382 2762 ,

201 2751 306 2812 uostris
323 2750 451 2832 inspirat,
472 2761 502 2812 et
520 2750 613 2834 digitis
630 2750 808 2830 penetratio
826 2769 906 2810 aures
925 2761 1042 2812 nostras.
1083 2749 1173 2826 Quod
1192 2767 1320 2813 seorsum

88 2844 91 2852 ·
201 2826 319 2888 aturba
332 2825 447 2886 surdum
464 2838 602 2901 removet,
621 2825 724 2906 partim
742 2845 778 2886 eo
797 2825 915 2885 consilio
935 2825 1010 2902 facit,
1028 2837 1061 2886 ut
1075 2825 1190 2888 rudibus
1204 2837 1233 2886 et
1247 2843 1323 2884 non-

106 2901 111 2913 '
201 2903 268 2966 dum
286 2901 352 2964 satis
377 2901 486 2964 idoneis
503 2901 621 2964 testibus
640 2901 748 2974 eminus
766 2903 945 2982 spectandam
962 2902 1096 2984 praebeat
1112 2899 1232 2964 Deitatis
1255 2923 1322 2962 suae

200 2979 333 3070 gloriam,
354 2977 457 3072 partim
481 2989 514 3038 ut
535 2976 669 3067 precandi
691 2975 822 3068 ardorem
844 2975 958 3068 liberius
982 2977 1117 3039 effundat.
1145 2977 1322 3069 ‚Nam'quod

199 3051 971 3223 iiliihisssiidfqui.illiditlliildil
988 3053 1167 3214 titt&
1182 3052 1326 3206 iiiiii,
1380 3115 1381 3122 ‘

200 3229 322 3290 quonum
341 3207 458 3270 miseriis
475 3206 515 3268 ita
533 3204 687 3266 condoluit.
718 3205 779 3266 Nec
798 3205 913 3266 dubium
932 3218 984 3282 est,
1003 3206 1071 3287 quin
1090 3207 1202 3288 sputum
1215 3226 1255 3282 ,er
1269 3225 1326 3268 ore

199 3304 252 3343 suo
270 3283 468 3346 transfundens
485 3283 516 3342 in
535 3301 567 3342 os
585 3279 667 3356 illius,
687 3293 716 3342 et
733 3278 836 3363 digitbs
854 3282 966 3344 auribus
984 3283 1111 3344 inserens
1129 3283 1247 3343 eundem
1267 3279 1322 3340 bu·
1379 3355 1380 3358 Ἴ

199 3359 340 3421 manitatis
361 3359 495 3422 affectum
513 3357 611 3419 testari
630 3368 660 3420 et
678 3357 834 3438 exprimere
851 3357 1004 3419 voluerit*
1029 3359 1143 3420 Interea
1167 3358 1220 3419 sibi
1236 3379 1321 3418 'sum-

199 3447 279 3494 mum
300 3435 449 3516 imperium
473 3454 535 3496 csse
558 3435 733 3496 demonstrat
755 3434 929 3528 corrigendis
952 3435 1082 3496 omnibus
1103 3435 1178 3496 vitiis
1202 3445 1232 3496 et
1254 3434 1321 3494 red-
1379 3431 1380 3486 l

199 3507 307 3571 dendac
320 3511 439 3584 sanitati,
453 3532 538 3591 quum
552 3507 714 3590 simpliciter
726 3510 806 3574 iubet
818 3510 943 3594 linguam
958 3523 987 3573 et
997 3532 1080 3575 aures
1093 3511 1208 3591 aperiri:
1227 3531 1320 3590 neque
1379 3559 1380 3564 ,

200 3585 277 3647 euim
295 3596 403 3648 temere
416 3587 527 3648 Marcus
546 3585 711 3648 chaldaicam
729 3586 801 3650 hanc
814 3609 916 3650 vocem
934 3584 1071 3666 (lipperti)
1089 3586 1197 3668 posuit,
1222 3587 1272 3646 sed
1286 3597 1320 3645 ut

199 3659 491 3726 testiscssetdirinae
505 3663 614 3724 Christi
627 3663 779 3743 potentiae.
809 3665 892 3726 Inter
909 3663 973 3726 alias
992 3683 1089 3745 nugas,
1108 3663 1208 3798 pribus
1227 3661 1332 3743 bapti·³
1378 3703 1379 3708 η

200 3760 293 3800 smum
304 3738 486 3820 inquinarunt
498 3739 576 3800 stulti
588 3739 727 3816 homiues,
745 3739 792 3802 hic
845 3761 919 3822 oque
934 3739 1112 3801 histrionicus
1136 3761 1201 3799 usus
1217 3739 1318 3821 agitur.

202 3815 272 3890 Quo
292 3813 419 3896 exemplo
438 3835 599 3892 monemur,
619 3815 727 3876 nullum
747 3837 806 3879 esse
836 3817 954 3880 'tentiae
971 3816 1099 3892 modum,
1123 3815 1173 3876 ubi
1190 3814 1320 3878 homiues
1348 3868 1352 3876 ,
1378 3829 1379 3840 ’

198 3891 230 3952 in
248 3891 305 3954 Dei
323 3891 463 3972 mysteriis
483 3913 536 3973 pro
556 3912 608 3953 suo
622 3892 745 3953 ‘arbitrio
763 3891 919 3954 lasciviunt.
1224 3945 1227 3951 .

242 4005 249 4026 ι
274 3971 322 4030 36.
366 3969 521 4047 Praecepit
546 3971 622 4044 illis,
646 3991 682 4028 nc
705 3973 754 4030 cui
774 3970 913 4028 dicerent.
958 3967 1125 4050 Quanquam
1148 3964 1230 4027 multi
1255 3975 1320 4028 suut

198 4041 383 4126 interpretes,
407 4045 456 4124 qui
478 4055 628 4126 praccepta
650 4044 720 4106 baec
744 4043 775 4104 in
797 4045 935 4110 diversam
956 4057 1065 4127 partem
1087 4055 1238 4125 torquent,
1263 4042 1319 4103 acsi

190 4119 330 4180 'consulto
354 4119 521 4196 stimulasset
542 4119 618 4182 illos·
631 4119 758 4182 Christus
783 4121 818 4180 ad
840 4120 1034 4188 celebrandam
1057 4119 1184 4185 miraculi
1199 4119 1318 4192 famam,

199 4193 268 4253 mihi
284 4207 380 4258 tamen
397 4197 547 4280 simplicius
564 4195 675 4258 ridetur
692 4195 768 4275 quod
786 4195 852 4258 alibi
862 4198 964 4273 attuli,
987 4207 1097 4258 tantum
1118 4195 1242 4260 voluisse
1264 4195 1318 4256 dif-
1358 4199 1378 4266 ’,

201 4263 269 4356 ferri
289 4272 322 4332 in
343 4271 417 4335 aliud
439 4285 550 4354 tempus
572 4271 660 4351 magis
684 4283 877 4362 opportunum
900 4285 931 4334 et
953 4285 1101 4336 maturum
1141 4271 1240 4348 Quare
1258 4291 1318 4331 uon
1377 4269 1378 4288 ¹

199 4337 312 4421 Φῶκον
332 4348 401 4428 quit
418 4345 532 4414 illorum
554 4346 767 4426 intempestiuus
782 4345 872 4412 ¹fucrit
889 4350 977 4428 aelus,
999 4350 1066 4415 dum
1089 4348 1172 4414 silere
1194 4347 1262 4412 iussi
1283 4346 1317 4406 ad
