2830 4772
12 3725 23 3826 l

209 220 212 227 “
282 211 467 292 <lm-lea
510 205 594 270 Acris
612 203 825 296 Pharisaeorum
843 205 1034 287 reptatam.)
1168 209 1226 277 2ῦὸ

77 365 152 526 333,
174 325 306 447 &rpem
322 362 391 426 nei*
403 359 522 444 gloriam
545 357 700 450 inquinavit
721 354 809 420 decu}
826 357 978 440 gratiarum
996 358 1057 422 eius·
1071 357 1227 426 foedando.

113 445 218 505 notice
242 435 357 504 uolui.'
377 435 537 520 Indignatio
563 457 607 496 ma
630 458 652 496 rs
676 446 719 497 est
743 455 826 516 quam
852 435 1068 518 commiseratio.
1113 437 1225 500 Urbem
1256 451 1258 458 ’

79 521 204 603 quidem
230 517 443 606 ipsam,'tuper
466 533 548 594 quam
571 456 653 592 padio
677 523 743 572 ante
767 511 897 585 fleverat,
922 511 1011 574 adbu'o
1033 513 1226 578 misericordia
1254 498 1257 530 Ι

78 593 291 680 prosequitur:
319 590 368 653 sed
389 575 418 652 rd
438 591 541 652 scribas
558 587 635 649 exitii
652 599 784 648 auctores
802 587 900 648 durior
918 599 946 648 et
964 589 1090 669 asperior
1104 602 1160 666 est,
1185 591 1236 652 siu

80 673 144 736 cuti
159 670 262 732 mer-iti
281 681 368 730 erant.
407 665 573 746 Quanquam
592 685 646 724 nec
660 663 776 756 reliquis
795 663 895 746 parcit,
913 663 961 742 qui
980 686 1078 728 omnes
1100 666 1225 730 ciusdem

79 749 203 812 sceleris
225 745 334 806 conscii
352 753 381 805 et
399 739 599 824 approbatores
620 751 648 800 et
666 741 735 802 socia
755 751 848 801 erant:
871 737 920 818 sed
934 759 1033 800 omnes
1051 743 1082 802 in
1102 745 1225 812 eundem

78 838 200 887 reatum
225 822 355 896 trahens,
374 819 534 902 vpraecipue
556 815 700 878 invehitur
725 818 757 876 in
783 817 858 898 ipsos
884 817 982 890 doces,
1012 818 1060 895 qui
1084 821 1223 882 malorum

80 901 220 962 omniurn
249 918 329 958 causa
356 909 443 956 erant.
487 897 547 955 lam
576 894 697 954 notanda
726 904 769 954 est
795 893 933 952 sermonis
960 890 1156 968 vehementia..
1190 897 1224 968 Si

79 977 258 1060 simpliciter
275 971 415 1055 repudiata
434 971 531 1034 luisset
544 969 600 1030 Dei
617 969 708 1054 gratia
727 967 948 1050 hierosolymae,
969 967 1023 1028 iam
1043 969 1224 1044 minimeex.

80 1052 221 1116 cusabilis
243 1051 341 1118 suisset
359 1049 543 1130 ingratitudo:
563 1067 649 1126 quum
668 1065 738 1106 vero
759 1045 879 1106 comiter
898 1048 927 1104 et'
945 1043 1046 1110 blande
1064 1046 1098 1105 ad
1117 1067 1146 1107 se
1165 1049 1225 1112 alli,

79 1151 153 1192 cere
175 1129 262 1190 Deus
286 1125 439 1188 tentaverit
460 1122 595 1195 ludaeos,
618 1143 656 1203 aq
675 1121 744 1182 nibil
767 1121 922 1204 profecerit
944 1131 1021 1180 tanta
1039 1120 1225 1204 benignitate,

78 1205 175 1289 longe
195 1203 321 1266 atrocius
340 1202 395 1261 suit
414 1214 469 1260 tam
489 1197 625 1280 superbae
645 1198 831 1258 contumeliae
850 1198 967 1260 crimen.
995 1199 1124 1264 Accessit
1140 1200 1225 1264 etiam

77 1282 227 1344 indomita
251 1277 417 1340 obstinatio:
445 1275 510 1357 quia
534 1294 593 1334 non
617 1275 703 1336 semel
726 1273 811 1354 atque'
829 1273 932 1334 iterum
949 1275 1127 1354 ipsos‘Il'eus
1146 1275 1225 1337 colli-

77 1379 156 1442 gere
176 1356 287 1428 voluit,
310 1353 359 1414 sed
381 1373 434 1431 per
457 1350 609 1412 continuos
631 1349 815 1412 successionis
839 1350 946 1432 gradus,
962 1349 1030 1412 alios
1052 1361 1082 1414 at
1101 1372 1137 1414 ue
1156 1351 1225 1427 alios
1327 1343 1332 1364 ’

79 1434 220 1498 submisit
244 1429 418 1510 Prophetas,
447 1426 495 1508 qui
519 1447 619 1487 omnes
648 1425 708 1488 sere
737 1445 753 1487 a
781 1426 880 1486 maiori
908 1437 988 1508 parte
1016 1372 1120 1508 repulsi
1149 1436 1226 1492 sunt.

77 1511 173 1574 Nunc
199 1521 347 1578 tenemus,
374 1525 425 1564 cur
447 1524 478 1564 se
503 1501 628 1564 Christus
651 1502 682 1564 in
704 1501 760 1576 Dei
783 1523 902 1584 persona
924 1503 1042 1586 gallinae
1066 1516 1225 1585 comparet:
1277 1553 1280 1559 .

77 1607 153 1650 nem
177 1605 195 1646 e
215 1601 275 1661 quo
294 1577 362 1660 plue
379 1579 548 1662 ignominiae
568 1575 784 1662 buicqscelestae
803 1579 882 1662 genti
900 1578 957 1642 irro
980 1591 1016 1654 ct,
1037 1601 1107 1660 quae
1120 1599 1225 1644 suaves

81 1677 114 1725 ct
134 1607 203 1753 plus
224 1678 309 1736 quam
327 1668 465 1720 maternas
483 1657 541 1716 eius
560 1654 739 1716 invitationes
758 1666 910 1738 respuerat.
946 1599 1053 1717 illitum
1072 1657 1128 1718 hoc
1147 1669 1225 1719 certe

82 1751 114 1801 et
134 1732 362 1812 incomparabile
380 1732 482 1794 amoris
500 1732 703 1794 documentum
723 1731 790 1806 init,
816 1731 893 1812 quod
911 1751 940 1792 se
959 1732 995 1794 ad
1013 1731 1157 1796 blanditias
1177 1757 1225 1795 us-

82 1835 143 1896 que
163 1813 319 1874 demittere
335 1821 468 1902 gravatus
492 1829 553 1868 non
577 1820 633 1884 est,
658 1829 715 1888 quo
739 1807 876 1868 cicuraret
898 1805 928 1868 in
952 1829 1033 1869 suum
1058 1810 1224 1892 obsequium
1281 1811 1285 1818 ’

80 1889 221 1954 rebelles.
253 1881 357 1948 Similis
375 1885 436 1947 fere
454 1883 633 1966 exprobratio
653 1885 726 1965 apud
744 1887 848 1946 bloscn
867 1883 893 1944 le
916 1885 979 1958 itur,
998 1885 1154 1949 Deuteron.
1175 1889 1224 1964 32,

82 1970 145 2043 12„
166 1964 248 2046 quod
260 1964 338 2047 Deus
352 1973 484 2042 tanquam
502 1961 591 2042 aquila
609 1961 735 2042 expansis
753 1956 802 2024 alls
814 1981 878 2042 -pop
911 1985 957 2021 um
972 1960 1049 2022 illum
1064 1961 1224 2044 complexus

37 2045 42 2056 ’
84 2045 133 2106 sit.
186 2041 475 2116 Quanquamautem
497 2059 557 2098 nou
580 2059 639 2097 uuo
663 2037 753 2112 modo
776 2035 829 2100 alas
853 2060 915 2098 suas
939 2038 1069 2118 expandit
1086 2040 1165 2102 Deus
1188 2040 1223 2102 ad

84 2117 251 2182 fovendum
269 2115 346 2186 illurn
365 2115 514 2196 populum,
529 2111 601 2174 banc
619 2125 714 2176 tamen
732 2113 866 2194 loquendi
887 2115 1006 2176 formam
1027 2114 1153 2178 Christus
1171 2139 1225 2196 pe.
1329 2148 1331 2154 -

84 2195 237 2256 ordiariter
260 2192 294 2254 ad
317 2212 403 2262 unam
419 2191 543 2271 specium
561 2190 768 2281 accommodat,
791 2190 866 2270 quod
889 2191 996 2252 scilicet
1019 2191 1096 2252 missi
1118 2191 1225 2253 suerint

9 2267 10 2274 ¹
83 2271 272 2364 Prophetae,
294 2269 343 2350 qui
367 2287 457 2350 vagos
478 2277 507 2326 et
530 2266 668 2356 dispersos
693 2267 722 2324 in
742 2267 1114 2360 ⁸srnum'Deicolligerent.
1155 2268 1224 2344 Quo

9 2403 10 2408 ,
84 2347 251 2484 significat,
276 2359 420 2435 nunquam
442 2363 567 2422 proponi
594 2342 675 2402 nobes
695 2343 750 2407 Des
768 2342 900 2424 verbum,
925 2365 991 2423 qum
1016 2363 1076 2424 rpse
1099 2355 1225 2408 materna
1333 2387 1339 2398 .

87 2425 128 2484 du
140 2423 243 2484 cedine
283 2440 400 2480 remrum
421 2440 500 2479 suum
518 2417 601 2478 nobis
620 2418 733 2500 aperiat,
755 2439 791 2478 nc
812 2440 848 2480 ue
868 2440 902 2480 eo
919 2432 1070 2480 contentus
1084 2440 1172 2500 usque
1189 2419 1225 2484 ad

84 2498 200 2560 humile
218 2443 335 2580 gelboae
350 2494 471 2557 studium
483 2493 641 2554 descendat
659 2495 689 2554 in
708 2439 813 2556 fovenl

85 2574 153 2656 plus
173 2593 257 2652 qnam
274 2583 462 2632 monstrosam
482 2589 542 2630 esse
560 2581 686 2632 nostram
705 2569 855 2645 ferociam,
875 2571 898 2632 si
916 2571 951 2632 ab
969 2569 1031 2654 ipso
1049 2573 1145 2668 colliga
1162 2594 1224 2636 nou

10 2675 12 2748 χ’
108 2650 225 2713 atimur.
264 2647 352 2710 Certe
370 2646 440 2706 si'io
459 2657 585 2708 mentem
603 2645 685 2706 nobis
703 2647 800 2709 veniat
817 2647 855 2708 ab
871 2669 926 2722 una
944 2661 1024 2730 parte
1042 2647 1225 2740 iormrdpbdis

121 2725 148 2787 ci
169 2723 305 2800 maiestas,
324 2723 359 2784 ab
377 2722 463 2784 altera
481 2733 573 2782 autem
592 2721 702 2784 sordida
718 2723 883 2806 abiectaque
898 2737 993 2786 nostra
1009 2726 1144 2802 condutio,
1163 2747 1223 2787 non

88 2804 154 2866 sine
183 2801 294 2884 pudore
318 2799 353 2862 ad
368 2809 485 2874 ⁸tantum
509 2799 642 2880 bonitatis
665 2799 828 2862 miraculum
853 2801 1051 2882 obstupescere
1075 2823 1222 2886 cogemur.

87 2878 173 2956 Quid
193 2878 268 2939 enim
288 2877 343 2940 hoc
362 2889 412 2952 est,
432 2888 465 2935 ut
477 2877 557 2937 Deus
572 2897 603 2938 se
616 2887 711 2936 nostra
730 2897 809 2938 causa
830 2899 952 2958 eousque
970 2877 1100 2938 deiiciat?
1124 2879 1227 2954 Quum

85 2968 248 3030 maternam
257 2965 415 3036 gpersonam
434 2951 532 3026 induit,
551 2952 688 3014 immenso
707 2953 797 3033 spatio
816 2954 957 3018 deseendit
976 2955 1049 3016 inira
1064 2976 1141 3016 suam
1157 2954 1223 3035 glo-

88 3034 176 3094 riam:
203 3044 311 3112 quauto
323 3029 385 3108 ¹hoc
404 3029 506 3104 mains,
526 3030 602 3120 quod
619 3029 737 3111 gallinae
757 3029 876 3090 sormam
894 3031 1048 3112 suscipiens
1066 3052 1118 3090 nos
1136 3029 1224 3090 instar

87 3109 368 3190 pullorumjnorum
389 3104 493 3166 babere
512 3103 660 3189 dignatur?
701 3106 786 3189 Adde
803 3107 903 3198 quodsi
920 3108 1012 3168 veteri
1030 3105 1151 3186 populo,
1174 3107 1223 3186 qui

88 3187 141 3247 sub
160 3187 243 3270 Lege
261 3185 341 3260 vixit,
362 3183 417 3244 boc
436 3180 539 3242 merito
559 3181 614 3242 suit
632 3181 788 3257 obiectum,
808 3205 838 3250 m
857 3183 1016 3276 nbslonge
1034 3182 1122 3266 magis
1141 3205 1223 3258 com·¹
1250 3247 1251 3254 χ

88 3263 174 3342 petit.
223 3261 285 3322 Etsi
309 3259 384 3321 enim
411 3279 510 3322 verum
533 3277 644 3339 semper
667 3257 723 3318 fuit
745 3259 821 3339 quod
843 3282 881 3318 nn
905 3282 936 3320 er
961 3258 1043 3320 citavi
1068 3279 1103 3320 ex
1128 3260 1221 3336 Mose,

88 3359 175 3400 verae
195 3340 279 3400 etiam
298 3338 355 3398 sint
368 3333 573 3417 querimoniae,
589 3356 660 3415 quae
675 3335 747 3416 apud
760 3336 877 3401 lesaiam
884 3282 1026 3420 leguntur
1040 3335 1163 3412 (leebb,
1176 3336 1221 3414 2.)

89 3415 167 3494 quod
191 3416 270 3476 Deru
285 3413 397 3476 'inutra
421 3412 547 3494 quotidie
569 3409 682 3474 brachia
703 3433 752 3472 sua
775 3412 931 3474 extenderit
954 3413 988 3474 ad
1010 3409 1222 3493 amplexandum
1251 3453 1253 3462 ι

88 3491 228 3572 populum
240 3489 399 3550 durnmaet
416 3487 564 3563 rebellem,
584 3489 659 3567 quod
677 3509 760 3548 mane
778 3490 920 3572 surgendo
939 3486 1009 3551 nibil
1029 3489 1136 3550 assidua
1155 3512 1222 3553 cura

90 3587 160 3649 erga
182 3567 260 3628 illum
299 3565 446 3627 refecerit:
471 3565 555 3626 bodie
578 3576 674 3626 tamen
695 3563 743 3624 lon
766 3585 782 3626 e
805 3565 961 3628 familiarius
985 3577 1015 3628 et
1036 3567 1145 3628 suavius
1166 3587 1221 3628 nos

89 3641 125 3702 ad
149 3661 251 3723 seper
270 3587 355 3700 lilium
378 3665 459 3703 suum
481 3642 589 3706 invitat.
629 3641 727 3718 Quare
745 3585 886 3702 borribilis
904 3641 1097 3704 nos·vindicta
1117 3654 1237 3721 manet,¹

90 3717 202 3796 quoties
220 3717 364 3798 Evangelii
383 3717 426 3777 sui
443 3718 600 3784 doctrinam
618 3717 766 3798 proponit,
787 3717 846 3780 nisi
869 3719 920 3780 sub
946 3719 1004 3780 eius
1027 3720 1094 3793 alas,
1118 3715 1220 3796 quibus

90 3813 146 3854 nos
166 3793 305 3872 suscipere
325 3805 354 3854 et
371 3805 470 3875 tegere
488 3806 599 3875 paratus
618 3805 669 3869 est,
688 3793 795 3875 placide
814 3816 866 3858 nos
884 3793 1071 3856 recondimus.
1104 3793 1219 3856 Interea
1283 3852 1287 3860 ,

90 3870 178 3929 docet
197 3867 387 3943 Christus„in
409 3879 473 3929 tuto
496 3871 639 3948 quiescere
663 3891 762 3933 omnes
785 3893 848 3946 eos,
870 3873 918 3952 qui
939 3871 1003 3934 fidei
1023 3867 1160 3948 obsequio
1183 3869 1219 3931 ad

89 3944 188 4006 Deum
211 3965 241 4006 se
263 3955 432 4028 aggregant:
459 3945 523 4025 quia
546 3945 598 4006 sub
623 3945 681 4006 eius
704 3947 752 4006 alis
775 3946 989 4029 inexpugnabile
1011 3945 1117 4006 habent
1139 3943 1220 4004 relu-

92 4021 180 4103 gium.
221 4022 384 4084 Notandum
408 4020 492 4082 ctiam
517 4033 560 4082 cst
582 4022 700 4082 alterum
723 4022 789 4082 illud
808 4021 1031 4116 exprobrationis
1049 3997 1217 4096 membrum,

93 4099 171 4177 quod
189 4099 267 4160 Deus
280 4112 424 4177 ’perversa
448 4098 550 4158 veteris
574 4097 671 4178 populi
695 4110 868 4160 contumacia
886 4119 952 4162 non
977 4099 1017 4158 ita
1039 4117 1106 4156 mor
1130 4094 1218 4159 fuerit

93 4173 234 4250 offensus,
262 4186 293 4234 ut
321 4185 360 4235 et:
400 4183 526 4234 aternum
555 4193 679 4234 amorem
708 4186 919 4253 etlmaternam
947 4193 1043 4236 curam
1072 4170 1217 4249 obiiceret,

93 4253 202 4327 quando
212 4250 361 4332 Prophetis
370 4196 525 4330 dropteus
539 4250 673 4310 continua
686 4251 758 4310 serie
770 4251 872 4312 addere
887 4272 948 4312 non
960 4245 1074 4310 destitit.
1105 4247 1218 4324 Quem*

92 4327 354 4414 admodumbodie,
380 4325 449 4416 lieet
465 4325 562 4388 mundi
580 4326 744 4408 pravitatem
762 4325 824 4407 plus
842 4326 906 4388 ratis
924 4325 961 4387 sit
980 4333 1126 4404 expertus,
1144 4347 1217 4405 gra-

815 2495 839 2555 is
854 2494 943 2577 pullis.
986 2495 1074 2558 Unde
1089 2497 1223 2588 sequntur,
1252 2536 1258 2553 .
1292 2515 1296 2540 ‘
1351 2511 1355 2520 ‘
