2796 4774
357 262 454 342 (m
491 261 539 326 Do
557 183 911 350 Woelffin),
1156 269 1196 332 u

57 411 115 474 illis
129 407 228 491 affixi,
248 409 357 477 sedita
374 435 428 478 nos
445 413 593 476 coustituit
610 435 707 480 earum
723 416 944 499 dispensatores,
963 435 1002 480 ne
1019 413 1076 480 susis
1094 413 1195 479 rincu-

57 489 93 551 lis
113 509 173 553 nos
193 491 401 574 constringant
443 491 507 552 Nec
530 511 600 552 sero
624 490 686 554 beri
708 503 817 576 potest,
841 503 875 554 ut
897 504 1010 554 mentes
1031 489 1139 554 solutae
1180 506 1194 556 t

57 564 173 628 liberae
199 567 230 627 in
256 565 338 628 coelo
363 563 501 642 habitent,
529 565 583 631 nisi
608 563 731 630 alienum
754 569 858 630 ducant
879 561 1016 662 ‹priequid
1031 569 1062 640 io
1084 513 1216 632 munio·

58 653 118 703 est.
160 641 332 733 spiritualer·
344 655 441 704 autem
456 625 572 719 divilias,
591 662 662 724 qaae
680 643 715 707 ad
734 642 857 706 suturam
872 658 960 708 urtam
978 657 1114 727 spectant,
1136 665 1193 714 no·

58 718 109 779 bis
129 720 259 800 proprias
279 719 440 800 sac1t‚,quia
458 731 572 780 aeterna
591 731 634 782 est
652 741 748 782 earum
768 719 874 808 snpitio.
912 724 972 783 lam
992 739 1062 784 uero
1082 720 1134 782 alia
1152 719 1192 782 si-

59 795 223 856 militudine
238 795 335 871 utitur,
355 795 523 876 sperandum
541 815 601 856 non
620 815 689 873 esse,
706 805 740 858 ut
758 795 841 859 bonis
860 798 966 860 nostris
982 811 1061 858 recte
1078 810 1108 859 et
1125 819 1192 858 mo-

61 873 164 934 derate
183 883 310 948 utamur,
330 869 354 932 si
371 889 520 954 perperam
536 869 583 932 sel
600 869 670 934 mala
687 871 743 938 lide
761 869 790 934 in
808 873 904 946 alienis
922 874 1026 936 versati
1045 873 1189 936 fuerimus.

60 947 170 1008 Solent
188 948 263 1009 enirn
278 945 408 1008 homines
426 946 551 1008 securius
569 945 627 1009 tuis
643 945 729 1012 rebus
748 949 833 1025 abuti,
853 950 969 1030 plusque
988 947 1042 1010 sibi
1059 946 1191 1012 licentiae

60 1025 95 1083 in
113 1025 166 1085 illis
185 1025 336 1108 perdendis
356 1025 533 1097 concedunt,
600 1023 607 1039 ⁸
641 1043 703 1084 nou
721 1037 870 1100 verentur,
893 1045 932 1086 ne
986 1025 1189 1104 isexprobret.

60 1103 100 1162 In
118 1101 249 1183 deposito
268 1093 363 1162 au'tena
385 1099 432 1161 vel
452 1119 565 1160 commo
584 1111 631 1162 ato
654 1093 700 1162 vel
722 1114 835 1174 mutuo,
858 1101 895 1160 de
918 1045 1018 1182 qffius
1038 1120 1105 1159 mox
1123 1099 1190 1162 red·

62 1179 157 1237 denda
180 1177 235 1240 erit
257 1176 346 1255 ratio,
376 1175 519 1236 cautiores
544 1181 612 1234 sunt
638 1189 671 1238 at
693 1176 782 1259 magis
804 1173 904 1236 timidi.
952 1175 1096 1248 Tenemus
1120 1195 1191 1256 ergo

64 1253 184 1316 Christi'
192 1265 332 1329 mentem,
354 1251 442 1312 malos
463 1247 646 1334 spiritualium
664 1249 807 1312 donorum
824 1249 887 1313 sore
903 1252 1044 1326 custodes,
1066 1249 1193 1388 guiter-

62 1353 136 1390 rena
152 1330 231 1390 hona
248 1329 320 1389 male
339 1328 541 1389 administrant.
570 1328 674 1390 Postea
691 1327 825 1390 inseritur
841 1327 990 1402 sententia,
1029 1339 1066 1386 uo
1103 1342 1192 1388 nuno

84 1407 156 1468 ossit
175 1409 242 1470 Deo
266 1404 371 1466 servire
392 1418 421 1466 et
438 1423 627 1478 mammonae,
651 1424 734 1484 quam
753 1347 1044 1484 Matthaei‘capiteb
1064 1402 1191 1488 exposui

100 1484 139 1543 de
158 1483 243 1544 etiarn
262 1493 361 1562 petant
377 1477 507 1555 lectores,
565 1480 593 1541 id
610 1477 751 1565 significet
766 1501 821 1542 uox
843 1483 1030 1542 blammonae.
1200 1533 1203 1548 .

143 1563 190 1621 14.
229 1559 398 1618 Audiebont
417 1566 516 1616 autem
555 1575 617 1617 oso.
657 1555 718 1634 Qui
737 1567 846 1638 putant,
866 1557 988 1617 derisum
1006 1553 1091 1617 luisse
1105 1552 1191 1619 Chri-
1221 1555 1226 1566 ’

64 1647 143 1697 stum
158 1633 347 1708 aPhan'saeis,
368 1633 430 1714 quia
446 1632 558 1714 plebeio
578 1631 697 1713 rudique
714 1653 847 1696 sermone
865 1643 1017 1694 contentus
1035 1633 1191 1695 verborum

63 1711 201 1805 ampullas
229 1731 289 1770 non
315 1710 443 1794 iactaret,
472 1730 534 1770 non
557 1709 623 1770 satis
646 1711 808 1790 expendunt
830 1711 924 1783 Lucae
948 1708 1043 1769 verba.
1085 1711 1192 1770 Fateor

64 1791 190 1869 qudem,
210 1785 338 1880 superbis
357 1785 517 1852 hominibus
537 1797 567 1846 et
584 1785 731 1848 fastidiosis
747 1781 986 1879 contemptibilem
995 1783 1084 1846 rideri
1095 1787 1191 1846 Evan-

65 1865 135 1947 gelii
155 1865 322 1938 doctrinam,
342 1863 390 1923 sed
408 1864 499 1924 Lucas
517 1862 621 1923 diserte
641 1863 777 1955 exprimit,
799 1862 941 1924 Christum
960 1861 1024 1922 ideo
1042 1861 1094 1922 illis
1113 1860 1191 1922 deri-

65 1943 110 2002 sui
130 1941 230 2016 luisse,
256 1940 319 2020 quia
341 1940 417 2000 avari
439 1940 527 2000 ciant.
574 1936 650 2015 Quia
667 1939 755 2020 igitur
775 1938 827 2000 illis
866 1959 1007 2000 ersuasum
1030 1948 1059 1998 et
1076 1938 1190 2020 penitus

64 2017 184 2076 infixum
207 2028 280 2090 erat,
303 2015 401 2078 beatos
425 2036 486 2077 esse
509 2013 623 2091 divites,
648 2014 769 2095 ideoque
791 1959 864 2077 nihil
883 2011 981 2074 melius
1005 2031 1080 2090 esse,
1106 2033 1190 2107 quun

65 2116 132 2154 rem
150 2115 227 2154 suam
245 2113 349 2174 augere
368 2091 585 2172 quovismodo,
612 2101 641 2152 et
662 2091 802 2154 tenaciter
821 2089 955 2153 incubare
973 2090 1060 2172 partis
1079 2091 1189 2172 opibus,

66 2190 250 2250 quaecunque
271 2170 302 2229 in
321 2169 457 2230 diversam
475 2179 584 2250 partem
602 2186 619 2228 a
638 2165 754 2229 Christo
774 2177 855 2228 erant
871 2168 959 2241 dicta,
987 2177 1119 2256 tanquam
1136 2165 1188 2227 ab·

67 2247 151 2306 surda
169 2245 306 2327 paradoxa
324 2245 463 2305 reiiciunt„
491 2245 530 2304 Et
549 2255 627 2305 certe
645 2244 767 2324 quisquis
785 2245 821 2304 de
839 2241 1003 2324 spernendis
1022 2244 1125 2304 divitiis
1143 2240 1191 2304 vel

68 2323 99 2381 in
142 2344 176 2382 au
197 2344 259 2384 eres
284 2321 433 2404 erogandis
453 2311 575 2392 disserit,
601 2321 688 2400 avaris
708 2319 835 2402 desipere
855 2319 976 2380 videtur.
1019 2318 1127 2378 Notum
1147 2310 1191 2378 esl

68 2343 141 2458 illul
186 2398 282 2473 oratii,
307 2401 350 2478 Po
370 2396 432 2456 ulus
451 2417 498 2455 me
516 2393 621 2468 sibilat,
640 2407 670 2455 at
687 2395 755 2455 mibi
773 2393 884 2476 plaudo.
928 2393 1041 2468 Quodsi
1063 2392 1189 2454 omniurn

68 2473 171 2534 iudicio
191 2473 313 2534 damnati
331 2420 386 2534 sihi
404 2484 499 2530 tamen
536 2469 638 2545 lacent,
655 2483 760 2549 quanto
778 2472 867 2554 magis
884 2469 974 2530 instar
991 2467 1100 2531 fabulae
1113 2469 1190 2530 ride-

67 2550 142 2610 bunt
165 2550 247 2610 istam
270 2547 475 2630 philosophiam
499 2491 620 2618 christi,
647 2563 720 2624 ‘quae
746 2559 856 2606 remota
880 2558 924 2608 est
946 2565 963 2606 a
987 2544 1033 2607 vul
1056 2547 1065 2606 i
1087 2541 1189 2608 sensui

67 2627 172 2705 Neque
194 2636 290 2686 tamen
315 2624 429 2696 dubito,
457 2622 524 2700 quin
548 2619 631 2680 alium
655 2619 781 2689 colorem
806 2622 1014 2704 praetexuerint
1036 2565 1189 2700 i’harisaei,

24 2699 27 2782 l
68 2713 101 2761 ut
119 2702 265 2760 adversam
283 2719 335 2760 suo
355 2697 424 2760 vitio
443 2697 598 2758 doctrinam
617 2697 714 2758 iocose
733 2696 886 2760 eluderent.
910 2699 1079 2762 Tenendtnn
1092 2712 1188 2762 tamen

26 2803 27 2830 ι
70 2789 125 2852 est,
151 2775 218 2856 quid
241 2795 291 2836 eos
309 2772 463 2866 impulerit:
487 2795 552 2833 narn
576 2783 606 2834 et
628 2772 673 2834 hic
692 2775 808 2834 morbus
825 2795 882 2836 sem
905 2797 936 2836 er
953 2775 1063 2838 sere'in
1080 2776 1188 2838 mimdo
1286 2803 1296 2810 ·

70 2865 218 2935 grassatur,
239 2863 271 2912 ut
292 2873 384 2912 maror
405 2871 469 2932 pars
487 2843 632 2911 hominum
657 2871 688 2912 se
710 2851 852 2932 aspernari
892 2863 973 2934 ngat,
1016 2853 1074 2914 uod
1095 2852 1188 2934 pravis

71 2951 167 2990 eorum
183 2928 307 2989 moribus
320 2950 380 2988 non
392 2927 535 2988 convenit.
560 2927 638 2988 Hinc
653 2937 700 2987 tot
717 2929 839 3019 probris,
854 2873 1052 2990 scommatibus
1071 2941 1101 2990 et
1119 2928 1188 2990 sub·
1208 2941 1210 2946 ’

71 3003 277 3068 sannationibus
297 3004 451 3066 obnoxium
471 3015 514 3064 est
531 3003 650 3064 verbum
668 3005 738 3065 Der:
764 3005 828 3084 quia
846 3023 899 3085 pro
918 3005 1052 3064 vitiorum
1070 3023 1191 3068 suorum

71 3079 231 3141 defensione
253 3081 368 3161 quisque
382 3079 486 3162 litigat,
503 3092 660 3217 plutantque
678 3079 776 3158 facetis
796 3079 852 3142 suis
871 3079 962 3156 dictis,
980 3078 1058 3143 velut
1076 3078 1188 3140 obiecta

71 3155 184 3231 nebula,
202 3169 311 3218 tectum
332 3177 392 3218 esse
411 3179 491 3217 suum
530 3169 656 3237 agitium.

143 3237 189 3294 lb.
229 3233 264 3294 V
261 3257 294 3294 os
312 3239 386 3312 estis
405 3236 458 3312 qui
476 3235 660 3312 iustificotls.
698 3230 832 3294 Videmus
853 3231 996 3295 Christum
1012 3229 1125 3292 illorum
1144 3229 1187 3293 sa-

72 3309 151 3369 stidio
170 3310 285 3370 minime
303 3310 413 3384 cedere,
432 3310 482 3370 scd
501 3319 665 3368 constanter
682 3325 807 3369 asserere
826 3307 970 3370 doctrinae
984 3325 1050 3378 suae
1063 3309 1187 3369 auctori-

72 3395 154 3445 tatem
172 3397 271 3447 contra
287 3384 419 3446 ludibria:
439 3385 516 3464 quod
534 3384 619 3444 etiam
637 3385 766 3444 omnibus
784 3384 929 3469 Evangelii
947 3383 1081 3444 ministris
1098 3405 1186 3467 egen-

74 3462 134 3521 duni
154 3471 209 3536 est,
232 3475 265 3522 ut
283 3461 374 3543 impiis
395 3461 638 3541 contemptoribus
658 3459 784 3522 terribile
801 3461 858 3521 Dei
879 3460 1012 3522 iudicium
1030 3475 1185 3550 opponant.

73 3536 172 3597 Fuctnn
195 3559 279 3620 ergo,
300 3560 358 3619 quo
382 3536 527 3618 decipiunt
547 3533 693 3598 hominum
718 3535 829 3610 oculos,
853 3535 884 3596 in
903 3537 959 3598 Dei
981 3537 1084 3597 iudicio
1105 3539 1194 3620 quic-'

74 3633 149 3690 marn
168 3613 220 3674 illis
239 3615 418 3696 profuturum
437 3609 533 3696 negat.
575 3610 718 3673 Nolebant
740 3611 829 3674 videri
853 3613 884 3672 in
903 3613 958 3673 suis
977 3611 1101 3692 ludibriis
1118 3619 1197 3676 ava-'
1248 3632 1273 3676 ¹,

73 3689 146 3749 ritiae
170 3711 236 3750 suae
258 3690 446 3772 patrocinium
469 3687 622 3770 suscipere:
647 3687 776 3750 Christus
798 3700 892 3750 autem
914 3687 1055 3750 venenum
1074 3691 1129 3754 hoc
1147 3691 1183 3750 ab

74 3764 179 3826 occulto
199 3765 293 3828 ulcere
313 3786 461 3858 erumpere
479 3766 578 3838 docet,
601 3766 833 3845 quemadmodtun
852 3765 876 3826 si
896 3765 956 3858 quis
975 3765 1059 3828 hodie
1078 3787 1184 3827 cornu-

74 3840 105 3900 tis
121 3841 265 3924 Episcopis
283 3843 369 3917 dicat,
392 3844 457 3903 rdeo
481 3853 540 3900 tam
558 3839 675 3902 infestos
695 3861 756 3904 esse
775 3841 945 3924 Evangelio,
969 3845 1033 3924 quia
1050 3842 1183 3902 intestina

36 3961 38 3998 5
76 3936 169 3977 eorum
188 3919 258 3979 mala
279 3919 362 3978 nimis
384 3918 487 3978 acriter
508 3929 699 3999 punguntur„
726 3917 805 3978 Dicit
827 3929 933 3993 autem,
956 3920 1020 3981 satis
1039 3917 1092 3977 illis
1111 3935 1188 3990 esse,¹

36 4011 37 4015 ’
75 3991 94 4050 si
114 3994 194 4074 probi
216 4005 367 4077 appareant
389 3993 564 4066 hominibus,
591 4014 623 4054 ac
647 3991 744 4088 sucopa
766 3995 949 4056 sanctimonia
971 4017 1001 4056 se
1024 3992 1181 4065 venditent,
1286 4030 1292 4041 ·

37 4109 38 4112 ,
75 4071 115 4128 sed
129 4071 230 4144 Deum,
250 4071 298 4151 qui
318 4069 445 4130 cordium
464 4069 597 4151 cognitor
616 4081 667 4143 est,
686 4091 746 4131 uon
763 4068 852 4132 latere
870 4093 941 4151 quae
960 4089 1056 4132 coram
1073 4065 1181 4154 mundo

38 4179 39 4219 3
76 4145 241 4207 abscondunt
262 4145 338 4206 vitia.
382 4144 441 4204 Ubi
464 4147 547 4206 etiam
569 4145 723 4207 notandum
747 4157 790 4207 est
812 4147 888 4207 inter
906 4147 962 4208 Dei
985 4155 1015 4203 et
1031 4141 1181 4202 hommum

76 4217 163 4282 iudicia
180 4221 344 4284 discrimen:
365 4219 436 4300 quia,
455 4241 540 4300 quum
558 4222 680 4282 externis
699 4222 781 4282 larvis
802 4221 934 4302 plaudant
951 4215 1088 4290 homines,
1106 4217 1181 4298 apud

39 4305 40 4318 ¹
76 4293 122 4356 bei
142 4297 263 4359 tribunal
287 4294 357 4355 nihil
373 4300 486 4378 praeter
503 4291 644 4358 sincerum
663 4315 714 4357 cor
731 4296 876 4378 probatur.
919 4291 1041 4352 Additur
1061 4291 1179 4380 insignis

40 4371 54 4466 ι,
77 4375 216 4454 sententia,
240 4371 371 4458 quicquid
394 4373 543 4436 excelsum
561 4372 691 4434 homines
709 4373 829 4445 ducunt,
855 4369 1100 4431 abominationem
1117 4391 1180 4432 esse
