2790 4764
311 216 516 293 (tat-153:
535 213 583 274 De
601 209 736 274 facilitate
751 212 781 274 in
800 211 1006 297 poenitentes.)
1059 213 1061 220 ’
1147 221 1151 227 '
1169 215 1236 278 143Ι

44 337 49 429 ἲ,
92 367 169 443 234),
189 365 382 429 nondnbinm
402 377 458 441 est,
482 363 549 448 quin
569 385 602 426 ex
621 367 762 448 praesenti
784 386 816 428 ac
839 364 923 451 legali
946 367 1036 428 cultus
1055 367 1112 428 Dei
1132 353 1224 434 formai
1258 435 1261 444 .

10 449 12 518 i
93 446 199 506 doecre
217 443 293 520 uelit,
315 464 375 504 non
392 461 476 527 posse
493 463 546 503 nos
565 443 620 506 rite
640 443 759 522 precari,
781 463 835 505 nec
854 445 1002 526 quicquam
1021 443 1128 510 oilerre
1146 445 1223 519 Deo,

10 535 12 596 t
94 543 178 601 ‹pram
192 521 240 580 din
253 521 391 582 dissidium
406 531 448 582 est
460 519 543 580 nobis
563 541 627 580 cnm
647 519 789 582 iratribus.
817 521 865 583 Sic
883 522 971 606 igitur
987 543 1062 582 nunc
1079 533 1223 614 receptam

94 597 169 677 apud
186 597 302 658 lulaeos
321 597 387 658 disci
409 597 480 656 linae
494 596 615 657 somnam
632 596 748 658 intuitum
767 607 824 673 est,
848 599 911 678 quia
933 597 1087 660 absurdum
1114 599 1221 674 fursset,

94 673 250 749 Ecclesiae,
268 693 338 755 qrrae
355 620 444 734 adiiuo
464 671 540 733 nulla
560 684 632 748 erat,
659 673 792 735 iudicium
810 695 982 756 proponere.
1020 677 1114 736 Porro
1132 695 1221 756 quum

94 751 169 830 apud
190 752 305 812 Iudaeos
329 771 414 831 penes
437 751 564 812 seniores
589 761 662 810 esset
688 752 985 820 excommunicationis
1006 763 1144 832 potestas,
1172 751 1222 832 qui

94 825 182 887 totius
205 826 342 888 Ecclesiae
363 847 515 919 personam
537 826 687 919 gerebant,
710 827 837 909 apposite
862 816 993 904 Chrislus
1015 838 1083 888 tnnc
1107 828 1221 889 demum

94 901 205 982 publice
221 905 254 965 ad
273 903 423 966 Ecclesiam
443 903 553 964 traduci
572 902 640 963 dicit
697 903 707 963 i
723 914 890 986 peccarunt,
913 905 936 962 si
954 902 1075 982 privatas
1093 903 1221 964 admoni-

94 978 186 1040 tiones
203 980 245 1041 vcl
264 980 385 1062 superbe
405 989 604 1052 contemnant,
626 999 663 1040 ve
691 979 847 1040 scurriliter
865 979 986 1040 eludant.
1038 978 1160 1055 Scimus,
1185 1003 1220 1042 ex

96 1075 152 1134 quo
174 1058 277 1119 reversi
301 1058 417 1121 luerunt
441 1055 476 1114 ah
501 1047 597 1114 exsilio
621 1055 796 1136 Babylonico
820 1055 929 1127 ludaei,
955 1051 1065 1114 delecto
1090 1056 1221 1133 concilio,

95 1133 169 1210 quod
185 1135 325 1196 vocabant
343 1131 511 1206 Sanbedrin,
566 1151 633 1192 aece
652 1131 822 1212 Synedrion,
842 1131 999 1190 mandatam
1017 1129 1102 1189 luisse
1122 1151 1222 1192 censu-

93 1227 148 1269 ram
165 1231 279 1271 morum
299 1221 329 1270 et
347 1209 504 1269 doctrinae.
551 1211 602 1267 loc
620 1207 776 1288 legitimum
796 1206 850 1266 suit
865 1207 986 1285 Deoqne
1005 1204 1156 1286 probatum
1174 1223 1222 1270 re-

110 1284 191 1360 imen,
211 1301 239 1349 et
262 1289 319 1348 hoc
339 1285 452 1346 frenum
471 1284 505 1343 ad
523 1283 687 1345 retinendos
704 1283 732 1341 in
747 1281 843 1343 cilicio
857 1293 1008 1364 protervos
1028 1291 1058 1341 et
1076 1282 1222 1344 indociles.

88 1361 126 1424 si,
176 1364 199 1423 is
219 1361 350 1442 excipiat,
375 1359 482 1434 Christi
501 1368 592 1420 aetate
611 1359 706 1420 omnia
722 1359 807 1420 inisse
827 1370 960 1439 corrupta
979 1369 1008 1418 et
1046 1377 1165 1435 erversa,
1191 1373 1223 1420 ut

88 1437 145 1498 nihi
177 1439 274 1498 minus
317 1457 381 1496 uam
404 1434 545 1504 Ecclesiae
569 1435 702 1497 iudicium
729 1435 837 1496 censeri
859 1433 987 1504 turannis
1013 1436 1057 1496 'a
1082 1435 1222 1514 debuerit,

88 1515 237 1596 responsio
259 1457 347 1572 fiilis
366 1521 419 1584 est,
439 1511 574 1594 Quamvis
592 1517 662 1572 tnnc
680 1511 831 1572 adulterata
849 1503 924 1572 es'set
941 1533 974 1572 ac
989 1531 1121 1594 perversa
1139 1511 1222 1589 ratio,
1254 1575 1257 1584 ,

87 1589 236 1654 Christum
254 1599 350 1648 tamen
370 1585 473 1651 morito
492 1588 622 1650 ordinem
641 1587 765 1662 laudare,
784 1587 870 1670 qualis
889 1586 956 1653 olim
976 1609 992 1650 a
1009 1589 1139 1650 Patribus
1159 1589 1222 1650 lue·
1281 1624 1285 1630 ·

86 1677 132 1725 rat
156 1666 286 1725 traditus.
326 1663 384 1724 Ubi
406 1683 476 1724 uero
498 1663 581 1747 paulo
603 1677 668 1748 post
689 1665 780 1726 erexit
803 1664 967 1740 Ecclesiam,
991 1663 1097 1726 sublata
1112 1667 1222 1728 corru-

86 1742 164 1822 ptela
182 1763 286 1824 purum
307 1741 566 1802 excommunicandi
582 1763 664 1803 nsum
681 1741 812 1803 restituit.
843 1741 968 1802 Dubium
985 1753 1081 1804 tamen
1099 1764 1160 1803 non
1179 1755 1223 1806 est

87 1821 156 1896 quin
176 1818 255 1879 ratio
270 1817 445 1899 disciplinae,
468 1839 538 1898 quae
561 1818 653 1902 riguit
674 1819 726 1880 sub
750 1838 842 1901 regno
867 1817 985 1894 Christi,
1006 1819 1173 1880 successerit
1190 1820 1221 1882 in

86 1895 183 1955 locum
202 1895 275 1956 illius
293 1895 406 1955 veteris.
449 1895 488 1954 Et
506 1907 585 1956 certe
601 1917 688 1978 quum
706 1895 881 1956 umbratilem
903 1897 1162 1958 excommunicandi
1180 1896 1221 1957 ri-

87 1983 151 2031 tum
169 1971 315 2033 tenuerint
332 1971 415 2032 etiam
433 1971 569 2064 profanae
588 1983 701 2056 gentes,
724 1971 779 2033 hoc
798 1973 930 2035 divinitus
948 1972 983 2032 ab
1000 1973 1081 2040 initio
1100 1973 1221 2034 inditum
1275 2043 1276 2048 η

88 2048 175 2108 luisse
192 2048 339 2110 hominnm
355 2047 497 2108 mentrbus
515 2061 644 2130 apparet,
672 2049 695 2108 si
713 2050 759 2130 qui
778 2049 881 2132 impuri
901 2061 930 2109 et
947 2049 1047 2129 polluti
1066 2061 1175 2126 essent,
1204 2069 1221 2110 a

88 2125 175 2184 sacris
195 2146 254 2186 esse
273 2125 416 2185 arcendos.
459 2125 569 2204 Populo
593 2144 665 2205 ergo
689 2125 745 2184 Dei
767 2137 852 2206 turpe
874 2147 907 2185 ae
951 2127 1090 2186 utiendum
1114 2125 1222 2202 iniisset,

89 2200 150 2262 eius
168 2200 331 2283 disciplinae
346 2221 464 2281 prorsus
484 2221 545 2261 esse
565 2213 717 2281 expertem,
738 2201 814 2260 cuins
833 2145 948 2280 aliquoi
960 2201 1036 2260 inter
1055 2213 1156 2282 gentes
1173 2221 1222 2260 ex-

88 2277 181 2338 stabat
199 2277 364 2358 vestigium.
410 2276 500 2366 Quod
517 2288 609 2335 autem
630 2275 681 2334 sub
700 2277 779 2357 Lege
801 2287 943 2335 servatum
961 2275 1065 2348 fuerat,
1092 2275 1223 2336 Christus

87 2353 122 2414 ad
141 2374 196 2414 nos
216 2353 379 2424 transmisit,
398 2371 462 2431 qma
480 2351 563 2410 nobis
584 2351 740 2410 communis
758 2359 801 2409 est
822 2349 893 2410 ratio
914 2353 976 2408 'eum
995 2349 1114 2428 antiquis
1132 2351 1224 2408 Patri-

86 2527 155 2589 gam
175 2503 321 2586 ablegare,
341 2522 427 2584 quae,
453 2523 539 2594 quum
563 2501 682 2562 foetidas
705 2503 801 2560 sordes
825 2499 947 2561 libenter
968 2521 998 2559 rn
1021 2501 1083 2561 sinu
1101 2503 1222 2578 foveret,

86 2601 178 2641 veros
203 2590 232 2639 et
255 2577 394 2658 simplices
416 2578 473 2636 Der
497 2575 620 2637 craltores
643 2576 914 2642 excommunicabat:
941 2578 990 2638 sed
1008 2577 1166 2654 admonuit,
1190 2578 1222 2642 in

86 2654 219 2718 Ecclesia
237 2675 292 2714 sua
305 2654 457 2715 tenendum
477 2673 538 2718 esse
556 2653 693 2727 ordinem,
714 2654 761 2735 qni
777 2654 886 2732 pridem
905 2653 955 2716 sub
968 2655 1046 2738 Lege
1061 2667 1157 2718 sancte
1175 2657 1221 2717 in-

87 2733 209 2796 stitutus
227 2730 326 2792 luerat.
369 2729 457 2806 Quod
478 2729 515 2790 de
532 2731 658 2790 ethnicis
678 2740 715 2789 et-
720 2734 889 2809 publicanis
907 2753 974 2792 mox
991 2733 1152 2810 subiicitur,
1174 2735 1221 2794 in-

86 2809 324 2891 terpretationem
345 2828 361 2868 a
384 2828 431 2867 me
454 2807 559 2867 allatam
584 2806 740 2868 confirmat.
784 2809 857 2869 Nam
880 2807 943 2900 quia
964 2809 994 2870 in
1018 2831 1129 2872 summo
1152 2811 1230 2875 odio,

88 2901 119 2949 et
142 2885 332 2952 detestatione
354 2895 423 2944 tunc
447 2885 520 2966 apud
545 2883 664 2945 ludaeos
691 2895 773 2944 mant
797 2885 902 2945 ethnici
931 2897 960 2946 et
983 2886 1138 2967 publicani,
1166 2886 1221 2946 illis

88 2961 381 3044 comparathor'nines
399 2961 524 3042 impuros
544 2973 573 3022 et
592 2960 765 3052 insanabiles,
804 2963 831 3022 ni
849 2961 930 3022 nullis
946 2963 1150 3023 monitionibus
1166 2963 1221 3022 ob-

87 3051 260 3122 tempera-nt.
292 3039 380 3120 Certe
398 3037 526 3112 ethnicis,
545 3059 579 3098 ex
598 3038 698 3118 quibus
717 2981 819 3100 domic
838 3039 994 3120 composita
1013 3038 1068 3098 fuit
1086 3036 1220 3114 Ecclesit,

88 3126 271 3198 praeceptum
290 3116 356 3174 dare
375 3114 481 3188 noluit,
505 3126 539 3173 ut
562 3135 592 3174 se
616 3113 690 3192 ipsos
714 3115 859 3197 fugerent:
888 3137 942 3176 nec
967 3114 1051 3174 hodie
1073 3115 1144 3175 ratio
1169 3130 1221 3190 est,
1283 3171 1302 3184 ,

89 3215 142 3254 cur
161 3213 178 3252 a
217 3191 351 3252 nblicanis
371 3191 542 3250 abhorreant
559 3189 663 3251 fideles.
692 3191 750 3252 Sed
769 3193 905 3268 Christus,
924 3211 981 3271 qno
1000 3189 1107 3252 facilius
1125 3199 1220 3274 posset

88 3214 242 3328 eruditius
258 3268 389 3350 intelligi,
416 3267 549 3404 lognendi
573 3266 728 3350 formama
745 3269 886 3349 praesenti
906 3267 998 3352 gentis
1015 3287 1080 3356 suae
1100 3287 1229 3335 consuta
1315 3277 1317 3281 ’

88 3345 190 3405 tudine
207 3356 346 3405 mutuatus
366 3357 421 3406 est:
470 3365 552 3408 errsns
571 3355 664 3404 antem
684 3357 737 3404 est:
759 3345 828 3404 nihil
845 3365 910 3404 cum
930 3341 1072 3405 Eccltstae
1091 3357 1221 3408 contem-²

88 3421 220 3502 ptoribus
240 3420 344 3482 debere
363 3421 446 3482 nobis
467 3441 525 3481 esse
543 3419 667 3502 negotii,
692 3420 784 3482 donec
801 3419 980 3502 resipuerint.
1225 3465 1229 3496 ,

167 3501 220 3560 18.
256 3499 456 3578 Quaecrrnque'
471 3498 650 3578 ligaveritis.
693 3498 798 3558 Eadem
817 3516 894 3557 nunc
914 3497 1000 3557 rerba
1016 3499 1133 3580 repetit,
1157 3501 1220 3580 ‹pni-

88 3575 141 3635 bns
167 3595 234 3634 usus
254 3577 351 3634 luerat
373 3577 463 3655 capite
484 3579 543 3649 16,
568 3575 616 3634 sed
642 3571 752 3633 diverso
776 3587 868 3633 sertsu.
907 3574 978 3632 Nam
1001 3574 1056 3634 illic
1075 3577 1220 3638 doctrinae

88 3650 297 3711 anctoritatem¹
310 3673 434 3712 asserere
452 3650 591 3713 'volebata
609 3650 653 3710 bic
674 3671 743 3712 vero
768 3649 940 3732 disciplinam
964 3652 1124 3727 constituit,
1149 3673 1219 3732 quae

87 3748 122 3808 ap
145 3725 229 3786 endix
249 3727 464 3806 est,doctri'uae.
491 3727 550 3786 lllie
567 3725 677 3786 dicebat
688 3709 825 3801 Cliristus,
845 3748 905 3786 non
924 3728 1030 3788 irritam
1050 3729 1110 3788 lore
1125 3731 1219 3786 Evan-
1325 3737 1332 3750 ¹
1356 3796 1360 3808 Ι

87 3747 159 3886 geiii
177 3803 426 3882 praedicationem,
450 3804 517 3885 quiin
536 3804 612 3864 odor
635 3815 706 3863 esset
729 3801 853 3864 vivificus
876 3803 922 3865 vel
944 3803 1045 3865 letalis:
1073 3803 1118 3862 hic
1142 3802 1215 3860 affir-

87 3891 164 3951 mat,
189 3878 313 3955 quamvis
331 3879 408 3970 impii
426 3879 569 3940 Ecclesiae
588 3879 719 3968 iudicium
738 3879 896 3955 derideant,
922 3901 981 3940 non
1003 3892 1097 3939 tamen
1114 3895 1217 3937 vanum

88 3957 167 4016 lore.
211 3953 291 4012 lineo
317 3953 458 4019 distractio
481 3956 604 4016 tenenda
626 3967 683 4030 est,
707 3957 782 4036 quod
804 3955 859 4016 illic
883 3956 1047 4038 simpliciter
1069 3955 1104 4012 de
1127 3952 1216 4011 verbo

108 4028 265 4103 raedicato,
297 4029 342 4088 hic
366 4042 459 4091 autem
483 4033 519 4092 de
542 4028 663 4112 puhlicis
684 4032 807 4094 censuris
836 4044 865 4092 et
892 4031 1036 4109 disciplina
1064 4027 1216 4088 disseritur.

87 4053 245 4167 ilaeternm
264 4105 402 4186 rationem
422 4109 601 4186 metaphorae
624 4111 741 4189 ligandi
765 4119 794 4168 et
807 4111 946 4184 ,soluendi
964 4105 1043 4162 illinc
1061 4113 1158 4181 petant
1176 4103 1226 4161 le··

90 4195 194 4243 ctores.
225 4183 347 4242 'Sumne
369 4184 437 4244 haec
456 4193 508 4258 est,
530 4185 650 4278 quisquis
669 4185 788 4262 admisso
808 4183 910 4242 delicto
929 4177 1091 4306 suppliciter
1108 4177 1217 4268 culpant

89 4259 221 4339 agnoscit
239 4271 269 4318 et
288 4260 468 4338 deprecatur,
486 4271 519 4320 ut
534 4259 569 4319 ab
588 4257 713 4320 Ecclesia·
730 4259 840 4320 veniam
860 4257 1007 4337 impetra,
1026 4269 1091 4336 eum
1110 4252 1217 4312 absolvi

90 4353 153 4394 non
169 4347 278 4398 tantum
296 4335 332 4397 ab
350 4336 520 4413 bominibus,
537 4337 586 4400 sed
601 4358 618 4397 a
635 4337 701 4395 Deo
720 4334 794 4413 ipso:
812 4345 922 4428 mrsunr
940 4337 1062 4402 qnnans
1074 4325 1216 4388 Ecclesiae
1251 4316 1266 4369 s

87 2431 151 2490 bus.
202 2429 303 2508 Neque
322 2429 397 2486 enim
417 2425 694 2486 consilium'Christi¹
708 2425 773 2500 luit,
796 2444 862 2485 suos
881 2423 1029 2514 discipulos
1046 2425 1080 2484 ad
1099 2445 1224 2508 synago-

10 3167 12 3234 l

10 3759 12 3808 l
