2790 4764
30 1248 32 1266 ι
87 1221 222 1286 fraudaret
241 1221 342 1288 tle'hito
359 1236 434 1287 tu're.
453 1226 602 1306 ,Denique
615 1227 693 1307 quod
711 1225 865 1287 seeundum
882 1227 992 1309 Legem

30 1401 31 1412 ι
86 1375 138 1436 Dei
155 1377 303 1440 mandatis.
330 1379 410 1460 Ergo
430 1379 598 1458 quotiesin
617 1378 721 1440 intenti
740 1399 834 1439 sumus
853 1377 887 1440 ad
905 1381 1052 1442 servandas

285 191 289 204 Ι
355 257 365 278 ⁸
476 232 555 314 (lad,
593 233 693 301 illotae
715 237 839 314 mantus.)
1077 273 1086 284 -
1183 207 1250 308 85¹

29 339 30 402 d
72 396 211 467 xquanto
227 381 368 471 imh'gnins
393 398 448 463 est,
474 386 634 470 posthabita
660 387 740 474 Lege
763 388 823 451 Dei
843 359 944 452 totum
970 361 1093 452 studimn
1121 393 1156 460 ad
1174 394 1221 460 ilia
1298 411 1309 422 '

95 463 242 526 servanda¹
257 463 435 544 impenderet
475 466 610 556 Apparet
624 465 714 564 igitur
735 466 886 528 ambitiose
908 465 1010 550 magis,
1033 489 1116 550 quam
1138 484 1221 533 recto

30 572 33 595 ι
95 539 159 600 zelo
184 538 260 628 ipsos
284 540 402 614 offendi,
426 541 491 602 dum
514 554 554 602 rta
577 541 706 632 hommes
731 543 796 604 Deo
819 542 1007 624 praeferunt*
1050 545 1220 640 i’orroono

95 635 183 675 sensu
200 615 286 689 droat,
310 637 357 677 cos
375 619 532 700 transgredi
552 619 608 680 Det
627 619 770 696 mandata,
797 641 831 679 ex
850 630 987 681 contextu
1005 619 1087 682 faede
1107 621 1219 706 colhgi-
1330 665 1332 670 -

95 700 154 754 tur.
197 690 262 752 Non
285 685 432 754 abolebant
456 693 559 772 palam,
587 695 690 758 velex
729 695 968 780 rofessoLegem
987 696 1056 774 Dei,
1085 710 1118 759 ut
1141 702 1219 779 quod
1303 727 1308 732 ·

93 776 222 827 vetuerat
241 765 344 829 licitum
364 789 424 830 esse
441 770 601 852 fingerent,
622 773 669 832 sed
689 717 801 852 ohtam
821 783 882 834 erat
900 783 978 834 trans
1015 773 1103 850 essio,
1166 797 1215 836 um
1338 779 1342 804 ¹

94 841 335 906 officiadtvinttm
351 845 478 906 iniuncta
496 867 596 908 secure
615 848 708 908 omitti
727 847 912 929 patiebanturt
952 849 976 910 C
1002 871 1065 908 rum
1085 862 1116 912 et
1146 853 1215 912 nmi-

91 915 160 979 liare
183 920 335 1000 exemplum
360 933 403 982 est
426 923 503 1001 quod
523 921 650 990 Christus
674 924 800 999 adducit,
825 925 1010 1004 Praeceptum
1029 925 1084 985 Dei
1104 939 1159 1004 est,
1182 940 1216 990 ut

91 993 171 1055 liberi
193 993 332 1058 honorem
355 996 479 1058 habeant
504 997 559 1060 suis
582 999 754 1080 parentibus.
798 997 874 1072 Quia
893 1019 990 1060 sacrae
1006 999 1164 1067 oblationes
1184 1005 1216 1064 in

89 1068 193 1131 lucrum
211 1073 390 1135 sacerdotmn
410 1072 557 1150 cedebant,
576 1086 633 1134 tam
651 1073 741 1158 rigida
761 1085 822 1135 erat
839 1093 937 1134 earum
956 1075 1078 1150 exacuo,
1097 1088 1130 1136 nt
1149 1097 1213 1160 gra.

87 1146 145 1208 vius
163 1160 280 1229 peecare
298 1150 453 1239 fingerent,
478 1149 614 1230 qui'nihii
633 1163 734 1230 sponte
753 1149 882 1224 offerret,
901 1169 984 1230 quarn
1003 1151 1214 1288 ‹Briuparffitm

1039 1248 1064 1288 er
1083 1247 1121 1288 vo
1170 1240 1214 1289 ta-

86 1297 155 1359 rium
178 1313 252 1375 erat,
278 1301 368 1382 pluris
394 1311 454 1364 erat
477 1302 632 1364 scribarum
655 1302 772 1377 iudicio,
797 1320 877 1382 quem
897 1323 985 1362 uuum
1005 1325 1039 1372 ex
1056 1304 1213 1440 phraffluis

1086 1400 1104 1440 o
1164 1403 1224 1443 um,

31 1503 32 1508 ,
70 1479 71 1485 ι
86 1450 171 1534 leges,
186 1465 224 1514 ut
241 1454 279 1514 ad
296 1453 386 1545 ipsam
404 1454 461 1529 Dei
478 1455 586 1538 Legem
602 1456 768 1517 servandam
787 1455 880 1516 minus
896 1455 982 1546 strpdii
999 1477 1139 1546 curaeque
1156 1457 1212 1517 im-

31 1590 33 1599 ,
85 1531 242 1664 Βειιάειιιιιε,
264 1539 416 1592 censem'u'r
431 1543 495 1590 'eam
513 1531 680 1614 transgredi.
695 1557 700 1562 ·
723 1529 812 1592 Panlo
832 1543 898 1613 post
916 1532 1001 1607 drcet,
1019 1533 1130 1594 nritnm
1148 1533 1211 1595 fieri

113 1605 137 1665 ei
162 1605 330 1666 mandatum
353 1615 473 1686 propter
494 1607 640 1670 hominum
662 1607 840 1683 traditiones,
868 1608 932 1688 quia
954 1609 1064 1670 scribae
1086 1609 1128 1670 ita
1151 1611 1208 1671 suis

84 1679 191 1760 pl'acitis
211 1681 365 1743 addictum
378 1679 513 1751 tenebant
538 1683 689 1766 populum,
719 1696 753 1744 ut
776 1684 925 1746 intendere
946 1685 1036 1746 verbo
1058 1685 1115 1746 Dei
1147 1705 1218 1747 non'

85 1769 206 1820 vacaret:
220 1758 333 1820 ⁴deinde
349 1760 414 1838 ¹quia
431 1763 494 1820 sese‘
506 1761 609 1844 =pulcre
627 1760 779 1822 defunctos
796 1760 941 1839 putabant,
963 1762 1011 1842 qni
1029 1761 1064 1824 ad
1083 1781 1208 1846 unguem

84 1831 133 1893 illis
152 1837 233 1896 'eraut
253 1834 422 1915 obsequuti,
434 1835 505 1914 hinc
523 1837 657 1922 surgebat
675 1837 813 1919 peccandi
830 1835 952 1898 licentia.
989 1839 1112 1919 Impune
1131 1839 1207 1901 enhn

84 1909 180 1970 violari
208 1911 336 1973 creditur
357 1912 418 1972 hex
440 1913 512 1988 Dei,
539 1915 652 1994 quoties
674 1913 740 1974 alibi
763 1935 845 1993 qnam
869 1914 899 1973 in
923 1913 983 1975 eius
1007 1915 1222 1977 observatione·

83 1983 189 2047 locatur
208 1987 350 2061 sanctitas
387 1989 472 2050 Nunc
489 2011 590 2071 prose
608 1989 726 2072 quisque
744 1991 889 2071 expendat,
908 2009 943 2050 sn
963 2011 1023 2050 non
1041 1990 1127 2055 hodie
1145 2013 1206 2052 ma·
1243 2043 1245 2050 t
1284 1999 1286 2006 ’

83 2058 125 2145 gis
143 2062 211 2124 hacc
226 2063 352 2158 pravitas
371 2064 401 2124 in
415 2067 521 2147 Papatu
538 2077 688 2148 grassetur,
708 2085 792 2147 quarn
811 2065 879 2127 olim
892 2067 1106 2158 apudludaeos.
1136 2069 1205 2128 Non

83 2149 170 2222 negat
188 2141 395 2222 quidem-Papa
414 2161 479 2202 cum
498 2153 559 2203 tota
575 2142 646 2204 cleri-
663 2141 706 2203 sui
724 2141 852 2216 colluvie,
874 2163 943 2221 qum
961 2143 998 2204 sit
1016 2143 1205 2204 obediendum

82 2213 157 2290 Deo,
175 2217 224 2276 sed
242 2216 292 2276 ubi
310 2218 345 2276 ad
361 2237 429 2278 rem,
441 2229 560 2278 rentum
578 2229 628 2292 est,
649 2217 713 2298 qum
731 2235 792 2275 non
811 2237 891 2276 secus
910 2237 942 2279 ac
962 2217 1079 2298 capitale
1097 2218 1205 2279 orimen
1311 2263 1313 2270 >
1337 2231 1340 2239 “

32 2360 34 2369 Ι
83 2289 257 2355 detestantur
271 2294 414 2354 modicum
429 2291 520 2354 carnis
541 2303 668 2375 gustum,
687 2290 788 2370 qtu'hus
806 2291 915 2352 hirtum
933 2291 979 2353 vel
997 2293 1134 2354 scortatio
1155 2313 1206 2353 re·

81 2365 153 2428 niale
178 2367 315 2428 delictum
342 2379 396 2440 est,
425 2379 548 2448 propter
569 2387 631 2426 saras
657 2365 825 2427 traditiones
850 2375 986 2426 evertunt
1006 2367 1115 2447 Legem
1137 2367 1220 2428 Dei:v

80 2443 141 2522 quia
164 2442 248 2503 nullo
271 2442 358 2504 modo
382 2443 531 2512 ferendum
555 2453 610 2514 est,
632 2452 665 2500 ut
680 2440 828 2500 hominum
845 2437 947 2522 piacita
965 2441 1001 2504 dc
1018 2439 1206 2519 observantia,

77 2539 149 2598 quae
172 2520 243 2578 Deo
266 2517 319 2576 nni
340 2517 473 2590 debetur,
495 2514 655 2595 'quicquam
676 2513 813 2592 mutuant.
864 2517 959 2576 Porro
982 2515 1089 2593 honor,
1117 2539 1204 2657 ff„
1293 2611 1300 2616 -

1098 2617 1117 2655 n
1159 2617 1201 2656 ur.
1365 2635 1366 2642 ι

95 2603 225 2654 raestare
243 2592 321 2652 iubet
339 2593 418 2652 Dens
435 2590 608 2672 parentibus,
627 2592 661 2652 ad
683 2590 906 2673 omnias'pietati's
924 2592 1015 2656 officia
1034 2606 1098 2657 exte

76 2615 229 2750 hosterius
246 2667 405 2728 membrum
423 2667 501 2748 quod
516 2667 642 2752 adiungit
661 2667 806 2742 Christus,
829 2679 923 2730 morte
940 2671 1055 2754 dignmn
1075 2693 1137 2734 esse
1154 2673 1201 2754 qui

67 2743 254 2831 ,maledixerit
272 2744 347 2826 patri
364 2743 410 2806 vel
427 2744 523 2819 matri,
544 2741 599 2805 huc
617 2756 726 2827 spectat
741 2745 919 2822 utsciamns,
937 2768 996 2808 non
1009 2745 1128 2832 vulgare
1140 2771 1202 2810 esse

79 2835 125 2882 aut
148 2820 221 2888 levis
241 2820 382 2892 momenti
401 2832 581 2904 praeceptum
603 2818 828 2912 de'honoffldis
847 2823 1022 2904 parentibus,
1036 2817 1118 2901 cuins
1137 2825 1200 2886 vio-

80 2897 144 2960 latio
169 2910 230 2958 tarn
254 2919 353 2960 severe
375 2897 501 2979 punitur,
538 2897 605 2960 Hoc
626 2903 702 2962 'vero
720 2897 874 2960 sonbarmn
896 2897 1005 2981 culpam
1022 2919 1084 2962 non
1101 2919 1201 2981 parum
1215 2945 1224 2970 ,χ

81 2975 240 3058 amplificat,
306 2975 344 3052 od
365 2985 422 3056 tam
445 2993 543 3036 severa
565 2973 742 3040 denuntiatio
760 2975 876 3052 minime
894 2995 943 3038 eos
963 2987 1068 3051 terret,
1088 2975 1201 3056 quomi-

80 3067 130 3113 nus
148 3050 263 3114 ircnum
292 3063 376 3112 arent
391 3063 540 3134 parentum
558 3047 812 3131 contemptoribus.
1033 3068 1042 3080 ‘

29 3199 30 3202 Ἴ
151 3131 182 3191 6.
224 3129 290 3190 Voa
308 3125 529 3188 outrm'dicttts
547 3139 603 3188 eto.
642 3127 791 3191 Deiectiva
810 3139 854 3188 est
871 3091 1024 3208 loquutio,
1038 3143 1111 3208 qnae
1128 3127 1201 3208 apud
1257 3167 1261 3172 -
1358 3179 1361 3187 ,

80 3203 208 3266 Marcum
233 3217 276 3266 est
298 3203 423 3285 plenior,
447 3201 496 3264 uhi
513 3203 638 3279 additur,
662 3225 719 3262 non
737 3207 837 3264 sinitbr
854 3225 921 3264 eum
940 3205 1023 3262 ultro
1041 3205 1202 3294 quidquam

79 3293 244 3356 praestare.
273 3280 380 3356 Sensus
397 3290 491 3346 autem
510 3291 561 3356 est,
580 3299 728 3415 perperam
745 3301 761 3342 a
779 3279 877 3342 scribis
895 3278 1012 3352 absolvi,
1032 3301 1080 3360 qur
1096 3301 1202 3361 paren·
1290 3293 1312 3350 ,“

81 3357 152 3417 tibus
174 3355 346 3418 subtrahunt
368 3375 418 3416 sua
441 3353 548 3430 officia,
572 3377 599 3414 m
640 3355 753 3417 ohnnc
772 3356 915 3437 desectum
933 3353 1080 3436 suppleant
1097 3355 1199 3424 volun-

81 3433 151 3492 tario
175 3431 327 3508 sacrificio,
353 3432 430 3512 qnod
452 3433 513 3492 sine
535 3427 592 3492 Dei
615 3429 725 3494 offensa
748 3432 983 3513 omitti-poterat
1040 3432 1102 3503 Nec
1124 3436 1200 3496 enim

83 3508 187 3569 Christi
211 3508 298 3570 verba
320 3509 361 3570 sic
386 3507 515 3590 accipere
541 3507 689 3582 convenit,
717 3508 795 3588 qnasi
816 3507 851 3570 ab
873 3507 953 3572 omni
970 3507 1044 3570 insto
1062 3509 1200 3594 obsequio

82 3581 209 3648 homines
230 3584 428 3666 prohibuerint
441 3583 577 3660 scribae,
610 3585 659 3652 sed
677 3597 756 3647 tanto
774 3583 888 3646 feruore
906 3583 1047 3657 instabant
1065 3585 1100 3649 ad
1116 3609 1200 3671 prae·

82 3655 141 3738 darn
158 3661 325 3738 venandam,
342 3673 374 3722 nt
392 3660 553 3742 parentibus
570 3661 678 3721 interea
695 3661 824 3722 deessent
840 3659 899 3720 filii.

153 3741 182 3802 7.
222 3737 313 3798 Recta
334 3727 371 3798 de
392 3741 475 3796 vobis
495 3739 651 3816 praedixit
673 3737 801 3798 leontos.
839 3736 967 3821 Longius
983 3759 1061 3800 nunc
1079 3745 1200 3821 progne*

85 3811 156 3872 ditm
179 3813 332 3880 Dominus:
349 3821 429 3874 tnaan
453 3815 489 3875 de
512 3815 571 3896 ipsa
590 3831 670 3875 causa
687 3813 864 3894 pronuntiat,
883 3816 965 3896 quasit
983 3815 1014 3877 in
1033 3816 1090 3876 duo
1108 3833 1199 3875 mem-

85 3886 132 3948 bra
155 3890 306 3952 distribuit.
354 3891 436 3950 Prius
462 3900 517 3966 est,
545 3891 621 3970 quod
645 3891 766 3960 externis
784 3890 875 3954 solum
893 3891 993 3958 ritibus
1010 3890 1085 3956 affini
1103 3907 1199 3951 veram

85 3967 268 4040 sanctitatem,
288 3985 359 4045 quae
377 3965 487 4026 sincera
506 3965 597 4026 cordis
615 3965 777 4049 integritate
796 3977 914 4042 constat,
953 3987 987 4028 ro
998 3965 1093 4026 ¹nihilo
1112 3952 1199 4024 du‘ce-
1296 3994 1297 4002 ι

84 4053 159 4102 rent:
189 4041 321 4116 alterum,
345 4042 568 4122 quod'perverse
585 4041 826 4103 Deum'oolerent
842 4061 894 4102 suo
913 4063 943 4101 ar
963 4041 1038 4102 itrio.
1097 4037 1200 4112 Quan-
1305 4066 1308 4094 ι

86 4135 165 4194 quarn
185 4129 295 4192 autem,
321 4116 370 4177 ubi
388 4109 685 4210 larvatarnhctanipue
703 4117 916 4190 sanctimoniam
935 4117 1067 4196 exagitat,
1088 4113 1201 4202 videtur

86 4193 173 4284 adhuc
203 4213 337 4275 personas
366 4192 534 4303 strinssere,
548 4193 695 4284 doctrinae
715 4205 812 4281 minen
834 4209 969 4282 summam
996 4185 1201 4276 completurum

88 4287 163 4330 curus
185 4270 256 4331 haec
277 4269 361 4352 plena
378 4269 433 4329 furt
451 4267 592 4343 definitio,
610 4268 715 4328 cultum
734 4269 790 4326 Der
807 4261 977 4347 sprnmalem
996 4275 1069 4330 esse,
1092 4279 1153 4318 non
1170 4279 1209 4328 ru,
1282 4335 1283 4338 Ἴ

28 4379 30 4394 ·
88 4346 248 4426 aspersione
264 4365 354 4430 aquae
370 4344 465 4414 celin
482 4343 534 4407 alia
556 4343 716 4410 ceremonia
732 4340 866 4432 positum
911 4329 1023 4393 Deinde
1040 4332 1202 4398 nonatum
