2830 4772
200 219 261 284 ast
358 213 469 280 ster.
487 211 584 276 xm
622 207 876 278 3333333303131
895 192 1198 286 montenonis..

201 371 257 432 tiae
273 379 369 428 tamen
387 387 454 429 suae
472 387 583 428 3333313
603 365 759 428 continual.
790 363 896 430 Subest
912 371 1058 434 tamenin
1078 371 1121 434 1313
1139 371 1234 436 verbis
1252 373 1338 437 altior
1401 395 1402 438 t

201 443 326 508 notatio:
355 465 458 524 nempe
476 445 552 526 quod
570 444 680 522 Iudaei,
701 443 867 526 simulatque
886 465 936 506 eor
955 447 1096 510 Dominus
1115 451 1281 534 collegerat,
1299 454 1336 513 ah

200 525 211 582 i
232 541 265 582 so
289 518 464 580 diffluebant.
503 520 581 580 llinc
604 531 660 580 tam
685 520 848 600 frequentes
871 521 1081 614 dissipationes,
1107 529 1184 606 quod
1207 529 1258 590 sub
1278 529 1336 590 Dei

201 543 250 660 3113
269 598 314 658 vix
332 597 366 656 ad
384 606 561 656 momentum
579 595 666 675 quieti
684 609 844 671 manerent,
867 598 953 688 quahs
973 599 1057 662 etiam
1078 599 1162 664 hodie
1187 601 1282 666 feritas
1285 605 1336 682 ,13

201 673 306 738 mundo
326 673 459 748 cernitur,
480 684 509 731 et
528 671 658 734 omnibus
677 671 792 734 saeculis
811 673 924 734 exstitit:
944 674 1010 736 ideo
1030 697 1146 740 necesse
1166 691 1218 756 331,
1236 693 1269 742 31
1284 703 1335 744 va-.

242 775 254 811 s
274 759 304 808 et
322 746 446 829 palantes
465 749 543 810 Deus
563 747 597 808 ad
616 769 646 809 33
666 757 795 810 revocet.
832 749 891 812 Sed
913 749 960 812 1313
984 763 1029 814 331
1051 753 1216 834 desperatae
1240 769 1268 818 et
1291 757 1334 816 31-

200 837 286 888 trmae
309 823 451 906 pravitatis
469 821 610 900 cumulus,
636 825 702 886 dum
726 823 883 887 bonitatem
900 825 957 888 Dei
979 829 1164 908 pertinaciter
1188 833 1334 914 rqtudiant

201 901 330 964 homines
350 913 379 962 et
396 901 447 962 sub
467 900 526 962 eius
545 901 599 963 3133
618 903 715 964 333133
733 913 874 964 recusant.
923 905 1017 966 Porro
1037 907 1114 988 quod
1132 909 1251 970 antehac
1269 911 1332 984 dixi,

201 979 347 1041 Christum
366 977 445 1068 loqui
463 977 493 1037 in
512 977 568 1038 Dei
586 999 715 1060 persona,
734 977 773 1039 sic
792 978 929 1062 intelligo,
947 1001 1109 1044 sermonem
1128 983 1204 1046 bunc
1217 987 1333 1078 proprie

198 1054 231 1116 in
249 1067 391 1118 aeternam
412 1075 470 1116 etus
488 1053 630 1116 Deitatem
650 1065 821 1136 competere.
850 1056 951 1136 Neque
971 1057 1046 1119 enim
1066 1059 1332 1142 11131113333333111

201 1131 378 1194 1333331333
400 1130 467 1222 erit²
493 1151 526 1190 ex
544 1151 602 1214 quo
622 1129 675 1190 fuit
693 1131 722 1192 13
742 1152 826 1192 carne
845 1132 1055 1210 manifestatus,
1079 1135 1127 1198 sed
1145 1149 1279 1217 quantum
1298 1139 1333 1200 de

201 1209 293 1270 salute
311 1227 369 1290 pop
401 1205 499 1268 ’111333
518 1205 552 1268 ab
573 1205 653 1268 initio
673 1205 757 1268 hrerit
774 1207 910 1292 sollicitus
925 1209 1075 1292 praedicat.
1104 1213 1213 1274 Scimus
1228 1227 1333 1291 autem,

200 1285 355 1346 Ecclesiam
378 1283 417 1343 ita
435 1283 520 1346 tuisse
538 1281 669 1344 divinitus
688 1283 886 1378 gubernatam,
910 1297 944 1344 ut
967 1286 994 1346 ci
1017 1287 1171 1368 praefuerit
1190 1289 1332 1366 Christus,

255 1374 338 1424 tenue
355 1371 468 1420 aeterna
486 1370 546 1420 3331
562 1359 619 1420 Dei
637 1359 788 1441 Sapientia.
828 1359 899 1435 Quo
919 1381 1007 1424 sensu
1030 1363 1131 1426 Paulus
1153 1387 1214 1426 non
1236 1367 1334 1429 Deum

200 1383 314 1501 diiecto
332 1437 362 1498 in
380 1437 507 1512 deserto,
526 1435 575 1497 sed
597 1435 742 1498 Christum
760 1436 851 1518 ipsum
870 1435 956 1498 fuisse
974 1449 1114 1502 tentatum
1132 1441 1210 1517 dicit,
1219 1443 1333 1523 ‚primae

200 1517 236 1578 ad
256 1511 422 1576 Corinthios
439 1533 499 1593 cap.
519 1515 613 1587 1113.
652 1511 741 1590 Quod
763 1523 858 1573 autem
881 1513 960 1575 locus
981 1516 1026 1576 hic
1047 1518 1082 1578 ad
1100 1519 1278 1600 probandum
1296 1519 1333 1580 li-

200 1593 300 1653 berum
318 1589 475 1666 arbitrium,
495 1599 524 1650 et
542 1609 672 1650 arcanam
687 1589 743 1649 nei
761 1589 1045 1670 praedestinationem
1063 1593 1231 1657 abolendam
1249 1619 1266 1657 a
1283 1619 1333 1658 so-

199 1669 297 1762 31313113
315 1665 455 1748 arripitur,
474 1664 561 1726 facilis
580 1678 623 1727 est
643 1665 755 1726 solutio.
783 1664 854 1726 Vult
867 1667 1007 1728 Dominus
1025 1689 1124 1730 omnes
1144 1692 1199 1732 con
1238 1695 1332 1756 egam,

201 1743 344 1836 3313313313
369 1761 440 1826 ergo
464 1741 595 1806 omnibus
618 1741 737 1804 liberum
762 1753 804 1804 est
825 1743 936 1818 venire,
963 1763 1015 1804 333
1038 1763 1137 1806 eorum
1162 1769 1200 1808 vo
1213 1763 1293 1812 untss
1317 1771 1334 1809 3

201 1823 259 1882 Der
282 1818 421 1880 electione
483 1819 559 1878 ndet.
590 1819 776 1900 ‚Respondeo
822 1817 993 1880 voluntatem
1017 1819 1087 1895 Dei,
1119 1822 1198 1886 estius
1225 1824 1273 1886 hic
1297 1826 1331 1888 fit

91 1925 94 1934 ⁴
201 1895 326 1971 mentio,
348 1893 383 1954 ab
403 1917 419 1954 e
445 1905 511 1954 ectu
529 1913 591 1960 3333
609 1862 848 1958 considerandam.
884 1895 955 1954 Nam
974 1915 1058 1973 quum
1077 1897 1167 1957 verbo
1185 1921 1240 1969 330
1259 1923 1334 1982 pro.

200 1973 306 2036 misene
326 1991 424 2032 omnes
444 1971 477 2032 ad
497 1969 613 2033 salutem
631 1983 731 2048 vocet,
750 1983 835 2052 atque
852 1968 898 2030 hic
916 1969 951 2030 sit
969 1971 1182 2050 praedicationis
1200 1976 1278 2054 11313,
1298 1991 1334 2040 31
1401 1973 1402 2040 f

198 2049 231 2112 in
256 2049 315 2110 eius
339 2047 491 2110 custodiam
516 2058 545 2108 31
567 2047 650 2110 fidem
670 2068 768 2108 omnes
793 2045 1100 2124 33313’331,1ι333110
1126 2051 1231 2113 dicitur
1255 2053 1333 2115 velle
1401 2059 1402 2118 l

199 2145 299 2188 omnes
317 2123 351 2186 ad
371 2147 401 2187 33
421 2123 564 2208 colligere.
602 2123 760 2208 Non'ergo
782 2124 884 2184 131333
906 2123 1329 2205 ismcanumDeimnsitium,
1401 2131 1402 2202 1

198 2202 398 2276 3313313333,
416 2223 489 2284 quae
506 2200 674 2337 perspicitur
688 2222 723 2262 ex
735 2199 815 2261 verbi
832 2193 940 2281 natali,
960 2199 1135 2264 describitur.
1160 2205 1233 2266 Nam
1249 2219 1329 2268 certe

199 2301 270 2362 quos
289 2279 442 2341 3113331133
460 2277 506 2340 331
518 2278 594 2360 igere
613 2276 688 2353 vult,
716 2287 765 2340 333
785 2277 892 2358 Spiritu
909 2298 961 2353 333
981 2277 1056 2340 13133
1075 2277 1170 2354 trahit,
1197 2302 1258 2342 333
1278 2303 1329 2342 ex-

195 2369 278 2422 terna
298 2357 388 2426 solnm
407 2355 529 2421 hominis
548 2375 622 2416 voce
638 2351 745 2415 invitat.
774 2353 886 2434 siquis
905 2352 1032 2433 excipiat,
1051 2354 1166 2416 absurde
1184 2356 1326 2438 duplicem

197 2435 229 2496 13
247 2437 312 2496 1133
331 2433 505 2496 voluntatem
523 2431 607 2516 fingi,
631 2431 804 2512 respondeo,
829 2449 888 2488 non
911 2429 993 2510 aliter
1012 2452 1063 2492 nos
1086 2432 1217 2508 credere,
1241 2455 1325 2512 quam

170 2511 309 2589 punicam
332 2521 362 2572 et
384 2510 539 2592 simplicem
562 2529 624 2570 esse
647 2509 705 2570 e'aas
723 2506 910 2567 voluntatem:
939 2505 989 2568 sed
1012 2507 1076 2587 quia
1099 2507 1134 2570 ad
1156 2508 1328 2591 profundam

196 2607 315 2646 areanae
334 2585 481 2647 electionis
499 2585 533 2646 ab
555 2606 628 2647 33333
644 2595 753 2644 mentes
771 2597 884 2643 nostrae
902 2601 963 2642 non
981 2595 1148 2664 penetrant,
1173 2607 1228 2667 pro
1246 2588 1328 2648 infir.

196 2661 303 2722 mitatis
317 2671 430 2721 nostrae
451 2607 567 2728 modulo
590 2661 716 2721 bilariam
735 2659 817 2726 nobis
836 2659 892 2719 Dei
911 2657 1084 2720 voluntatem
1104 2664 1240 2744 proponi.
1282 2667 1327 2726 Ac

196 2733 287 2799 miror
304 2736 438 2826 quosdam
457 2737 495 2796 ita
515 2737 672 2817 praefracto
691 2757 752 2816 3333
771 2735 904 2806 cerebro,
930 2745 963 2794 ut
982 2730 1234 2812 ἄνθρωποπάθειςεν,
1253 2763 1325 2823 qnae

197 2812 298 2894 passim
316 2831 347 2870 m
360 2811 510 2894 Scripturis
530 2835 683 2875 occurrens
701 2811 770 2875 nihil
790 2833 839 2873 eos
855 2810 983 2885 offendit,
1001 2821 1110 2872 tantum
1131 2813 1233 2876 133313
1249 2829 1327 2910 33313

161 2945 165 2958 ,
197 2909 259 2950 non
278 2887 433 2950 admittant
472 2890 530 2950 Sed
549 2889 611 2970 quia
630 2890 686 2948 hoc
705 2899 902 2972 argumentum
921 2888 1037 2965 copiose
1055 2889 1120 2956 alibi
1137 2903 1265 2968 13331333,
1290 2914 1327 2953 33

196 2967 282 3028 inre
305 2984 476 3046 supervacua
499 2987 576 3026 nunc
599 2963 803 3048 longiorem,
829 2977 937 3024 tanturn
962 2964 1087 3025 breviter
1107 2965 1184 3041 dico,
1210 2968 1326 3028 simulac

196 3043 333 3120 doctrina,
371 3061 423 3102 uae
440 3043 551 3104 unitatis
569 3039 698 3126 vexillum
718 3055 769 3118 est,
787 3041 817 3101 in
836 3040 957 3101 medium
972 3041 1122 3119 profertur,
1140 3041 1236 3102 Deum
1251 3045 1326 3107 velle

196 3141 297 3183 omnes
320 3063 385 3182 cdli
407 3139 467 3196 ere,
489 3129 522 3178 ut
544 3119 703 3198 quicunque
727 3140 786 3180 non
811 3118 929 3179 veniunt
952 3118 1008 3178 sint
1022 3117 1239 3178 inexcusabiles.
1278 3119 1324 3178 Er

195 3199 344 3258 noluistis.
422 3217 457 3259 33
480 3208 537 3256 tarn
560 3195 595 3255 ad
618 3207 707 3255 totam
731 3203 847 3278 gentem
867 3193 967 3256 reterri

195 3271 260 3331 has:
286 3296 301 3334 3
323 3293 341 3334 o
360 3287 454 3336 tamen
477 3275 512 3336 de
530 3271 572 3332 his
590 3271 684 3354 potins
703 3271 884 3353 interpretor,
903 3293 918 3330 3
937 3215 1034 3352 quilus
1051 3269 1168 3330 inanime
1187 3273 1323 3354 mpediu

195 3347 250 3407 suit
264 3294 410 3412 33133110.
449 3349 522 3411 Nam
545 3359 575 3410 et
597 3360 662 3410 toto
687 3356 821 3408 contextu
846 3349 874 3408 in
898 3369 948 3408 eos
972 3347 1095 3407 invectus
1115 3357 1158 3408 est
1177 3345 1322 3410 Christus:

195 3435 227 3482 et
248 3445 334 3500 3333,
375 3449 440 3488 uum
459 3426 591 3512 singulari
608 3446 728 3486 numero
744 3424 968 3506 Hierosolymam
987 3421 1140 3512 3113333133
1157 3421 1245 3501 13331,
1263 3447 1321 3484 333

194 3511 304 3561 temere
322 3499 349 3562 ν’
370 3515 432 3562 etur
451 3525 516 3563 mox
534 3523 684 3564 numerum
703 3512 833 3561 mutasse.
872 3505 922 3562 Est
946 3512 1039 3561 autem
1063 3511 1140 3560 33133
1164 3501 1241 3561 uelle
1265 3501 1319 3562 Dei

195 3587 226 3636 31
247 3575 469 3658 133333333113
488 3578 641 3658 emphatica
659 3578 812 3658 oppositio,
834 3577 897 3657 quia
917 3576 1079 3657 exprimitur
1098 3575 1252 3640 diabolicus
1269 3577 1319 3638 bo-

193 3648 303 3714 ininnm
322 3651 416 3730 furor,
440 3656 488 3736 qni
507 3657 571 3714 Deo
591 3653 723 3715 reluctari
742 3675 801 3714 non
821 3654 968 3716 dubitant:

269 3731 334 3794 38.“
362 3733 439 3790 Ecce
468 3733 656 3811 relinquitur.
700 3723 815 3811 Templi
835 3729 1019 3790 uastationem
1043 3741 1073 3790 31
1097 3725 1185 3792 totius
1207 3723 1320 3811 politiae

192 3805 339 3868 interitum
357 3807 510 3870 denuntiat.
550 3807 737 3885 Quantumvis
755 3806 830 3867 enim
848 3805 1006 3887 impietate,
1033 3806 1166 3889 flagitiis,¹
1188 3806 1319 3886 omnique

192 3883 308 3946 infamia
335 3883 475 3947 deformes
503 3897 612 3959 333331,
638 3904 772 3966 perversa
799 3893 894 3944 133333
919 3881 1029 3950 externi
1054 3884 1144 3945 cultus
1173 3894 1203 3944 31
1224 3881 1319 3961 templi

192 3960 293 4022 fiducia
314 3961 354 4022 313
376 3969 456 4022 erant
478 3961 635 4038 3331333311,
660 3972 692 4020 ut
706 3962 806 4020 vDeum
829 3959 881 4019 sibi
903 3959 1069 4020 obstrictum
1092 3971 1232 4040 putarent.
1274 3964 1319 4018 Ae

192 4055 306 4117 semper
324 4035 370 4098 bic
385 4035 498 4120 clypeus
516 4037 547 4098 in
565 4049 699 4127 promptu
715 4035 768 4096 illis
785 4044 854 4110 3331,
876 4034 970 4112 Quid?
989 4057 1026 4095 an
1043 4035 1081 4093 mi
1103 4047 1178 4096 caret
1192 4033 1270 4096 Deus
1283 4055 1318 4094 ex

168 4117 171 4128 '
192 4109 348 4187 hocloco,
370 4133 454 4194 quem
473 4113 526 4176 sibi
544 4135 631 4172 unum
649 4132 680 4168 33
698 4111 781 4171 terris
800 4112 922 4194 delegit?
960 4111 1070 4187 Quodsi
1125 4111 1238 4178 bitat'in
1257 4130 1318 4168 me-

193 4183 241 4244 dio
264 4189 415 4264 nostrum‚‘
434 4191 547 4252 13311333
568 4209 622 4246 303
646 4183 757 4245 restitui
781 4207 896 4247 necesse
921 4187 984 4247 erit.
1026 4188 1103 4248 Dcni
1123 4207 1158 4246 ne
1183 4184 1316 4268 tempium

193 4255 333 4320 habebant
354 4285 408 4342 pro
427 4265 536 4327 inmoto
554 4259 781 4340 propugnaculo,
814 4263 894 4341 quasi.
912 4261 942 4320 in
1021 4263 1079 4322 mio
1098 4211 1155 4324 dei
1174 4264 1317 4324 sederent:

110 4363 116 4372 ·
189 4329 323 4394 Christus
341 4351 434 4400 autem
452 4341 555 4400 frustra
574 4355 623 4396 eos
636 4334 693 4396 Dei
705 4338 860 4412 praesentia
868 4336 984 4418 glorian
992 4339 1150 4416 contendit,
1168 4359 1252 4418 quem
1261 4339 1318 4400 suis

1005 3205 1077 3254 otest
1096 3215 1178 3272 quam
1189 3195 1233 3284 ‘ad
1251 3198 1325 3257 3331-

1395 4445 1400 4757 1
