2790 4764
21 3685 27 3720 “

330 179 516 257 <nr-ns
554 173 763 258 naspnonsn
777 133 929 264 suntne
951 174 1008 250 n.)
1178 178 1255 260 nr

61 338 64 344 ’
107 325 190 416 sieut
211 353 342 416 granum
364 333 499 420 sinapis,
525 327 673 396 diceretis
694 329 768 397 huic
788 326 899 396 arbori
920 330 1099 418 manino,
1121 326 1233 396 Eradl-

21 475 22 510 ι
108 455 197 510 care,
217 443 248 501 et
267 435 493 524 transplantare
514 427 669 514 inarare,
692 441 724 498 ct
745 431 1034 512 obedissetvobis.
1296 443 1302 450 “

136 703 141 710 s
184 638 281 700 Matth.
302 643 346 702 19.
379 640 565 700 ,decedentes
590 638 739 716 discipuli.
781 638 922 700 Mirantur
942 635 1084 722 discipuli,
1111 633 1233 698 ablatam

108 712 163 773 sibi
181 735 240 775 esse
259 707 424 793 virtutem,x
462 735 477 777 a
499 714 587 778 semel
609 715 742 776 instructi
764 714 889 792 fuerant,
913 737 999 797 quum
1018 713 1137 800 proprio
1159 713 1231 786 vitio

109 809 142 849 ea
161 811 191 850 se
210 791 386 880 privaverint.
424 737 556 856 bitriscus
581 811 650 874 ergo
672 789 814 864 desectmn
831 791 907 852 bunc
927 787 1232 854 eommsincredulitati

107 865 241 950 assignat,
264 877 292 931 et
314 869 483 930 sententiam
505 865 581 928 illam
600 887 682 946 quam
701 867 778 961 prius
797 869 929 950 attigerat
946 889 977 928 re
999 865 1069 942 etit,
1087 887 1119 928 ac
1143 866 1230 930 fusius

106 945 292 1078 prosequitur,
316 946 380 1008 fidei
400 945 471 1008 nihil
491 963 551 1008 esse
570 941 749 1025 impossible.
790 943 909 1004 Certum
926 889 1038 1034 quidem
1057 953 1108 1018 est,
1126 941 1231 1026 hyper-

128 1019 226 1082 olieam
241 1042 300 1084 esse
317 1021 455 1105 loquendi
473 1021 612 1094 sormam,
627 1041 712 1100 quum
731 1019 789 1080 lide
823 1031 968 1080 ronuntrat
986 1017 1129 1079 transferri
1146 1021 1232 1080 arbo·
1316 1087 1337 1100 Ι,

74 1109 77 1117 “
105 1117 150 1156 res
168 1108 195 1157 et
211 1110 334 1160 montes.
372 1101 491 1162 Summa
510 1107 606 1158 tamen
625 1091 785 1174 haeredit,
835 1116 900 1155 eum
919 1115 1062 1175 nunquam
1080 1091 1163 1154 nohis
1180 1096 1231 1154 de-

103 1169 176 1248 fore,
202 1177 291 1236 modo
317 1175 430 1236 ianuam
452 1171 607 1256 aperiamus
631 1171 737 1255 gratiae
752 1171 827 1250 eius.
870 1173 971 1264 Neque
995 1169 1070 1230 enim
1093 1167 1231 1253 intelligit,

99 1249 228 1330 'quicquid
251 1264 364 1324 ¹temere
386 1251 419 1312 in
440 1261 566 1310 mentem
584 1245 630 1310 vel
647 1247 681 1307 in
697 1247 813 1309 buccam
831 1257 956 1322 venerit,
979 1245 1073 1308 Deum
1091 1245 1232 1308 daturum:

101 1324 156 1388 imo
171 1349 259 1408 quum
274 1326 347 1388 nihil
359 1323 424 1388 fidei
437 1325 525 1408 magis
539 1323 712 1390 contrarium
728 1323 766 1386 eit
782 1323 873 1386 stultis
888 1335 915 1386 et
934 1321 1129 1405 incompositis
1143 1321 1233 1383 carnis

99 1415 212 1466 nostrae
226 1405 315 1477 rotis,
334 1401 468 1484 sequitur,
488 1400 537 1461 ubi
553 1411 653 1483 regnat
666 1400 742 1476 fides,
763 1421 821 1462 non
835 1397 995 1483 promiscue
1009 1399 1117 1482 quidvis
1132 1399 1233 1479 optari,

100 1481 149 1539 sed
169 1481 249 1561 quod
269 1479 411 1542 Dominus
425 1477 578 1566 promittit
618 1479 697 1538 Haec
716 1478 801 1559 igitur
819 1477 956 1542 sobrietas
973 1478 1096 1539 tenenda
1115 1488 1171 1554 est,
1195 1497 1234 1537 ne

97 1553 160 1635 plus
180 1567 348 1641 appetamus
366 1576 448 1648 quarn
468 1555 542 1636 quod
561 1553 643 1616 nobis
662 1553 801 1638 pollicitus
819 1568 874 1631 est,
894 1567 978 1638 atque
1001 1567 1035 1614 ut
1056 1575 1156 1638 preces
1179 1573 1233 1614 no·

98 1643 172 1693 strae
187 1631 341 1692 restrictae
358 1643 415 1693 smt
434 1631 467 1692 ad
487 1653 546 1693 esm
570 1653 651 1724 quam
670 1632 787 1696 dictavit
802 1630 936 1716 regulam.
979 1631 1010 1694 Si
1029 1631 1090 1712 quis
1108 1628 1234 1706 obiiciat,

97 1709 222 1770 nescisse
249 1705 412 1791 discipulos,
439 1729 475 1770 an
498 1709 624 1770 Domino
649 1707 772 1790 placeret
795 1707 945 1771 tnattcum
970 1707 1075 1784 sanari,
1102 1719 1234 1800 prompta

97 1785 249 1866 responsio
265 1797 316 1859 est,
335 1781 404 1846 baec
423 1785 554 1850 accidisse
575 1805 608 1846 ex
623 1807 722 1848 eorum
737 1784 829 1867 culpa:
849 1807 913 1848 narn
931 1785 1049 1868 proprie
1067 1784 1102 1848 de
1120 1782 1234 1865 specrali

98 1859 151 1922 tide
165 1883 246 1924 nunc
260 1861 318 1946 agit
333 1862 470 1938 Christus,
490 1884 569 1946 quae,
588 1873 675 1944 prout
692 1885 738 1926 res
750 1869 823 1926 ‘nate
841 1862 959 1940 ferebat,
976 1883 1094 1924 arcanos
1112 1861 1234 1924 habebat

98 1937 259 2000 instinctus.
306 1939 401 2022 Atque
423 1937 585 2001 haeefides
608 1951 665 2016 est,
693 1939 771 2002 cuim
795 1939 898 2002 Paulus
920 1939 1047 2002 meminit
1071 1939 1173 2020 prioris
1197 1935 1233 2000 ad

101 2013 272 2078 Corinthios
298 2037 359 2097 cap.
384 2017 434 2091 12,
457 2019 485 2077 2.
539 2013 622 2078 Unde
647 2035 717 2108 ergo
742 2016 848 2078 sactum
872 2030 928 2092 est,
951 2028 984 2078 ut
1005 2015 1102 2077 nudati
1126 2014 1234 2076 luerint

99 2089 238 2170 Apostoli
256 2093 378 2185 Spiritus
396 2093 511 2168 virtute,
537 2113 621 2174 quam
639 2114 716 2175 prius
734 2093 980 2174 apprehenderant
998 2093 1033 2155 ad
1053 2091 1159 2153 edenda
1177 2091 1233 2152 mi.-

99 2167 206 2244 facult,
230 2169 284 2230 nisr
305 2170 383 2250 quod
404 2191 452 2230 sua
471 2169 582 2252 ignavia
600 2190 661 2230 eam
680 2168 873 2232 suffocarunt?
918 2168 976 2231 Sed
994 2167 1072 2249 quod
1092 2167 1128 2228 de
1146 2167 1234 2249 partia

99 2241 186 2306 colari
209 2243 266 2308 fide
288 2265 341 2328 pro
365 2243 573 2306 circumstantia
594 2241 652 2304 loci
674 2245 803 2314 disseruit
827 2243 970 2318 Christro,
995 2245 1030 2306 ad
1053 2259 1234 2306 communem
1270 2267 1272 2278 ’

99 2321 186 2383 totius
205 2322 347 2382 Ecclesiae
365 2321 447 2382 fidem
468 2320 636 2388 extenditur.

175 2401 224 2460 21.
255 2395 430 2473 Hoe'genus
449 2417 506 2454 non
523 2397 685 2484 egreditur.
719 2395 781 2454 Bac
796 2413 868 2454 voce
884 2392 1015 2456 Christus
1032 2390 1235 2454 nonnullorum

98 2470 252 2566 segnitiem
270 2472 441 2556 perstrinxit,
458 2484 616 2544 nescirent,
632 2491 693 2529 non
710 2468 818 2607 culpari
831 2489 901 2551 opus
922 2490 983 2530 esse
1000 2469 1067 2534 fide:
1085 2489 1151 2531 nam
1164 2469 1235 2532 alio-

97 2570 150 2629 qur
171 2547 300 2628 excipere
319 2559 458 2627 poterant,
477 2565 507 2604 se
524 2565 585 2606 non
598 2560 716 2628 ,prorsus
734 2545 752 2606 fi
772 2544 789 2608 ὲ
807 2565 868 2606 esse
886 2564 998 2608 saeuos.
1036 2548 1149 2609 Sensus*
1163 2567 1194 2608 er
1215 2567 1233 2607 o

96 2637 154 2701 est,
173 2642 235 2683 non
253 2621 384 2683 sulficere
398 2621 548 2701 quamlibet
560 2621 652 2698 fidem,
670 2619 719 2696 ubi
738 2621 812 2686 serio
829 2621 1019 2704 proeliandum
1038 2636 1081 2687 est
1100 2643 1163 2685 curn
1217 2661 1233 2674 ·

96 2714 180 2775 tana,
201 2698 250 2760 scd
269 2697 375 2780 requiri
393 2713 526 2760 strenuos
541 2710 664 2760 conatus.
706 2699 853 2783 Languori
875 2713 967 2762 autem
990 2699 1054 2765 fidei
1077 2703 1232 2766 remedium

98 2775 267 2872 praescribit
289 2774 460 2850 orationem,
489 2775 533 2838 cui
555 2777 689 2845 ieiunium
712 2777 842 2860 adiungit
860 2775 1018 2842 adminiculi
1041 2779 1113 2842 vice.
1159 2784 1232 2856 Vos,

97 2855 202 2936 inquit,
221 2851 320 2915 molles
340 2852 493 2914 exorcistae
511 2853 588 2932 quasi
606 2853 807 2922 edmnbratile
826 2867 854 2915 et
872 2854 1006 2916 lusorium
1020 2867 1164 2918 certamen
1181 2857 1233 2918 de-

98 2929 245 2993 scenditis:
272 2929 349 3010 atqui
368 2951 432 2991 curn
451 2929 543 3002 valido
564 2932 742 3013 antagonista
761 2929 843 2992 robis
863 2943 906 2994 est
922 2934 1085 3018 negotium,
1110 2934 1160 3068 qui
1178 2932 1233 2994 nisi

98 3027 207 3070 summa
230 3005 417 3068 contentione
439 3008 556 3069 minime
578 3007 714 3068 vincetur.
752 3008 832 3090 Ergo
854 3007 985 3090 precibus
1006 3010 1150 3070 excitans
1174 3021 1233 3069 erat

98 3087 181 3158 tides,
202 3095 231 3144 ει
246 3082 380 3164 quoniam
399 3083 434 3144 ad
452 3085 621 3164 precandum
640 3085 712 3146 tardi
731 3084 796 3146 estis
816 3095 845 3144 et
864 3084 973 3168 frigidi,
995 3086 1130 3146 accedere
1149 3085 1232 3146 etiam

98 3159 220 3222 debebat
236 3160 390 3222 subsidium
410 3180 442 3220 ex
462 3161 576 3221 ieiunio.
610 3162 686 3229 Hinc
706 3159 783 3222 clare
799 3175 923 3244 apparet,
943 3183 1025 3298 qiam
1043 3159 1159 3223 ridicule
1177 3163 1231 3224 Pa-

98 3238 187 3328 piatae
205 3237 362 3297 antidotum
385 3235 416 3295 in
434 3236 541 3297 ieiunio
565 3237 737 3298 constituant
760 3235 888 3318 fugandis
909 3239 952 3298 dia
973 3237 1038 3312 olis,-
1062 3259 1148 3318 quum
1168 3239 1232 3300 Ilo-
1312 3233 1316 3256 '
1357 3222 1364 3235 β

98 3334 192 3398 suanus
210 3332 270 3374 non
289 3312 343 3373 alio
363 3312 470 3374 reserat
487 3335 570 3394 qoam
589 3315 623 3404 ad
641 3303 796 3376 acuendlrm
814 3315 946 3397 precandi
965 3316 1101 3378 ardorem.
1119 3315 1232 3392 ,Quum

99 3401 194 3450 autem
212 3411 301 3470 genus
319 3388 385 3450 illud
404 3389 544 3450 daemonii
562 3390 642 3454 ahter
663 3391 724 3452 eiici
744 3413 828 3472 posse
847 3401 932 3475 negat
950 3413 1033 3474 qnam
1053 3391 1183 3474 precibus
1203 3405 1233 3454 et

99 3463 218 3539 ieiunio,
244 3483 344 3533 sensus,
361 3479 415 3540 est,
438 3467 486 3528 ubi
506 3465 573 3527 altas
593 3467 701 3536 radices
719 3467 779 3529 fixit
797 3469 897 3544 Satan,
922 3481 952 3544 et
970 3469 1100 3530 diuturna
1120 3488 1232 3550 posses·

99 3541 179 3602 sione
196 3541 321 3616 inveduit,
338 3543 383 3602 vel
401 3543 450 3603 ubi
470 3543 573 3604 effreni
592 3544 704 3605 licentia
727 3560 878 3628 grassatur,
897 3543 1038 3608 difficilem
1059 3561 1119 3610 esse
1137 3557 1168 3606 et
1186 3567 1232 3606 ar·

99 3618 183 3678 duam
201 3617 361 3695 victoriam,
383 3618 506 3701 ideoque
525 3621 591 3682 totis
610 3621 715 3686 viribus
735 3623 927 3705 pugnandum.
1004 3684 1007 3694 ,

183 3885 283 3971 (147.)
325 3884 494 3954 ΜΑΤἸἨ.
522 3891 623 3959 XVII.
671 3889 725 3956 22.
758 3887 866 3978 Quum
890 3895 997 3960 'autern
1025 3895 1228 3958 versarentur

97 3991 132 4055 in
153 3989 313 4068 Galilaea,
341 3991 418 4056 dixit
439 3991 503 4056 illis
525 3993 628 4072 lesus,
649 3993 814 4062 Futurum
827 4009 887 4080 est,
910 4009 945 4062 ut
967 3995 1069 4060 Filius
1092 3992 1228 4056 bominis

97 4091 241 4158 tradatur
262 4096 296 4157 in
319 4116 430 4161 manue
453 4094 627 4162 bonrinum.
666 4095 717 4162 23.
741 4099 782 4164 Et
804 4077 951 4166 occident
972 4112 1053 4174 eum,
1075 4117 1113 4160 ao
1135 4097 1228 4160 tertio
1250 4163 1253 4172 ι

98 4195 150 4262 die
171 4205 326 4282 resurget.
375 4197 416 4264 Et
437 4218 590 4264 moerore
607 4199 710 4266 allecti
733 4211 806 4278 sum
826 4202 1036 4266 vehementer.
1067 4268 1069 4276 y
1112 4194 1227 4262 xvut.

97 4301 127 4366 1.
154 4303 193 4368 ln
220 4299 279 4368 illo
307 4311 453 4390 tempore
476 4311 676 4370 accesserunt
695 4299 845 4385 discipuli
866 4299 908 4364 ad
928 4287 1049 4370 lesum.
1076 4289 1226 4372 dieentes,
