2790 4764
177 273 235 338 111
456 273 574 338 om.
597 274 663 336 XV.
703 288 792 374 rusus
811 289 852 334 rr
872 247 1040 339 bisernum.

176 437 275 562 ffi
288 419 422 492 medios
441 435 492 500 est,
510 422 567 486 boc
586 377 699 507 quoquc
717 436 881 487 commento
900 425 1039 488 imbutum
1058 423 1143 487 tirisae
1158 423 1297 507 poputum

140 603 145 608 -
176 521 316 640 usmis}
330 502 857 640 sgpaquppueupseasquqpp
880 501 1301 642 lielllisliiiidofii

177 654 272 716 conati
289 663 367 716 sunt:
385 673 451 714 uam
470 599 560 734 quaid
573 655 725 736 promissus
745 667 817 715 esset
836 653 909 717 iilias
927 667 1060 748 tanquam
1078 597 1303 737 apparitoridib-
1388 679 1391 686 ¹

175 731 233 868 iii
240 730 325 866 ’siii
347 728 426 886 ilii
440 727 622 868 iiiiii?
636 730 1079 870 ditettitlitiltit„
1086 730 1304 872 ‘attilii

176 879 302 944 diabolus
310 849 406 944 ’toda
426 879 552 958 fascinat,
570 823 812 946 nelliemludicii
832 895 992 968 expectent,
1012 885 1105 945 donec
1124 829 1306 966 apparrierint

174 957 250 1022 Elias
274 969 305 1023 et
326 958 459 1030 choch.
516 959 667 1024 Coniicere
694 973 773 1022 certe
796 959 863 1022 licet
886 960 940 1022 boc
964 961 1028 1022 data
1053 981 1139 1041 opera
1163 971 1306 1039 captatum

174 1034 261 1098 fuisse
279 1035 420 1112 ascribis,
439 1047 472 1100 ut
491 1035 605 1106 Christo
623 1036 707 1098 iidem
725 1035 917 1114 detraherent,
942 1037 1019 1118 quasi
1036 1034 1165 1120 legitimo
1184 1037 1306 1098 ltlessiae

144 1115 148 1122 '
174 1111 281 1198 insigni
299 1124 417 1176 careret

252 1189 295 1253 11.
333 1191 423 1252 Elias
440 1190 559 1270 quidem
576 1191 682 1261 omia.
721 1189 849 1252 Diximus
867 1189 941 1264 aliisi,
959 1189 1034 1252 unde
1051 1199 1133 1248 natus
1151 1187 1238 1250 fuerit
1256 1210 1306 1249 er-

174 1287 227 1350 ror
249 1263 296 1328 ille
322 1265 399 1328 iuter
416 1267 544 1328 ludaeos.
583 1265 660 1342 Quia
679 1267 709 1326 in
728 1265 851 1349 collapso
870 1265 1012 1328 Ecclesiae
1030 1277 1102 1327 statu
1120 1264 1305 1326 instaurando
1389 1315 1391 1326 ,

175 1341 271 1406 similis
296 1342 376 1405 Eliae
401 1341 512 1405 taurus
535 1353 596 1405 erat
620 1344 742 1404 Ioannes
765 1344 904 1426 baptista,
928 1365 1033 1404 nomen
1052 1361 1165 1423 quoque
1184 1341 1218 1400 ad
1238 1363 1306 1402 curn

175 1417 353 1482 transtulerat
382 1417 542 1484 Malachiae:
579 1419 609 1480 id
631 1431 741 1482 temere
762 1431 907 1503 arreptum
930 1419 1023 1482 suerat
1044 1439 1061 1480 a
1084 1417 1196 1494 scribis,
1244 1417 1306 1476 nasi

174 1497 250 1558 idem
274 1493 321 1555 ille
346 1493 419 1555 Elias
438 1494 588 1557 Thesbites
612 1497 754 1557 rediturus
777 1497 882 1560 iterum
907 1507 982 1559 esset
1005 1497 1035 1556 in
1057 1493 1201 1556 mundum.
1257 1515 1306 1554 arn

173 1577 298 1634 tesuun'
313 1569 455 1663 Christus,
470 1570 539 1630 nihil
559 1571 661 1634 frustra
680 1572 854 1653 praedictum
874 1573 1039 1634 aMalaclria
1056 1571 1151 1644 firissc,
1170 1571 1219 1632 sed
1231 1569 1305 1630 male

171 1649 230 1710 alio
249 1647 395 1709 detortum
415 1647 503 1708 iursse
519 1647 577 1707 eius
596 1647 771 1708 vaticinium:
797 1649 853 1711 acsi
871 1649 1000 1725 dixisset,
1015 1652 1093 1710 Vera
1110 1648 1164 1709 fuit
1182 1647 1305 1728 proruis-

173 1723 216 1785 sio
235 1724 271 1788 de
290 1735 414 1784 venturo
425 1722 499 1814 lilia,
515 1744 587 1804 quae
607 1723 690 1784 etiam
708 1722 824 1806 impleta
841 1725 903 1800 suit,
923 1727 973 1787 sed
993 1727 1082 1787 iaru'a
1101 1723 1198 1786 scribis
1217 1746 1303 1805 repu-

172 1799 263 1874 diatus
281 1799 335 1861 luit
352 1799 435 1876 Elias,
454 1821 531 1860 curus
549 1799 634 1860 inane
655 1820 761 1860 nomen
781 1800 851 1864 laiso
869 1801 937 1861 mibi
955 1812 1115 1883 opponunt.
1146 1799 1304 1862 Restitutio

172 1887 267 1939 autern
275 1875 416 1966 Baptistae
433 1875 574 1950 tribuitur,
594 1896 655 1935 non
669 1875 808 2014 perfecta,
827 1877 877 1938 sed
895 1875 960 2014 qpia
979 1876 1114 1938 continua
1132 1877 1206 1938 serie
1217 1876 1303 1940 Chri·
1390 1899 1391 1940 t

172 1963 217 2014 sto
240 1951 277 2014 de
299 1973 384 2014 manu
407 1973 438 2012 1n
463 1972 577 2012 manum
600 1949 798 2013 absovendam
824 1953 898 2014 tradi

158 2029 251 2106 «Quia
274 2040 369 2094 autern
393 2027 502 2091 scribae
525 2027 664 2089 Ioannem
689 2028 807 2113 indigne
828 2029 974 2092 reieceran
1020 2029 1153 2090 admonet
1173 2028 1303 2092 Christus
1390 2039 1391 2086 t

164 2104 338 2188 discipulos,
356 2126 419 2172 non
438 2125 499 2168 esse
518 2125 570 2166 cur
588 2125 619 2167 se
638 2103 676 2165 im
698 2105 792 2166 ediant
811 2125 911 2166 eorum
930 2103 1056 2166 fallaciis:
1073 2104 1176 2166 deinde
1194 2125 1305 2181 novum
1390 2103 1391 2160 l

172 2177 261 2245 iideri
279 2203 340 2244 non
358 2183 472 2258 debere,
491 2181 514 2243 si
530 2182 632 2244 cadem
664 2181 769 2246 'idinc
787 2181 951 2264 magistrum
971 2181 1072 2243 deinde
1090 2181 1228 2256 reiiciant,
1247 2203 1303 2261 qua
1390 2211 1391 2220 ¹

170 2259 250 2344 prius
273 2259 440 2322 ministrum.
479 2257 587 2320 Aeno
649 2258 671 2319 is
695 2259 738 2320 rei
756 2258 884 2321 novitate
902 2259 1045 2332 turbetur,
1069 2269 1219 2338 utrumque
1237 2259 1303 2322 Do·
1390 2255 1391 2278 ¹

172 2335 266 2400 minus
283 2336 427 2420 scripturis
446 2335 532 2397 inisse
550 2356 603 2418 pro
633 2345 693 2395 ium
713 2345 926 2428 pommemorat,
946 2353 1051 2416 nempe
1069 2333 1145 2414 quod
1162 2333 1303 2416 repulsam

170 2435 302 2496 passurus
320 2413 398 2476 iuret
415 2413 488 2496 apud
506 2409 589 2474 salsos
609 2424 639 2478 et
656 2411 758 2494 impios
777 2411 918 2490 doctores,
935 2423 994 2474 tam
1011 2409 1109 2475 mundi
1116 2411 1304 2493 Redemptor,
1389 2479 1390 2486 ἵ

170 2513 256 2578 quarn
273 2490 348 2554 Elias
366 2491 426 2554 eins
445 2509 559 2574 praeco,
581 2559 585 2577 ,
700 2513 702 2518 ¹

256 2743 367 2825 (145.)
409 2741 581 2823 uarro.
603 2717 706 2818 ivn
750 2743 802 2808 14.
830 2743 873 2818 us
894 2765 992 2832 quum
1012 2743 1154 2810 senisu
1175 2740 1217 2808 aa
1237 2752 1301 2812 ur-

171 2845 259 2926 bam,
281 2846 416 2910 accessit
435 2843 478 2910 ad
500 2867 572 2918 cum
594 2846 692 2912 homo
714 2843 844 2931 quidam
866 2845 999 2913 flectens
1020 2868 1124 2932 genua
1145 2846 1206 2926 illi,
1250 2847 1301 2912 15.
1323 2891 1328 2904 ‚

170 2950 365 3037 mucusque,
387 2945 538 3027 Domine,
560 2950 715 3014 miserere
735 2945 801 3048 filli
817 2950 887 3026 mei,
910 2950 1059 3034 quoniam
1072 2948 1229 3029 lunaticus
1242 2961 1300 3028 est,

172 3064 206 3142 et
229 3056 346 3122 misere
371 3060 551 3140 torquetur:
584 3072 658 3116 nam
686 3071 782 3137 saepe
808 3048 894 3116 cadit
914 3052 1075 3137 inignem
1097 3063 1130 3117 et
1151 3073 1247 3142 saepe
1267 3056 1301 3121 in

92 3149 112 3208 ⁴.
171 3177 296 3243 aquam.
345 3153 396 3220 16.
429 3153 472 3219 Et
503 3153 608 3220 obtuli
636 3174 709 3219 eum
737 3147 904 3240 discipulis
929 3157 1008 3233 tuis,
1042 3175 1104 3222 nco
1128 3165 1302 3244 potuerunt

172 3249 243 3324 euru
268 3280 392 3326 sanare.
435 3257 488 3322 17.
505 3253 719 3343 Respondens
741 3268 846 3342 autent
868 3257 957 3342 lesus
980 3256 1067 3336 dixit,
1090 3257 1122 3324 0
1144 3261 1232 3327 natio
1253 3261 1301 3326 iu-

141 3407 151 3420 ,
172 3361 306 3428 credula
333 3371 365 3426 et
386 3359 534 3436 distorta,
559 3380 731 3446 quousque
751 3360 879 3426 taudem
893 3380 959 3440 ero
979 3359 1166 3432 vobiscum?
1198 3384 1301 3451 usque

171 3485 239 3553 quo
260 3466 363 3552 patiar
383 3465 463 3532 voa?
489 3460 639 3548 adducite
660 3462 725 3530 huc
744 3463 835 3530 illum
856 3463 941 3542 mihi.
991 3464 1042 3551 18,
1064 3465 1107 3530 Et
1126 3467 1301 3552 increpavit
1388 3461 1389 3464 '

99 3587 102 3594 ·
171 3565 252 3650 illud
272 3567 382 3645 lesus,
409 3575 440 3630 et
455 3568 556 3642 exivit
576 3561 618 3632 ab
641 3587 682 3634 eo
705 3565 923 3646 daemonium,
947 3575 979 3634 ct
1000 3576 1129 3636 sanatus
1152 3577 1207 3648 est¹
1220 3590 1300 3657 puer

172 3680 357 3762 atuuporo
380 3665 448 3742 illo.
520 3755 524 3766 ,
589 3743 591 3750 s

255 3861 392 3933 Mane
414 3865 469 3934 lx.
513 3865 565 3939 lt.
593 3865 636 3931 Et
656 3888 755 3952 quum
775 3867 915 3937 venisset
935 3865 976 3942 ad
998 3863 1189 3954 discipulos,
1217 3867 1300 3939 vidit

172 3967 295 4036 turbam
317 3969 448 4054 nrultam
470 3969 590 4034 circum
610 3967 700 4049 illos,
726 3979 757 4036 et
779 3967 908 4036 Scribas
930 3968 1126 4057 disputantes
1148 3993 1220 4038 curn
1242 3975 1299 4038 eia.

173 4070 224 4134 15.
252 4071 295 4137 Et
315 4075 464 4160 protinus
486 4073 638 4140 universa
658 4072 770 4149 turba,
804 4087 902 4160 quunt
922 4071 1057 4140 vidisset
1078 4059 1164 4153 eum,
1188 4067 1303 4144 chun

173 4173 258 4252 puit,
292 4185 323 4240 et
350 4184 555 4252 accurrentes
582 4171 799 4260 salutaverunt
820 4197 901 4242 eum.
945 4176 995 4241 lo.
1025 4177 1068 4250 Et
1092 4179 1299 4268 interrogarit
1387 4197 1388 4228 ἲ

175 4263 312 4362 Scribas,
334 4277 426 4361 Quid
447 4279 613 4366 disputatis
634 4279 814 4342 intervos?
857 4277 907 4346 li.
930 4279 972 4345 Et
992 4278 1192 4366 respondens
1213 4301 1298 4346 unus
1387 4265 1388 4344 l

70 4386 85 4396 ⁴
177 4365 310 4433 onuba
331 4371 423 4463 dixit,
444 4383 647 4472 Praeceptor,
668 4377 785 4448 addoni
806 4379 1033 4448 filiorumeum
1054 4383 1096 4449 ud
1118 4392 1157 4464 te,
1179 4381 1298 4452 habeu-

926 1963 953 2028 t,
981 1973 1065 2034 quam
1090 1973 1206 2014 exorsus
1233 1965 1302 2016 erat.
1390 1973 1391 2038 ,
