2830 4772
657 84 665 141 i

198 203 257 267 m
412 201 524 266 SECT.
544 199 627 264 xlx.
664 213 791 262 ennom
810 213 920 262 resno
940 215 981 262 aa
1003 201 1103 287 qous:
1237 189 1256 204 ''

200 317 430 434 unoqudnodo
448 352 571 436 probare
588 349 649 414 vnit
666 351 806 414 Dominus
823 350 908 414 fidem
926 363 1066 430 nomam,
1087 351 1154 413 dcun
1172 363 1260 418 extra
1281 374 1335 434 per

192 431 297 492 bootes
319 441 431 512 apertos
465 431 551 491 Satan
575 449 628 490 nos
652 439 681 490 et
704 427 853 490 Ecclesiam
881 450 959 512 oppn
1001 441 1042 502 at,
1079 429 1253 500 intuerer·
1281 452 1332 510 per

200 507 361 600 hypocritas
385 503 581 566 clandestinam
603 503 903 596 perniciemnmolitur.
984 503 1051 565 imni
1073 516 1168 595 tamen
1185 505 1331 597 doqemgu
1379 519 1380 564 t

200 584 388 645 sinceritatem
412 603 476 642 cum
501 583 566 644 Deo
591 580 710 672 colere,
729 601 887 672 qmcunque
915 603 1012 642 snmus
1040 603 1074 642 ex
1094 601 1155 659 ,euos
1174 580 1329 662 drscrpulrs.

201 661 274 722 Nam
293 669 323 720 et
340 657 530 734 defectiones,
547 679 614 738 quas
632 657 756 738 qnotrdie
774 675 928 732 ceraunus,
948 657 983 718 ad
1002 657 1133 718 timorem
1150 677 1205 718 nos
1226 670 1258 718 et
1279 680 1329 718 ve-

200 755 249 797 rte
267 733 519 826 pietatisstndinm
537 732 704 806 sollicitent,
741 743 776 824 nt
793 732 860 824 dicit
875 732 994 808 Paulus,
1012 733 1145 794 Discedat
1162 734 1198 794 ab
1220 734 1329 870 iniqpi3

200 821 670 948 littttttatlt'ttffitt
686 809 815 946 dimi·
843 809 1256 948 ll‘ffltttttt‘ttttlt
1302 833 1330 946 5¹,-

200 909 306 1048 niagno
326 961 468 1026 constabit
486 907 645 1024 ingltantirm
663 905 804 1024 honorii
837 962 909 1024 nisse
923 905 1049 1024 Idrectos.
1186 929 1196 964 ³
1254 908 1300 968 'oq

288 1193 393 1278 (Μ.)
434 1190 606 1262 ΜΑΤΤΗ.
627 1191 738 1258 xxvt
781 1191 834 1258 51.
854 1191 896 1259 Et
917 1211 1004 1272 ecce,
1027 1211 1110 1280 unus
1131 1213 1168 1258 ex
1187 1191 1327 1280 iis‚=qni

202 1305 292 1364 aaut
313 1317 384 1364 cnm
410 1297 496 1376 lesu,
533 1293 705 1362 extendens
731 1315 857 1360 manum
886 1296 1023 1362 excernit
1048 1293 1187 1380 gladium
1216 1317 1324 1360 sunm:

201 1409 235 1466 et
254 1401 435 1488 percutiens
456 1409 582 1464 serrum
603 1399 719 1463 summi
739 1387 930 1478 sacerdotis,
957 1398 1130 1482 amputavit
1149 1396 1322 1469 auriculam
1379 1423 1380 1438 ¹

203 1503 283 1570 cius.
325 1501 377 1566 52.
399 1501 493 1566 Tunc
519 1499 637 1566 aitrilli
665 1501 768 1579 lesus,
801 1497 961 1566 Converte
988 1497 1187 1586 gladiumin
1213 1497 1321 1564 locum
1352 1519 1359 1534 ·

201 1623 308 1670 suurn:
331 1623 442 1669 orrrnes
464 1604 561 1682 enim,
583 1605 639 1690 qui
660 1603 841 1690 acceperint
860 1599 1013 1688 gladium,
1034 1599 1142 1688 gladio
1163 1601 1321 1690 peribunt.

204 1706 258 1773 53.
278 1705 330 1770 An
351 1716 451 1790 putas,
472 1703 562 1791 quod
581 1725 649 1770 non
668 1727 800 1792 possum
820 1725 907 1770 nunc
928 1724 1044 1788 rogare
1065 1703 1188 1770 Patrem
1210 1727 1322 1781 meunt,

203 1817 235 1872 et
257 1805 417 1871 exhibebit
436 1809 513 1871 mibi
538 1805 612 1896 plus
639 1827 734 1893 quam
764 1805 932 1872 duodecim
959 1805 1100 1892 legiones
1121 1805 1322 1892 angelorum?

200 1908 253 1974 bd.
276 1905 453 1993 Quomodo
477 1929 554 1995 ergo
575 1905 790 1996 implebuntur
806 1909 995 1996 Scripturas,
1018 1905 1104 1994 qnod
1124 1910 1171 1973 sic
1193 1920 1322 1996 oportet
1379 1981 1380 1992 ,

200 2009 292 2076 fieri?
332 2008 385 2094 55.
406 2011 442 2074 In
464 2009 520 2076 illa
546 2009 626 2076 bora
648 2008 726 2076 dixit
751 2009 842 2077 leena
868 2009 982 2090 turbis,
1016 2009 1179 2097 Tanquam
1206 2011 1249 2079 ed
1276 2012 1320 2078 la·
1379 2023 1380 2026 ’

200 2121 325 2180 troncm
347 2113 464 2180 exiistis
487 2132 558 2178 enm
580 2089 693 2200 gladiis
715 2121 747 2178 et
767 2111 904 2180 [ustibus
926 2112 968 2178 nd
989 2111 1318 2202 comprehendendum

200 2235 265 2282 me:
300 2215 444 2303 quotidie
466 2213 549 2304 apud
573 2235 632 2284 ves
653 2213 817 2294 sedebam,
853 2213 973 2282 docens
994 2216 1176 2304 intemplo,
1200 2224 1231 2282 et
1251 2239 1318 2282 non

168 2351 174 2378 ι
202 2339 254 2384 mc
276 2321 413 2408 cepistis.
455 2319 601 2408 onnon
627 2321 731 2385 antem
758 2329 857 2386 totum
886 2318 1088 2399 factumest,
1120 2319 1318 2410 nteomple-
1379 2341 1380 2420 q

200 2433 312 2490 rentur
333 2421 517 2510 Scripturas
537 2421 773 2512 Prophetarum,
826 2419 1093 2510 Tnucdiscipuli
1115 2439 1220 2487 omnes
1240 2419 1315 2485 reli·
1337 2505 1339 2512 Ι
1379 2447 1380 2508 q

200 2533 253 2590 cto
275 2545 316 2594 eo
337 2523 494 2612 ingerunt.
951 2517 955 2522 ’

575 2633 584 2666 l
710 2643 737 2672 '.

286 2690 425 2760 Mane.
447 2693 532 2764 xlv,
575 2695 628 2762 di.
657 2696 750 2763 Unus
776 2681 879 2762 autem
906 2679 1222 2784 qnidam'astantinm
1242 2691 1315 2760 edra-

199 2803 253 2862 cto
274 2791 382 2882 gladio
403 2796 561 2890 percussit
587 2817 715 2864 serrum
741 2801 859 2865 summi
877 2795 1058 2872 Pontificis,
1091 2806 1123 2863 et
1148 2799 1314 2884 amputarit

200 2901 270 2966 dns
291 2895 474 2964 auriculam.
542 2897 594 2965 48.
616 2898 658 2966 Et
683 2900 882 2988 respondens
908 2901 998 2968 lesus
1023 2899 1101 2980 dixit
1126 2897 1205 2976 illis,
1235 2900 1311 2964 Tan-

199 3024 295 3092 quam
322 2999 363 3068 ad
388 2998 545 3066 latronem
567 3002 684 3068 exiistis
712 3023 784 3068 cum
811 3001 924 3089 gladiis
951 3013 983 3068 et
1006 2999 1143 3068 fustibus
1169 2999 1210 3066 ad
1230 3023 1312 3066 com·

199 3103 460 3192 prehendendum
475 3105 548 3170 'mei
577 3104 629 3170 49.
650 3103 807 3194 Quotidie
821 3125 906 3171 eram
919 3103 1004 3193 apud
1015 3123 1074 3170 vos
1086 3101 1243 3190 intemplo
1255 3103 1310 3168 do·
1379 3147 1380 3186 ,

201 3227 291 3285 cens,
313 3217 344 3272 et
364 3227 431 3274 non
452 3207 738 3294 corrrprcbendistis
760 3230 818 3274 sne
863 3205 930 3274 Sed
951 3209 1024 3291 (boc
1036 3209 1163 3288 factum
1182 3207 1255 3287 ert),
1276 3217 1310 3271 ut

198 3306 405 3394 implerentur
431 3310 622 3397 Scripturas.
669 3311 720 3376 bd.
743 3310 787 3376 Et
812 3331 854 3376 eo
882 3309 996 3376 relicto
1023 3309 1170 3394 tugerent
1194 3327 1308 3375 omnes.

199 3407 253 3472 bl.
274 3409 367 3474 Unus
393 3421 496 3477 autem
526 3411 786 3486 adolescentulus
807 3411 999 3500 sequebatur
1026 3433 1097 3476 eum
1125 3412 1308 3476 circumami-
1379 3415 1380 3494 s

199 3520 270 3584 otus
291 3507 429 3576 sindone
451 3535 548 3600 snper
567 3513 703 3586 nudum:
738 3524 770 3580 et
790 3513 1098 3601 conprehenderunt
1118 3535 1190 3580 enan
1211 3513 1308 3582 adole·
1379 3555 1380 3584 t

173 3613 365 3788 ulquoentes.
407 3613 460 3678 52.
488 3615 546 3681 Ille
573 3637 653 3684 vero
684 3615 793 3683 rel-ieta
819 3617 971 3699 sindone,
1009 3615 1116 3686 nudus
1141 3616 1249 3704 elingit
1272 3617 1306 3684 nb
1379 3599 1380 3672 l

76 3727 80 3736 '
197 3719 272 3784 i's.

43 3869 48 3878 ⁵
283 3877 385 3948 LUC.
415 3877 510 3944 Xlill.
552 3879 603 3946 49.
630 3877 787 3952 videntes
815 3891 920 3949 autern
947 3882 984 3959 ii,
1016 3881 1073 3967 qni
1104 3865 1188 3944 circa
1214 3881 1303 3968 ipsum

197 3989 301 4056 erant,
323 3979 411 4066 quod
431 3981 573 4048 ⁴futurum
595 3993 670 4056 erat,
690 3983 838 4060 dixeram
859 3983 1068 4063 eillomine,
1090 3983 1305 4069 percutiemus·
1379 3971 1380 4056 s

195 4103 239 4146 ne
265 4081 392 4166 gladio?
434 4081 485 4146 50.
514 4081 556 4146 Et
573 4087 739 4167 percussit
771 4107 854 4151 unus
873 4107 926 4150 uox
955 4085 1019 4152 illis
1046 4104 1173 4170 servum
1204 4087 1302 4150 sumini
1379 4085 1380 4122 l

127 4178 130 4184 ’
196 4179 370 4259 Pontificis‚
392 4195 424 4248 et
442 4185 613 4268 amputarit
634 4181 807 4274 auriculam
828 4190 898 4254 cius
921 4173 1080 4260 dextrane
1096 4185 1149 4256 51.
1170 4187 1302 4274 Respnn-
1379 4263 1380 4268 γ

199 4273 279 4340 dens
300 4291 403 4346 antem
423 4284 514 4349 Iesus
534 4280 626 4362 dixit,
646 4285 750 4352 Sinite
768 4285 943 4374 bucusque.
984 4291 1028 4356 Et
1048 4309 1145 4375 quum
1166 4291 1303 4375 tetigisset
