<?xml version="1.0" encoding="UTF-8"?>
<!DOCTYPE html PUBLIC "-//W3C//DTD XHTML 1.0 Transitional//EN"
    "http://www.w3.org/TR/xhtml1/DTD/xhtml1-transitional.dtd">
<html xmlns="http://www.w3.org/1999/xhtml" xml:lang="en" lang="en">
 <head>
  <title>
</title>
<meta http-equiv="Content-Type" content="text/html;charset=utf-8" />
  <meta name='ocr-system' content='tesseract 3.04.00' />
  <meta name='ocr-capabilities' content='ocr_page ocr_carea ocr_par ocr_line ocrx_word'/>
</head>
<body>
  <div class='ocr_page' id='page_1' title='image "./novumtestamentu00calvgoog_0126.png"; bbox 0 0 2790 4764; ppageno 0'>
   <div class='ocr_carea' id='block_1_1' title="bbox 908 9 916 46">
    <p class='ocr_par' dir='ltr' id='par_1_1' title="bbox 908 9 916 46">
     <span class='ocr_line' id='line_1_1' title="bbox 908 9 916 46; baseline 0 0"><span class='ocrx_word' id='word_1_1' title='bbox 908 9 916 46; x_wconf 87' lang='lat' dir='ltr'>l</span> 
     </span>
    </p>
   </div>
   <div class='ocr_carea' id='block_1_2' title="bbox 291 205 1242 326">
    <p class='ocr_par' dir='ltr' id='par_1_2' title="bbox 291 205 1242 326">
     <span class='ocr_line' id='line_1_2' title="bbox 291 205 1242 326; baseline 0.004 -20"><span class='ocrx_word' id='word_1_2' title='bbox 291 213 296 218; x_wconf 70' lang='grc'><strong>’</strong></span> <span class='ocrx_word' id='word_1_3' title='bbox 371 219 556 320; x_wconf 67' lang='grc' dir='ltr'><strong>(ιιι-ιιι.</strong></span> <span class='ocrx_word' id='word_1_4' title='bbox 596 242 688 304; x_wconf 69' lang='lat' dir='ltr'>Trans</span> <span class='ocrx_word' id='word_1_5' title='bbox 707 205 826 326; x_wconf 67' lang='lat' dir='ltr'>gorius</span> <span class='ocrx_word' id='word_1_6' title='bbox 839 237 971 320; x_wconf 71' lang='lat' dir='ltr'>cursu.)</span> <span class='ocrx_word' id='word_1_7' title='bbox 1184 248 1242 311; x_wconf 82' lang='lat'>117</span> 
     </span>
    </p>
   </div>
   <div class='ocr_carea' id='block_1_3' title="bbox 22 385 1307 1161">
    <p class='ocr_par' dir='ltr' id='par_1_3' title="bbox 86 385 1307 699">
     <span class='ocr_line' id='line_1_3' title="bbox 103 385 1242 487; baseline 0.007 -37"><span class='ocrx_word' id='word_1_8' title='bbox 103 390 163 452; x_wconf 91' lang='lat' dir='ltr'>imo</span> <span class='ocrx_word' id='word_1_9' title='bbox 184 411 236 452; x_wconf 91' lang='lat' dir='ltr'>cur</span> <span class='ocrx_word' id='word_1_10' title='bbox 255 385 358 470; x_wconf 73' lang='lat' dir='ltr'>disirts</span> <span class='ocrx_word' id='word_1_11' title='bbox 377 405 468 469; x_wconf 76' lang='lat' dir='ltr'>vetut,</span> <span class='ocrx_word' id='word_1_12' title='bbox 493 414 532 460; x_wconf 85' lang='lat' dir='ltr'>ne</span> <span class='ocrx_word' id='word_1_13' title='bbox 550 401 617 454; x_wconf 88' lang='lat' dir='ltr'>ante</span> <span class='ocrx_word' id='word_1_14' title='bbox 639 393 880 456; x_wconf 75' lang='lat' dir='ltr'>resurrectionem</span> <span class='ocrx_word' id='word_1_15' title='bbox 900 415 978 456; x_wconf 88' lang='lat' dir='ltr'>suam</span> <span class='ocrx_word' id='word_1_16' title='bbox 996 391 1242 487; x_wconf 50' lang='lat' dir='ltr'>proferantsquod</span> 
     </span>
     <span class='ocr_line' id='line_1_4' title="bbox 103 467 1241 556; baseline 0.006 -29"><span class='ocrx_word' id='word_1_17' title='bbox 103 467 245 544; x_wconf 80' lang='lat' dir='ltr'>viderunt,</span> <span class='ocrx_word' id='word_1_18' title='bbox 264 468 319 530; x_wconf 86' lang='lat' dir='ltr'>nisi</span> <span class='ocrx_word' id='word_1_19' title='bbox 337 469 400 550; x_wconf 89' lang='lat' dir='ltr'>quia</span> <span class='ocrx_word' id='word_1_20' title='bbox 423 469 539 532; x_wconf 84' lang='lat' dir='ltr'><strong>visionis</strong></span> <span class='ocrx_word' id='word_1_21' title='bbox 559 469 668 532; x_wconf 83' lang='lat' dir='ltr'>fructus</span> <span class='ocrx_word' id='word_1_22' title='bbox 687 481 782 532; x_wconf 86' lang='lat' dir='ltr'>morte</span> <span class='ocrx_word' id='word_1_23' title='bbox 801 472 948 551; x_wconf 77' lang='lat' dir='ltr'>posterior</span> <span class='ocrx_word' id='word_1_24' title='bbox 967 469 1044 532; x_wconf 80' lang='lat' dir='ltr'>erati</span> <span class='ocrx_word' id='word_1_25' title='bbox 1082 471 1155 533; x_wconf 84' lang='lat' dir='ltr'>Mibr</span> <span class='ocrx_word' id='word_1_26' title='bbox 1170 494 1241 556; x_wconf 85' lang='lat' dir='ltr'>ergo</span> 
     </span>
     <span class='ocr_line' id='line_1_5' title="bbox 103 542 1307 628; baseline 0.009 -26"><span class='ocrx_word' id='word_1_27' title='bbox 103 542 230 624; x_wconf 44' lang='lat' dir='ltr'>dubim,</span> <span class='ocrx_word' id='word_1_28' title='bbox 245 557 307 606; x_wconf 81' lang='lat' dir='ltr'>uon</span> <span class='ocrx_word' id='word_1_29' title='bbox 331 557 386 622; x_wconf 88' lang='lat' dir='ltr'>cst,</span> <span class='ocrx_word' id='word_1_30' title='bbox 413 547 481 628; x_wconf 83' lang='lat' dir='ltr'>quin</span> <span class='ocrx_word' id='word_1_31' title='bbox 504 546 602 608; x_wconf 80' lang='lat' dir='ltr'>testari</span> <span class='ocrx_word' id='word_1_32' title='bbox 620 545 743 608; x_wconf 83' lang='lat' dir='ltr'>voluerit</span> <span class='ocrx_word' id='word_1_33' title='bbox 764 545 911 624; x_wconf 77' lang='lat' dir='ltr'>Christus,</span> <span class='ocrx_word' id='word_1_34' title='bbox 935 569 966 609; x_wconf 91' lang='lat' dir='ltr'>se</span> <span class='ocrx_word' id='word_1_35' title='bbox 985 567 1045 608; x_wconf 93' lang='lat' dir='ltr'>non</span> <span class='ocrx_word' id='word_1_36' title='bbox 1063 547 1186 612; x_wconf 88' lang='lat' dir='ltr'>invitum</span> <span class='ocrx_word' id='word_1_37' title='bbox 1204 551 1239 612; x_wconf 88' lang='lat' dir='ltr'>ad</span> <span class='ocrx_word' id='word_1_38' title='bbox 1256 607 1307 622; x_wconf 42' lang='lat' dir='ltr'><em>W</em></span> 
     </span>
     <span class='ocr_line' id='line_1_6' title="bbox 86 620 1238 699; baseline 0.007 -21"><span class='ocrx_word' id='word_1_39' title='bbox 86 631 227 680; x_wconf 57' lang='lat' dir='ltr'>‘mortem</span> <span class='ocrx_word' id='word_1_40' title='bbox 252 620 341 698; x_wconf 85' lang='lat' dir='ltr'>trahi,</span> <span class='ocrx_word' id='word_1_41' title='bbox 368 623 417 683; x_wconf 91' lang='lat' dir='ltr'>sed</span> <span class='ocrx_word' id='word_1_42' title='bbox 442 621 517 684; x_wconf 88' lang='lat' dir='ltr'>ultro</span> <span class='ocrx_word' id='word_1_43' title='bbox 541 624 693 699; x_wconf 83' lang='lat' dir='ltr'>accedere,</span> <span class='ocrx_word' id='word_1_44' title='bbox 722 633 755 684; x_wconf 93' lang='lat' dir='ltr'>ut</span> <span class='ocrx_word' id='word_1_45' title='bbox 779 623 959 686; x_wconf 87' lang='lat' dir='ltr'>obedientiae</span> <span class='ocrx_word' id='word_1_46' title='bbox 976 623 1141 686; x_wconf 86' lang='lat' dir='ltr'>sacrificium</span> <span class='ocrx_word' id='word_1_47' title='bbox 1160 626 1238 686; x_wconf 79' lang='lat' dir='ltr'>Patri</span> 
     </span>
    </p>

    <p class='ocr_par' dir='ltr' id='par_1_4' title="bbox 22 695 1259 1161">
     <span class='ocr_line' id='line_1_7' title="bbox 22 695 1236 784; baseline 0.007 -28"><span class='ocrx_word' id='word_1_48' title='bbox 22 729 23 732; x_wconf 19' lang='grc' dir='ltr'><strong>ε</strong></span> <span class='ocrx_word' id='word_1_49' title='bbox 104 695 233 756; x_wconf 79' lang='lat' dir='ltr'>offerret.</span> <span class='ocrx_word' id='word_1_50' title='bbox 276 698 345 758; x_wconf 91' lang='lat' dir='ltr'>Non</span> <span class='ocrx_word' id='word_1_51' title='bbox 369 699 448 761; x_wconf 81' lang='lat' dir='ltr'>venit</span> <span class='ocrx_word' id='word_1_52' title='bbox 470 697 540 760; x_wconf 92' lang='lat' dir='ltr'>baec</span> <span class='ocrx_word' id='word_1_53' title='bbox 554 698 682 784; x_wconf 75' lang='lat' dir='ltr'>cognitio</span> <span class='ocrx_word' id='word_1_54' title='bbox 702 699 843 779; x_wconf 80' lang='lat' dir='ltr'><strong>discipulis</strong></span> <span class='ocrx_word' id='word_1_55' title='bbox 861 701 893 760; x_wconf 91' lang='lat' dir='ltr'>in</span> <span class='ocrx_word' id='word_1_56' title='bbox 910 713 1051 776; x_wconf 71' lang='lat' dir='ltr'>mntem,</span> <span class='ocrx_word' id='word_1_57' title='bbox 1071 701 1170 764; x_wconf 88' lang='lat' dir='ltr'>&#39;donec</span> <span class='ocrx_word' id='word_1_58' title='bbox 1188 723 1236 764; x_wconf 89' lang='lat' dir='ltr'>re—</span> 
     </span>
     <span class='ocr_line' id='line_1_8' title="bbox 92 763 1234 867; baseline 0.004 -34"><span class='ocrx_word' id='word_1_59' title='bbox 92 771 387 849; x_wconf 64' lang='lat' dir='ltr'>⁸surressitiibsistus:</span> <span class='ocrx_word' id='word_1_60' title='bbox 412 763 507 867; x_wconf 65' lang='lat' dir='ltr'>nerine</span> <span class='ocrx_word' id='word_1_61' title='bbox 527 777 610 836; x_wconf 90' lang='lat' dir='ltr'>etiam</span> <span class='ocrx_word' id='word_1_62' title='bbox 630 775 661 834; x_wconf 92' lang='lat' dir='ltr'>in</span> <span class='ocrx_word' id='word_1_63' title='bbox 679 774 728 834; x_wconf 91' lang='lat' dir='ltr'>illo</span> <span class='ocrx_word' id='word_1_64' title='bbox 747 775 887 857; x_wconf 89' lang='lat' dir='ltr'>temporis</span> <span class='ocrx_word' id='word_1_65' title='bbox 905 777 1026 838; x_wconf 85' lang='lat' dir='ltr'>articulo</span> <span class='ocrx_word' id='word_1_66' title='bbox 1045 799 1162 840; x_wconf 87' lang='lat' dir='ltr'>necesse</span> <span class='ocrx_word' id='word_1_67' title='bbox 1180 777 1234 840; x_wconf 83' lang='lat' dir='ltr'>fuit</span> 
     </span>
     <span class='ocr_line' id='line_1_9' title="bbox 100 849 1231 943; baseline 0.007 -35"><span class='ocrx_word' id='word_1_68' title='bbox 100 849 221 910; x_wconf 83' lang='lat' dir='ltr'>divinam</span> <span class='ocrx_word' id='word_1_69' title='bbox 236 849 342 912; x_wconf 80' lang='lat' dir='ltr'>Christi</span> <span class='ocrx_word' id='word_1_70' title='bbox 360 863 517 934; x_wconf 75' lang='lat' dir='ltr'>potentiam</span> <span class='ocrx_word' id='word_1_71' title='bbox 538 849 705 932; x_wconf 82' lang='lat' dir='ltr'>concipere,</span> <span class='ocrx_word' id='word_1_72' title='bbox 725 872 808 943; x_wconf 75' lang='lat' dir='ltr'>qnam</span> <span class='ocrx_word' id='word_1_73' title='bbox 826 852 857 912; x_wconf 91' lang='lat' dir='ltr'>in</span> <span class='ocrx_word' id='word_1_74' title='bbox 876 873 961 914; x_wconf 85' lang='lat' dir='ltr'>cruce</span> <span class='ocrx_word' id='word_1_75' title='bbox 977 853 1124 914; x_wconf 83' lang='lat' dir='ltr'>victricem</span> <span class='ocrx_word' id='word_1_76' title='bbox 1139 875 1231 938; x_wconf 82' lang='lat' dir='ltr'>agno-</span> 
     </span>
     <span class='ocr_line' id='line_1_10' title="bbox 98 925 1231 1008; baseline 0.008 -24"><span class='ocrx_word' id='word_1_77' title='bbox 98 937 225 1000; x_wconf 86' lang='lat' dir='ltr'>scerent,</span> <span class='ocrx_word' id='word_1_78' title='bbox 254 928 305 988; x_wconf 88' lang='lat' dir='ltr'>sed</span> <span class='ocrx_word' id='word_1_79' title='bbox 330 925 361 987; x_wconf 91' lang='lat' dir='ltr'>in</span> <span class='ocrx_word' id='word_1_80' title='bbox 383 927 458 988; x_wconf 81' lang='lat' dir='ltr'>aliud</span> <span class='ocrx_word' id='word_1_81' title='bbox 476 939 588 1006; x_wconf 89' lang='lat' dir='ltr'>tempus</span> <span class='ocrx_word' id='word_1_82' title='bbox 609 939 667 987; x_wconf 87' lang='lat' dir='ltr'>tam</span> <span class='ocrx_word' id='word_1_83' title='bbox 686 927 740 988; x_wconf 81' lang='lat' dir='ltr'>sibu</span> <span class='ocrx_word' id='word_1_84' title='bbox 759 949 842 1008; x_wconf 90' lang='lat' dir='ltr'>quam</span> <span class='ocrx_word' id='word_1_85' title='bbox 859 928 942 988; x_wconf 89' lang='lat' dir='ltr'>nobis</span> <span class='ocrx_word' id='word_1_86' title='bbox 962 927 1058 988; x_wconf 85' lang='lat' dir='ltr'>edocti</span> <span class='ocrx_word' id='word_1_87' title='bbox 1082 942 1160 1006; x_wconf 81' lang='lat' dir='ltr'>sunt,</span> <span class='ocrx_word' id='word_1_88' title='bbox 1192 953 1231 993; x_wconf 92' lang='lat' dir='ltr'>ne</span> 
     </span>
     <span class='ocr_line' id='line_1_11' title="bbox 98 1001 1253 1084; baseline 0.006 -22"><span class='ocrx_word' id='word_1_89' title='bbox 98 1023 180 1082; x_wconf 89' lang='lat' dir='ltr'>quem</span> <span class='ocrx_word' id='word_1_90' title='bbox 199 1002 365 1068; x_wconf 85' lang='lat' dir='ltr'>offenderet</span> <span class='ocrx_word' id='word_1_91' title='bbox 385 1003 493 1066; x_wconf 79' lang='lat' dir='ltr'><strong>Christi</strong></span> <span class='ocrx_word' id='word_1_92' title='bbox 511 1001 768 1083; x_wconf 60' lang='lat' dir='ltr'>infinnitas,hpuasi</span> <span class='ocrx_word' id='word_1_93' title='bbox 788 1004 953 1064; x_wconf 77' lang='lat' dir='ltr'>necessitate</span> <span class='ocrx_word' id='word_1_94' title='bbox 974 1015 1004 1066; x_wconf 88' lang='lat' dir='ltr'>et</span> <span class='ocrx_word' id='word_1_95' title='bbox 1022 1003 1051 1064; x_wconf 88' lang='lat' dir='ltr'>vi</span> <span class='ocrx_word' id='word_1_96' title='bbox 1069 1027 1164 1084; x_wconf 90' lang='lat' dir='ltr'>passus</span> <span class='ocrx_word' id='word_1_97' title='bbox 1182 1011 1229 1068; x_wconf 91' lang='lat' dir='ltr'>so·</span> <span class='ocrx_word' id='word_1_98' title='bbox 1251 1044 1253 1054; x_wconf 81' lang='lat'><em>=</em></span> 
     </span>
     <span class='ocr_line' id='line_1_12' title="bbox 97 1077 1259 1161; baseline 0.006 -24"><span class='ocrx_word' id='word_1_99' title='bbox 97 1089 150 1140; x_wconf 89' lang='lat' dir='ltr'>ret.</span> <span class='ocrx_word' id='word_1_100' title='bbox 185 1078 311 1141; x_wconf 53' lang='lat' dir='ltr'>,Clarum</span> <span class='ocrx_word' id='word_1_101' title='bbox 336 1079 414 1142; x_wconf 89' lang='lat' dir='ltr'>enim</span> <span class='ocrx_word' id='word_1_102' title='bbox 439 1091 494 1156; x_wconf 82' lang='lat' dir='ltr'>est,</span> <span class='ocrx_word' id='word_1_103' title='bbox 518 1077 608 1138; x_wconf 85' lang='lat' dir='ltr'><strong>nihilo</strong></span> <span class='ocrx_word' id='word_1_104' title='bbox 628 1079 713 1141; x_wconf 84' lang='lat' dir='ltr'>fuisse</span> <span class='ocrx_word' id='word_1_105' title='bbox 732 1078 872 1140; x_wconf 79' lang='lat' dir='ltr'>difficilius</span> <span class='ocrx_word' id='word_1_106' title='bbox 892 1077 1008 1140; x_wconf 80' lang='lat' dir='ltr'>Christo</span> <span class='ocrx_word' id='word_1_107' title='bbox 1028 1099 1130 1161; x_wconf 90' lang='lat' dir='ltr'>corpus</span> <span class='ocrx_word' id='word_1_108' title='bbox 1149 1105 1229 1144; x_wconf 90' lang='lat' dir='ltr'>suum</span> <span class='ocrx_word' id='word_1_109' title='bbox 1254 1084 1259 1119; x_wconf 67' lang='lat'>¹·</span> 
     </span>
    </p>
   </div>
   <div class='ocr_carea' id='block_1_4' title="bbox 93 1153 1286 1542">
    <p class='ocr_par' dir='ltr' id='par_1_5' title="bbox 22 1153 1286 1694">
     <span class='ocr_line' id='line_1_13' title="bbox 96 1153 1228 1238; baseline 0.005 -24"><span class='ocrx_word' id='word_1_110' title='bbox 96 1168 226 1216; x_wconf 87' lang='lat' dir='ltr'>amorte</span> <span class='ocrx_word' id='word_1_111' title='bbox 251 1157 388 1232; x_wconf 83' lang='lat' dir='ltr'>eximere,</span> <span class='ocrx_word' id='word_1_112' title='bbox 422 1175 505 1235; x_wconf 88' lang='lat' dir='ltr'>quam</span> <span class='ocrx_word' id='word_1_113' title='bbox 529 1175 632 1215; x_wconf 88' lang='lat' dir='ltr'>ornare</span> <span class='ocrx_word' id='word_1_114' title='bbox 656 1153 774 1216; x_wconf 88' lang='lat' dir='ltr'>coelesti</span> <span class='ocrx_word' id='word_1_115' title='bbox 802 1153 902 1236; x_wconf 85' lang='lat' dir='ltr'>gloria.</span> <span class='ocrx_word' id='word_1_116' title='bbox 960 1156 1108 1216; x_wconf 90' lang='lat' dir='ltr'>Docemur</span> <span class='ocrx_word' id='word_1_117' title='bbox 1134 1156 1228 1238; x_wconf 86' lang='lat' dir='ltr'>itaque</span> 
     </span>
     <span class='ocr_line' id='line_1_14' title="bbox 96 1229 1227 1312; baseline 0.002 -22"><span class='ocrx_word' id='word_1_118' title='bbox 96 1232 179 1292; x_wconf 90' lang='lat' dir='ltr'>morti</span> <span class='ocrx_word' id='word_1_119' title='bbox 198 1233 288 1294; x_wconf 83' lang='lat' dir='ltr'>fuisse</span> <span class='ocrx_word' id='word_1_120' title='bbox 308 1231 479 1306; x_wconf 87' lang='lat' dir='ltr'>obnoxium,</span> <span class='ocrx_word' id='word_1_121' title='bbox 499 1230 563 1312; x_wconf 91' lang='lat' dir='ltr'>quia</span> <span class='ocrx_word' id='word_1_122' title='bbox 582 1229 687 1297; x_wconf 79' lang='lat' dir='ltr'>volunt:</span> <span class='ocrx_word' id='word_1_123' title='bbox 709 1230 871 1291; x_wconf 86' lang='lat' dir='ltr'>crucifixum</span> <span class='ocrx_word' id='word_1_124' title='bbox 891 1230 988 1306; x_wconf 86' lang='lat' dir='ltr'>luisse,</span> <span class='ocrx_word' id='word_1_125' title='bbox 1008 1231 1072 1310; x_wconf 87' lang='lat' dir='ltr'>quia</span> <span class='ocrx_word' id='word_1_126' title='bbox 1093 1253 1124 1292; x_wconf 91' lang='lat' dir='ltr'>se</span> <span class='ocrx_word' id='word_1_127' title='bbox 1143 1233 1227 1298; x_wconf 91' lang='lat' dir='ltr'>obtu-</span> 
     </span>
     <span class='ocr_line' id='line_1_15' title="bbox 94 1305 1230 1387; baseline 0.003 -21"><span class='ocrx_word' id='word_1_128' title='bbox 94 1307 132 1366; x_wconf 86' lang='lat' dir='ltr'><strong>lit.</strong></span> <span class='ocrx_word' id='word_1_129' title='bbox 158 1310 233 1370; x_wconf 89' lang='lat' dir='ltr'>Nam</span> <span class='ocrx_word' id='word_1_130' title='bbox 253 1307 356 1369; x_wconf 84' lang='lat' dir='ltr'>eadem</span> <span class='ocrx_word' id='word_1_131' title='bbox 373 1308 419 1368; x_wconf 86' lang='lat' dir='ltr'>illa</span> <span class='ocrx_word' id='word_1_132' title='bbox 438 1329 512 1382; x_wconf 80' lang='lat' dir='ltr'>caro,</span> <span class='ocrx_word' id='word_1_133' title='bbox 588 1307 652 1367; x_wconf 90' lang='lat' dir='ltr'>ein</span> <span class='ocrx_word' id='word_1_134' title='bbox 671 1327 757 1368; x_wconf 90' lang='lat' dir='ltr'>cruce</span> <span class='ocrx_word' id='word_1_135' title='bbox 775 1305 917 1368; x_wconf 89' lang='lat' dir='ltr'>immolata</span> <span class='ocrx_word' id='word_1_136' title='bbox 934 1305 965 1366; x_wconf 91' lang='lat' dir='ltr'>in</span> <span class='ocrx_word' id='word_1_137' title='bbox 986 1306 1115 1387; x_wconf 85' lang='lat' dir='ltr'>sepulcro</span> <span class='ocrx_word' id='word_1_138' title='bbox 1134 1308 1230 1386; x_wconf 81' lang='lat' dir='ltr'>iacuit,</span> 
     </span>
     <span class='ocr_line' id='line_1_16' title="bbox 93 1382 1286 1468; baseline 0.002 -25"><span class='ocrx_word' id='word_1_139' title='bbox 93 1407 176 1464; x_wconf 89' lang='lat' dir='ltr'>quum</span> <span class='ocrx_word' id='word_1_140' title='bbox 195 1385 251 1446; x_wconf 80' lang='lat' dir='ltr'>ism</span> <span class='ocrx_word' id='word_1_141' title='bbox 271 1383 356 1464; x_wconf 82' lang='lat' dir='ltr'>prius</span> <span class='ocrx_word' id='word_1_142' title='bbox 376 1382 506 1445; x_wconf 89' lang='lat' dir='ltr'>coelestis</span> <span class='ocrx_word' id='word_1_143' title='bbox 525 1383 632 1468; x_wconf 76' lang='lat' dir='ltr'>gotiae</span> <span class='ocrx_word' id='word_1_144' title='bbox 647 1383 794 1466; x_wconf 85' lang='lat' dir='ltr'>particeps</span> <span class='ocrx_word' id='word_1_145' title='bbox 807 1383 919 1459; x_wconf 84' lang='lat' dir='ltr'>luisset,</span> <span class='ocrx_word' id='word_1_146' title='bbox 942 1383 1074 1449; x_wconf 79' lang='lat' dir='ltr'>immunis</span> <span class='ocrx_word' id='word_1_147' title='bbox 1094 1403 1155 1446; x_wconf 85' lang='lat' dir='ltr'>esse</span> <span class='ocrx_word' id='word_1_148' title='bbox 1173 1406 1228 1466; x_wconf 93' lang='lat' dir='ltr'>po-</span> <span class='ocrx_word' id='word_1_149' title='bbox 1247 1415 1286 1430; x_wconf 64' lang='lat' dir='ltr'><em>w</em></span> 
     </span>
     <span class='ocr_line' id='line_1_17' title="bbox 96 1458 1228 1542; baseline 0.004 -23.693"><span class='ocrx_word' id='word_1_150' title='bbox 96 1461 149 1520; x_wconf 90' lang='lat' dir='ltr'>tuit</span> <span class='ocrx_word' id='word_1_151' title='bbox 167 1483 183 1522; x_wconf 80' lang='lat' dir='ltr'>s</span> <span class='ocrx_word' id='word_1_152' title='bbox 201 1471 304 1521; x_wconf 88' lang='lat' dir='ltr'>morte</span> <span class='ocrx_word' id='word_1_153' title='bbox 324 1470 355 1520; x_wconf 89' lang='lat' dir='ltr'>et</span> <span class='ocrx_word' id='word_1_154' title='bbox 375 1458 514 1540; x_wconf 81' lang='lat' dir='ltr'>sepulcro.</span> <span class='ocrx_word' id='word_1_155' title='bbox 559 1459 638 1534; x_wconf 88' lang='lat' dir='ltr'>Quin</span> <span class='ocrx_word' id='word_1_156' title='bbox 662 1459 745 1529; x_wconf 83' lang='lat' dir='ltr'>etiam</span> <span class='ocrx_word' id='word_1_157' title='bbox 764 1463 915 1535; x_wconf 88' lang='lat' dir='ltr'>docemur,</span> <span class='ocrx_word' id='word_1_158' title='bbox 943 1481 1026 1542; x_wconf 86' lang='lat' dir='ltr'>quam</span> <span class='ocrx_word' id='word_1_159' title='bbox 1045 1461 1093 1520; x_wconf 88' lang='lat' dir='ltr'>diu&#39;</span> <span class='ocrx_word' id='word_1_160' title='bbox 1111 1474 1228 1542; x_wconf 79' lang='lat' dir='ltr'>accepta</span> 
     </span>
    </p>
   </div>
   <div class='ocr_carea' id='block_1_5' title="bbox 22 1535 1265 2314">
    <p class='ocr_par' dir='ltr' id='par_1_6' title="bbox 92 1535 1227 1694">
     <span class='ocr_line' id='line_1_18' title="bbox 93 1535 1227 1612; baseline 0.003 -16"><span class='ocrx_word' id='word_1_161' title='bbox 93 1537 166 1598; x_wconf 83' lang='lat' dir='ltr'>servi</span> <span class='ocrx_word' id='word_1_162' title='bbox 184 1535 284 1598; x_wconf 82' lang='lat' dir='ltr'>tonna</span> <span class='ocrx_word' id='word_1_163' title='bbox 301 1547 427 1598; x_wconf 82' lang='lat' dir='ltr'>uersatus</span> <span class='ocrx_word' id='word_1_164' title='bbox 446 1547 489 1596; x_wconf 90' lang='lat' dir='ltr'>est</span> <span class='ocrx_word' id='word_1_165' title='bbox 506 1535 536 1596; x_wconf 91' lang='lat' dir='ltr'>in</span> <span class='ocrx_word' id='word_1_166' title='bbox 558 1536 666 1597; x_wconf 89' lang='lat' dir='ltr'>mundo</span> <span class='ocrx_word' id='word_1_167' title='bbox 677 1537 815 1612; x_wconf 77' lang='lat' dir='ltr'>Christum,</span> <span class='ocrx_word' id='word_1_168' title='bbox 833 1549 865 1598; x_wconf 88' lang='lat' dir='ltr'>et</span> <span class='ocrx_word' id='word_1_169' title='bbox 882 1536 934 1598; x_wconf 90' lang='lat' dir='ltr'>sub</span> <span class='ocrx_word' id='word_1_170' title='bbox 955 1537 1045 1598; x_wconf 86' lang='lat' dir='ltr'>carnis</span> <span class='ocrx_word' id='word_1_171' title='bbox 1063 1536 1227 1600; x_wconf 79' lang='lat' dir='ltr'>infirmitate</span> 
     </span>
     <span class='ocr_line' id='line_1_19' title="bbox 92 1611 1226 1694; baseline 0.003 -23"><span class='ocrx_word' id='word_1_172' title='bbox 92 1613 172 1676; x_wconf 91' lang='lat' dir='ltr'>latuit</span> <span class='ocrx_word' id='word_1_173' title='bbox 192 1613 254 1675; x_wconf 84' lang='lat' dir='ltr'>eius</span> <span class='ocrx_word' id='word_1_174' title='bbox 276 1611 417 1686; x_wconf 85' lang='lat' dir='ltr'>maiestas,</span> <span class='ocrx_word' id='word_1_175' title='bbox 439 1611 508 1676; x_wconf 91' lang='lat' dir='ltr'>nibil</span> <span class='ocrx_word' id='word_1_176' title='bbox 529 1611 659 1678; x_wconf 81' lang='lat' dir='ltr'>siluisse</span> <span class='ocrx_word' id='word_1_177' title='bbox 678 1613 849 1689; x_wconf 87' lang='lat' dir='ltr'>detractum,</span> <span class='ocrx_word' id='word_1_178' title='bbox 869 1613 933 1694; x_wconf 88' lang='lat' dir='ltr'>quia</span> <span class='ocrx_word' id='word_1_179' title='bbox 954 1625 1058 1694; x_wconf 89' lang='lat' dir='ltr'>sponte</span> <span class='ocrx_word' id='word_1_180' title='bbox 1080 1636 1111 1675; x_wconf 91' lang='lat' dir='ltr'>se</span> <span class='ocrx_word' id='word_1_181' title='bbox 1131 1614 1226 1676; x_wconf 85' lang='lat' dir='ltr'>exina-</span> 
     </span>
    </p>

    <p class='ocr_par' dir='ltr' id='par_1_7' title="bbox 22 1688 1224 2058">
     <span class='ocr_line' id='line_1_20' title="bbox 22 1688 1223 1770; baseline 0 -18"><span class='ocrx_word' id='word_1_182' title='bbox 22 1695 23 1752; x_wconf 88' lang='lat' dir='ltr'>l</span> <span class='ocrx_word' id='word_1_183' title='bbox 95 1691 177 1752; x_wconf 84' lang='lat' dir='ltr'>nivit:</span> <span class='ocrx_word' id='word_1_184' title='bbox 210 1710 292 1750; x_wconf 91' lang='lat' dir='ltr'>nunc</span> <span class='ocrx_word' id='word_1_185' title='bbox 315 1699 409 1750; x_wconf 89' lang='lat' dir='ltr'>autem</span> <span class='ocrx_word' id='word_1_186' title='bbox 433 1689 604 1752; x_wconf 90' lang='lat' dir='ltr'>resurrectio</span> <span class='ocrx_word' id='word_1_187' title='bbox 628 1688 722 1752; x_wconf 83' lang='lat' dir='ltr'>velum</span> <span class='ocrx_word' id='word_1_188' title='bbox 745 1690 812 1750; x_wconf 91' lang='lat' dir='ltr'>illud</span> <span class='ocrx_word' id='word_1_189' title='bbox 831 1689 1036 1770; x_wconf 49' lang='lat' dir='ltr'>sustulitsquo</span> <span class='ocrx_word' id='word_1_190' title='bbox 1055 1690 1144 1760; x_wconf 80' lang='lat' dir='ltr'>virtus</span> <span class='ocrx_word' id='word_1_191' title='bbox 1164 1691 1223 1752; x_wconf 91' lang='lat' dir='ltr'>eius</span> 
     </span>
     <span class='ocr_line' id='line_1_21' title="bbox 92 1755 1224 1850; baseline 0.002 -24"><span class='ocrx_word' id='word_1_192' title='bbox 92 1779 164 1828; x_wconf 89' lang='lat' dir='ltr'>tecta</span> <span class='ocrx_word' id='word_1_193' title='bbox 182 1767 220 1828; x_wconf 89' lang='lat' dir='ltr'>ad</span> <span class='ocrx_word' id='word_1_194' title='bbox 238 1779 353 1847; x_wconf 89' lang='lat' dir='ltr'>tempus</span> <span class='ocrx_word' id='word_1_195' title='bbox 372 1764 472 1826; x_wconf 86' lang='lat' dir='ltr'>suerat.</span> <span class='ocrx_word' id='word_1_196' title='bbox 520 1755 694 1830; x_wconf 62' lang='lat' dir='ltr'>Porroltre&#39;s</span> <span class='ocrx_word' id='word_1_197' title='bbox 713 1778 799 1828; x_wconf 88' lang='lat' dir='ltr'>testes</span> <span class='ocrx_word' id='word_1_198' title='bbox 819 1766 944 1850; x_wconf 81' lang='lat' dir='ltr'>deligere</span> <span class='ocrx_word' id='word_1_199' title='bbox 962 1766 1026 1828; x_wconf 86' lang='lat' dir='ltr'>satis</span> <span class='ocrx_word' id='word_1_200' title='bbox 1045 1765 1143 1830; x_wconf 84' lang='lat' dir='ltr'>babuit</span> <span class='ocrx_word' id='word_1_201' title='bbox 1159 1767 1224 1830; x_wconf 86' lang='lat' dir='ltr'>Do-</span> 
     </span>
     <span class='ocr_line' id='line_1_22' title="bbox 93 1841 1224 1926; baseline 0.003 -25"><span class='ocrx_word' id='word_1_202' title='bbox 93 1844 196 1920; x_wconf 82' lang='lat' dir='ltr'>minus,</span> <span class='ocrx_word' id='word_1_203' title='bbox 227 1843 294 1923; x_wconf 90' lang='lat' dir='ltr'>quia</span> <span class='ocrx_word' id='word_1_204' title='bbox 316 1841 363 1902; x_wconf 92' lang='lat' dir='ltr'>bic</span> <span class='ocrx_word' id='word_1_205' title='bbox 386 1863 520 1904; x_wconf 86' lang='lat' dir='ltr'>numerus</span> <span class='ocrx_word' id='word_1_206' title='bbox 546 1843 581 1902; x_wconf 86' lang='lat' dir='ltr'>ad</span> <span class='ocrx_word' id='word_1_207' title='bbox 607 1864 677 1906; x_wconf 85' lang='lat' dir='ltr'>rem</span> <span class='ocrx_word' id='word_1_208' title='bbox 691 1844 866 1925; x_wconf 82' lang='lat' dir='ltr'><strong>probandam</strong></span> <span class='ocrx_word' id='word_1_209' title='bbox 889 1845 1004 1926; x_wconf 80' lang='lat' dir='ltr'>abege</span> <span class='ocrx_word' id='word_1_210' title='bbox 1021 1843 1224 1925; x_wconf 82' lang='lat' dir='ltr'>praescribitur</span> 
     </span>
     <span class='ocr_line' id='line_1_23' title="bbox 93 1917 1221 2058; baseline -0.001 -78"><span class='ocrx_word' id='word_1_211' title='bbox 93 1921 199 2058; x_wconf 56' lang='lat' dir='ltr'>§licut</span> <span class='ocrx_word' id='word_1_212' title='bbox 221 1923 277 1994; x_wconf 84' lang='lat'>17,</span> <span class='ocrx_word' id='word_1_213' title='bbox 300 1917 353 1996; x_wconf 88' lang='grc'>6.).</span> <span class='ocrx_word' id='word_1_214' title='bbox 410 1919 605 2001; x_wconf 84' lang='lat' dir='ltr'>Discrcpantia</span> <span class='ocrx_word' id='word_1_215' title='bbox 630 1921 769 2001; x_wconf 88' lang='lat' dir='ltr'>temporis</span> <span class='ocrx_word' id='word_1_216' title='bbox 793 1942 847 1981; x_wconf 90' lang='lat' dir='ltr'>nos</span> <span class='ocrx_word' id='word_1_217' title='bbox 871 1919 1020 1982; x_wconf 79' lang='lat' dir='ltr'>offendere</span> <span class='ocrx_word' id='word_1_218' title='bbox 1042 1941 1104 1981; x_wconf 91' lang='lat' dir='ltr'>non</span> <span class='ocrx_word' id='word_1_219' title='bbox 1127 1921 1221 1985; x_wconf 88' lang='lat' dir='ltr'>debet.</span> 
     </span>
    </p>

    <p class='ocr_par' dir='ltr' id='par_1_8' title="bbox 22 1973 1223 2116">
     <span class='ocr_line' id='line_1_24' title="bbox 22 1973 1223 2116; baseline 0.002 -60"><span class='ocrx_word' id='word_1_220' title='bbox 22 1973 25 2116; x_wconf 54' lang='grc' dir='ltr'><strong>ι</strong></span> <span class='ocrx_word' id='word_1_221' title='bbox 116 2017 150 2056; x_wconf 87' lang='lat' dir='ltr'>ex</span> <span class='ocrx_word' id='word_1_222' title='bbox 174 1997 234 2058; x_wconf 91' lang='lat' dir='ltr'>dies</span> <span class='ocrx_word' id='word_1_223' title='bbox 258 1998 387 2078; x_wconf 84' lang='lat' dir='ltr'>integros</span> <span class='ocrx_word' id='word_1_224' title='bbox 412 2007 564 2056; x_wconf 84' lang='lat' dir='ltr'>numerant</span> <span class='ocrx_word' id='word_1_225' title='bbox 581 1997 739 2058; x_wconf 78' lang='lat' dir='ltr'>Matthaeus</span> <span class='ocrx_word' id='word_1_226' title='bbox 758 2009 788 2058; x_wconf 92' lang='lat' dir='ltr'>ct</span> <span class='ocrx_word' id='word_1_227' title='bbox 806 1997 932 2072; x_wconf 77' lang='lat' dir='ltr'>blancus,</span> <span class='ocrx_word' id='word_1_228' title='bbox 962 1997 1010 2077; x_wconf 91' lang='lat' dir='ltr'>qui</span> <span class='ocrx_word' id='word_1_229' title='bbox 1027 1997 1113 2058; x_wconf 90' lang='lat' dir='ltr'>medii</span> <span class='ocrx_word' id='word_1_230' title='bbox 1130 1997 1223 2060; x_wconf 83' lang='lat' dir='ltr'>fluxe-</span> 
     </span>
    </p>

    <p class='ocr_par' dir='ltr' id='par_1_9' title="bbox 22 2072 1243 2153">
     <span class='ocr_line' id='line_1_25' title="bbox 22 2072 1243 2153; baseline 0.004 -24"><span class='ocrx_word' id='word_1_231' title='bbox 22 2100 31 2150; x_wconf 58' lang='grc' dir='ltr'>,ι</span> <span class='ocrx_word' id='word_1_232' title='bbox 93 2082 173 2130; x_wconf 88' lang='lat' dir='ltr'>runt:</span> <span class='ocrx_word' id='word_1_233' title='bbox 203 2073 296 2135; x_wconf 81' lang='lat' dir='ltr'>Lucas</span> <span class='ocrx_word' id='word_1_234' title='bbox 315 2083 409 2132; x_wconf 84' lang='lat' dir='ltr'>autem</span> <span class='ocrx_word' id='word_1_235' title='bbox 427 2072 534 2144; x_wconf 82' lang='lat' dir='ltr'>sactum</span> <span class='ocrx_word' id='word_1_236' title='bbox 553 2093 615 2132; x_wconf 82' lang='lat' dir='ltr'>esse</span> <span class='ocrx_word' id='word_1_237' title='bbox 633 2073 729 2134; x_wconf 89' lang='lat' dir='ltr'>dicens</span> <span class='ocrx_word' id='word_1_238' title='bbox 748 2085 817 2134; x_wconf 91' lang='lat' dir='ltr'>octo</span> <span class='ocrx_word' id='word_1_239' title='bbox 836 2075 1016 2153; x_wconf 84' lang='lat' dir='ltr'>sercpostea</span> <span class='ocrx_word' id='word_1_240' title='bbox 1034 2073 1147 2148; x_wconf 87' lang='lat' dir='ltr'>diebus,</span> <span class='ocrx_word' id='word_1_241' title='bbox 1165 2079 1243 2133; x_wconf 71' lang='lat' dir='ltr'>tam&#39;</span> 
     </span>
    </p>

    <p class='ocr_par' dir='ltr' id='par_1_10' title="bbox 22 2146 1265 2314">
     <span class='ocr_line' id='line_1_26' title="bbox 22 2146 1223 2278; baseline -0.002 -68"><span class='ocrx_word' id='word_1_242' title='bbox 22 2157 26 2278; x_wconf 56' lang='lat' dir='ltr'>p</span> <span class='ocrx_word' id='word_1_243' title='bbox 91 2149 167 2210; x_wconf 88' lang='lat' dir='ltr'>diem</span> <span class='ocrx_word' id='word_1_244' title='bbox 184 2147 264 2208; x_wconf 91' lang='lat' dir='ltr'>illum</span> <span class='ocrx_word' id='word_1_245' title='bbox 283 2168 341 2239; x_wconf 74' lang='lat' dir='ltr'>quo</span> <span class='ocrx_word' id='word_1_246' title='bbox 359 2147 493 2240; x_wconf 74' lang='lat' dir='ltr'>loquutus</span> <span class='ocrx_word' id='word_1_247' title='bbox 512 2159 574 2210; x_wconf 85' lang='lat' dir='ltr'>erat</span> <span class='ocrx_word' id='word_1_248' title='bbox 593 2147 731 2223; x_wconf 84' lang='lat' dir='ltr'>Christus,</span> <span class='ocrx_word' id='word_1_249' title='bbox 755 2169 839 2228; x_wconf 88' lang='lat' dir='ltr'>quam</span> <span class='ocrx_word' id='word_1_250' title='bbox 859 2168 915 2227; x_wconf 91' lang='lat' dir='ltr'>quo</span> <span class='ocrx_word' id='word_1_251' title='bbox 938 2146 1154 2208; x_wconf 74' lang='lat' dir='ltr'>transformatus</span> <span class='ocrx_word' id='word_1_252' title='bbox 1179 2161 1223 2210; x_wconf 97' lang='grc' dir='ltr'>εει</span> 
     </span>
     <span class='ocr_line' id='line_1_27' title="bbox 92 2219 1265 2314; baseline 0 -30"><span class='ocrx_word' id='word_1_253' title='bbox 92 2219 317 2314; x_wconf 79' lang='lat' dir='ltr'>comprehendit.</span> <span class='ocrx_word' id='word_1_254' title='bbox 372 2225 507 2286; x_wconf 80' lang='lat' dir='ltr'>Videmus</span> <span class='ocrx_word' id='word_1_255' title='bbox 537 2243 624 2306; x_wconf 83' lang='lat' dir='ltr'>ergo,</span> <span class='ocrx_word' id='word_1_256' title='bbox 651 2235 684 2282; x_wconf 90' lang='lat' dir='ltr'>ut</span> <span class='ocrx_word' id='word_1_257' title='bbox 712 2245 811 2284; x_wconf 87' lang='lat' dir='ltr'>sensus</span> <span class='ocrx_word' id='word_1_258' title='bbox 835 2224 911 2285; x_wconf 87' lang='lat' dir='ltr'>idem</span> <span class='ocrx_word' id='word_1_259' title='bbox 934 2223 965 2284; x_wconf 88' lang='lat' dir='ltr'>in</span> <span class='ocrx_word' id='word_1_260' title='bbox 988 2223 1083 2284; x_wconf 82' lang='lat' dir='ltr'>verbis</span> <span class='ocrx_word' id='word_1_261' title='bbox 1106 2223 1223 2286; x_wconf 81' lang='lat' dir='ltr'>diversis</span> <span class='ocrx_word' id='word_1_262' title='bbox 1263 2249 1265 2256; x_wconf 66' lang='grc'><em>’</em></span> 
     </span>
    </p>
   </div>
   <div class='ocr_carea' id='block_1_6' title="bbox 91 2299 1222 2451">
    <p class='ocr_par' dir='ltr' id='par_1_11' title="bbox 91 2299 1222 2451">
     <span class='ocr_line' id='line_1_28' title="bbox 91 2299 378 2382; baseline -0.003 -22"><span class='ocrx_word' id='word_1_263' title='bbox 91 2313 198 2382; x_wconf 78' lang='lat' dir='ltr'>optume</span> <span class='ocrx_word' id='word_1_264' title='bbox 217 2299 378 2362; x_wconf 85' lang='lat' dir='ltr'>conveniat.</span> 
     </span>
     <span class='ocr_line' id='line_1_29' title="bbox 166 2371 1222 2451; baseline -0.006 -13"><span class='ocrx_word' id='word_1_265' title='bbox 166 2377 272 2438; x_wconf 84' lang='lat' dir='ltr'>Matth.</span> <span class='ocrx_word' id='word_1_266' title='bbox 289 2378 317 2436; x_wconf 81' lang='lat'>2.</span> <span class='ocrx_word' id='word_1_267' title='bbox 359 2374 607 2451; x_wconf 66' lang='lat' dir='ltr'>Tronssormutus</span> <span class='ocrx_word' id='word_1_268' title='bbox 630 2383 686 2436; x_wconf 81' lang='lat' dir='ltr'>set.</span> <span class='ocrx_word' id='word_1_269' title='bbox 724 2373 816 2434; x_wconf 88' lang='lat' dir='ltr'>Lucas</span> <span class='ocrx_word' id='word_1_270' title='bbox 842 2371 900 2434; x_wconf 90' lang='lat' dir='ltr'>hoc</span> <span class='ocrx_word' id='word_1_271' title='bbox 927 2372 1034 2445; x_wconf 82' lang='lat' dir='ltr'>sactum</span> <span class='ocrx_word' id='word_1_272' title='bbox 1063 2392 1124 2432; x_wconf 86' lang='lat' dir='ltr'>csse</span> <span class='ocrx_word' id='word_1_273' title='bbox 1145 2372 1222 2448; x_wconf 77' lang='lat' dir='ltr'>dicit,</span> 
     </span>
    </p>
   </div>
   <div class='ocr_carea' id='block_1_7' title="bbox 22 2447 1225 4438">
    <p class='ocr_par' dir='ltr' id='par_1_12' title="bbox 22 2447 1225 4438">
     <span class='ocr_line' id='line_1_30' title="bbox 89 2447 1222 2532; baseline -0.004 -20"><span class='ocrx_word' id='word_1_274' title='bbox 89 2475 184 2532; x_wconf 82' lang='lat' dir='ltr'>quum</span> <span class='ocrx_word' id='word_1_275' title='bbox 209 2462 327 2510; x_wconf 79' lang='lat' dir='ltr'>oraret.-</span> <span class='ocrx_word' id='word_1_276' title='bbox 359 2473 394 2510; x_wconf 86' lang='lat' dir='ltr'>ex</span> <span class='ocrx_word' id='word_1_277' title='bbox 413 2448 622 2512; x_wconf 87' lang='lat' dir='ltr'>circumstantia</span> <span class='ocrx_word' id='word_1_278' title='bbox 640 2457 734 2508; x_wconf 89' lang='lat' dir='ltr'>autem</span> <span class='ocrx_word' id='word_1_279' title='bbox 753 2447 811 2508; x_wconf 92' lang='lat' dir='ltr'>loci</span> <span class='ocrx_word' id='word_1_280' title='bbox 829 2459 860 2509; x_wconf 91' lang='lat' dir='ltr'>et</span> <span class='ocrx_word' id='word_1_281' title='bbox 877 2447 1014 2528; x_wconf 87' lang='lat' dir='ltr'>temporis</span> <span class='ocrx_word' id='word_1_282' title='bbox 1036 2447 1170 2532; x_wconf 86' lang='lat' dir='ltr'>colligere</span> <span class='ocrx_word' id='word_1_283' title='bbox 1187 2448 1222 2507; x_wconf 84' lang='lat' dir='ltr'>li-</span> 
     </span>
     <span class='ocr_line' id='line_1_31' title="bbox 89 2523 1222 2606; baseline -0.004 -16"><span class='ocrx_word' id='word_1_284' title='bbox 89 2541 146 2601; x_wconf 72' lang='lat' dir='ltr'>cet,</span> <span class='ocrx_word' id='word_1_285' title='bbox 168 2527 226 2586; x_wconf 89' lang='lat' dir='ltr'>boc</span> <span class='ocrx_word' id='word_1_286' title='bbox 243 2537 388 2605; x_wconf 90' lang='lat' dir='ltr'>precatum</span> <span class='ocrx_word' id='word_1_287' title='bbox 407 2546 467 2586; x_wconf 87' lang='lat' dir='ltr'>esse</span> <span class='ocrx_word' id='word_1_288' title='bbox 486 2524 564 2604; x_wconf 90' lang='lat' dir='ltr'>quod</span> <span class='ocrx_word' id='word_1_289' title='bbox 583 2523 715 2599; x_wconf 76' lang='lat' dir='ltr'>obtinuit,</span> <span class='ocrx_word' id='word_1_290' title='bbox 734 2537 767 2586; x_wconf 91' lang='lat' dir='ltr'>ut</span> <span class='ocrx_word' id='word_1_291' title='bbox 785 2525 817 2584; x_wconf 90' lang='lat' dir='ltr'>in</span> <span class='ocrx_word' id='word_1_292' title='bbox 835 2523 987 2606; x_wconf 85' lang='lat' dir='ltr'>splendore</span> <span class='ocrx_word' id='word_1_293' title='bbox 1004 2545 1097 2589; x_wconf 80' lang='lat' dir='ltr'>novus</span> <span class='ocrx_word' id='word_1_294' title='bbox 1113 2525 1222 2586; x_wconf 80' lang='lat' dir='ltr'>formae</span> 
     </span>
     <span class='ocr_line' id='line_1_32' title="bbox 88 2597 1222 2684; baseline -0.001 -19"><span class='ocrx_word' id='word_1_295' title='bbox 88 2599 204 2666; x_wconf 87' lang='lat' dir='ltr'>visibile</span> <span class='ocrx_word' id='word_1_296' title='bbox 224 2599 345 2661; x_wconf 82' lang='lat' dir='ltr'>Deitatis</span> <span class='ocrx_word' id='word_1_297' title='bbox 364 2621 431 2661; x_wconf 89' lang='lat' dir='ltr'>suae</span> <span class='ocrx_word' id='word_1_298' title='bbox 450 2622 462 2660; x_wconf 93' lang='lat' dir='ltr'>s</span> <span class='ocrx_word' id='word_1_299' title='bbox 484 2597 595 2665; x_wconf 85' lang='lat' dir='ltr'>sculum</span> <span class='ocrx_word' id='word_1_300' title='bbox 615 2611 702 2660; x_wconf 85' lang='lat' dir='ltr'>esset:</span> <span class='ocrx_word' id='word_1_301' title='bbox 721 2621 782 2664; x_wconf 90' lang='lat' dir='ltr'>nou</span> <span class='ocrx_word' id='word_1_302' title='bbox 802 2601 880 2682; x_wconf 92' lang='lat' dir='ltr'>quod</span> <span class='ocrx_word' id='word_1_303' title='bbox 898 2597 944 2664; x_wconf 87' lang='lat' dir='ltr'>vel</span> <span class='ocrx_word' id='word_1_304' title='bbox 962 2601 1090 2684; x_wconf 82' lang='lat' dir='ltr'>precario</span> <span class='ocrx_word' id='word_1_305' title='bbox 1109 2602 1222 2664; x_wconf 86' lang='lat' dir='ltr'>aliunde</span> 
     </span>
     <span class='ocr_line' id='line_1_33' title="bbox 88 2621 1221 2814; baseline -0.001 -73"><span class='ocrx_word' id='word_1_306' title='bbox 88 2691 194 2762; x_wconf 89' lang='lat' dir='ltr'>petere</span> <span class='ocrx_word' id='word_1_307' title='bbox 215 2699 287 2758; x_wconf 90' lang='lat' dir='ltr'>opus</span> <span class='ocrx_word' id='word_1_308' title='bbox 307 2687 382 2741; x_wconf 83' lang='lat' dir='ltr'>esset</span> <span class='ocrx_word' id='word_1_309' title='bbox 437 2621 482 2738; x_wconf 81' lang='lat' dir='ltr'>od</span> <span class='ocrx_word' id='word_1_310' title='bbox 491 2695 552 2736; x_wconf 92' lang='lat' dir='ltr'>non</span> <span class='ocrx_word' id='word_1_311' title='bbox 573 2675 702 2752; x_wconf 76' lang='lat' dir='ltr'>habebat,</span> <span class='ocrx_word' id='word_1_312' title='bbox 721 2675 768 2738; x_wconf 83' lang='lat' dir='ltr'>vel</span> <span class='ocrx_word' id='word_1_313' title='bbox 785 2675 869 2742; x_wconf 88' lang='lat' dir='ltr'>dubia</span> <span class='ocrx_word' id='word_1_314' title='bbox 888 2688 962 2738; x_wconf 89' lang='lat' dir='ltr'>essct</span> <span class='ocrx_word' id='word_1_315' title='bbox 978 2677 1069 2814; x_wconf 71' lang='lat' dir='ltr'>Putpis</span> <span class='ocrx_word' id='word_1_316' title='bbox 1081 2679 1221 2754; x_wconf 74' lang='lat' dir='ltr'>voluntas,</span> 
     </span>
     <span class='ocr_line' id='line_1_34' title="bbox 88 2751 1220 2847; baseline 0 -31"><span class='ocrx_word' id='word_1_317' title='bbox 88 2757 139 2820; x_wconf 90' lang='lat' dir='ltr'>sed</span> <span class='ocrx_word' id='word_1_318' title='bbox 159 2753 225 2847; x_wconf 78' lang='lat' dir='ltr'>quia</span> <span class='ocrx_word' id='word_1_319' title='bbox 243 2763 307 2816; x_wconf 90' lang='lat' dir='ltr'>toto</span> <span class='ocrx_word' id='word_1_320' title='bbox 326 2751 344 2812; x_wconf 93' lang='lat' dir='ltr'>b</span> <span class='ocrx_word' id='word_1_321' title='bbox 396 2753 403 2768; x_wconf 82' lang='lat'>‘</span> <span class='ocrx_word' id='word_1_322' title='bbox 422 2754 486 2814; x_wconf 89' lang='lat' dir='ltr'>tatis</span> <span class='ocrx_word' id='word_1_323' title='bbox 504 2773 571 2814; x_wconf 87' lang='lat' dir='ltr'>suae</span> <span class='ocrx_word' id='word_1_324' title='bbox 590 2775 674 2814; x_wconf 91' lang='lat' dir='ltr'>cursu</span> <span class='ocrx_word' id='word_1_325' title='bbox 693 2761 805 2836; x_wconf 85' lang='lat' dir='ltr'>semper</span> <span class='ocrx_word' id='word_1_326' title='bbox 818 2754 853 2816; x_wconf 89' lang='lat' dir='ltr'>ad</span> <span class='ocrx_word' id='word_1_327' title='bbox 862 2755 976 2815; x_wconf 88' lang='lat' dir='ltr'>Patrem</span> <span class='ocrx_word' id='word_1_328' title='bbox 984 2767 1030 2826; x_wconf 82' lang='lat' dir='ltr'>ret</span> <span class='ocrx_word' id='word_1_329' title='bbox 1048 2753 1080 2816; x_wconf 90' lang='lat' dir='ltr'>lit</span> <span class='ocrx_word' id='word_1_330' title='bbox 1088 2757 1152 2838; x_wconf 92' lang='lat' dir='ltr'>quic</span> <span class='ocrx_word' id='word_1_331' title='bbox 1173 2756 1220 2816; x_wconf 92' lang='lat' dir='ltr'>uid</span> 
     </span>
     <span class='ocr_line' id='line_1_35' title="bbox 90 2779 1218 2914; baseline 0 -20"><span class='ocrx_word' id='word_1_332' title='bbox 90 2833 228 2894; x_wconf 82' lang='lat' dir='ltr'>diviurtus</span> <span class='ocrx_word' id='word_1_333' title='bbox 258 2829 373 2912; x_wconf 81' lang='lat' dir='ltr'>agebat,</span> <span class='ocrx_word' id='word_1_334' title='bbox 404 2841 434 2892; x_wconf 90' lang='lat' dir='ltr'>et</span> <span class='ocrx_word' id='word_1_335' title='bbox 463 2849 516 2914; x_wconf 85' lang='lat' dir='ltr'>nos</span> <span class='ocrx_word' id='word_1_336' title='bbox 541 2849 593 2890; x_wconf 92' lang='lat' dir='ltr'>suo</span> <span class='ocrx_word' id='word_1_337' title='bbox 619 2828 748 2912; x_wconf 76' lang='lat' dir='ltr'>exunplo</span> <span class='ocrx_word' id='word_1_338' title='bbox 772 2831 807 2892; x_wconf 91' lang='lat' dir='ltr'>ad</span> <span class='ocrx_word' id='word_1_339' title='bbox 848 2852 929 2891; x_wconf 83' lang='lat' dir='ltr'>ncces</span> <span class='ocrx_word' id='word_1_340' title='bbox 952 2830 1093 2908; x_wconf 70' lang='lat' dir='ltr'>stimulare</span> <span class='ocrx_word' id='word_1_341' title='bbox 1117 2779 1218 2894; x_wconf 81' lang='lat' dir='ltr'>voluit.</span> 
     </span>
     <span class='ocr_line' id='line_1_36' title="bbox 93 2852 1220 3040; baseline 0.002 -69"><span class='ocrx_word' id='word_1_342' title='bbox 93 2909 335 2984; x_wconf 82' lang='lat' dir='ltr'>Transformotio</span> <span class='ocrx_word' id='word_1_343' title='bbox 355 2906 485 2986; x_wconf 51' lang='lat' dir='ltr'>autem*</span> <span class='ocrx_word' id='word_1_344' title='bbox 533 2969 534 2972; x_wconf 60' lang='grc'>,</span> <span class='ocrx_word' id='word_1_345' title='bbox 554 2927 616 2984; x_wconf 87' lang='lat' dir='ltr'>non</span> <span class='ocrx_word' id='word_1_346' title='bbox 633 2926 749 3040; x_wconf 67' lang='lat' dir='ltr'>prprsus</span> <span class='ocrx_word' id='word_1_347' title='bbox 768 2852 893 2970; x_wconf 73' lang='lat' dir='ltr'>exhibuit</span> <span class='ocrx_word' id='word_1_348' title='bbox 912 2906 1054 2981; x_wconf 77' lang='lat' dir='ltr'>Christum</span> <span class='ocrx_word' id='word_1_349' title='bbox 1072 2909 1220 2973; x_wconf 82' lang='lat' dir='ltr'>visendum</span> 
     </span>
     <span class='ocr_line' id='line_1_37' title="bbox 91 2982 1220 3068; baseline -0.004 -21"><span class='ocrx_word' id='word_1_350' title='bbox 91 2987 158 3048; x_wconf 88' lang='lat' dir='ltr'>disci</span> <span class='ocrx_word' id='word_1_351' title='bbox 179 2984 247 3061; x_wconf 89' lang='lat' dir='ltr'>ulis,</span> <span class='ocrx_word' id='word_1_352' title='bbox 277 2982 364 3066; x_wconf 90' lang='lat' dir='ltr'>qualis</span> <span class='ocrx_word' id='word_1_353' title='bbox 387 2998 465 3045; x_wconf 90' lang='lat' dir='ltr'>nnnc</span> <span class='ocrx_word' id='word_1_354' title='bbox 555 2982 586 3042; x_wconf 89' lang='lat' dir='ltr'>in</span> <span class='ocrx_word' id='word_1_355' title='bbox 610 3003 705 3058; x_wconf 74' lang='lat' dir='ltr'>copo,</span> <span class='ocrx_word' id='word_1_356' title='bbox 726 2984 785 3044; x_wconf 80' lang='lat' dir='ltr'>sed</span> <span class='ocrx_word' id='word_1_357' title='bbox 807 2995 921 3068; x_wconf 68' lang='lat' dir='ltr'>gustum</span> <span class='ocrx_word' id='word_1_358' title='bbox 938 2983 1091 3061; x_wconf 87' lang='lat' dir='ltr'>immensae</span> <span class='ocrx_word' id='word_1_359' title='bbox 1111 2983 1220 3065; x_wconf 87' lang='lat' dir='ltr'>gloriae</span> 
     </span>
     <span class='ocr_line' id='line_1_38' title="bbox 91 3059 1219 3144; baseline -0.004 -20"><span class='ocrx_word' id='word_1_360' title='bbox 91 3085 141 3144; x_wconf 90' lang='lat' dir='ltr'>pra</span> <span class='ocrx_word' id='word_1_361' title='bbox 179 3063 236 3135; x_wconf 80' lang='lat' dir='ltr'>uit,</span> <span class='ocrx_word' id='word_1_362' title='bbox 256 3060 366 3140; x_wconf 88' lang='lat' dir='ltr'>qualem</span> <span class='ocrx_word' id='word_1_363' title='bbox 385 3060 437 3142; x_wconf 91' lang='lat' dir='ltr'>ipsi</span> <span class='ocrx_word' id='word_1_364' title='bbox 457 3081 486 3121; x_wconf 84' lang='lat' dir='ltr'>ca</span> <span class='ocrx_word' id='word_1_365' title='bbox 509 3079 558 3119; x_wconf 85' lang='lat' dir='ltr'>ere</span> <span class='ocrx_word' id='word_1_366' title='bbox 574 3071 716 3140; x_wconf 81' lang='lat' dir='ltr'>poterant</span> <span class='ocrx_word' id='word_1_367' title='bbox 755 3060 941 3142; x_wconf 85' lang='lat' dir='ltr'>Resplenduit</span> <span class='ocrx_word' id='word_1_368' title='bbox 957 3073 1026 3122; x_wconf 88' lang='lat' dir='ltr'>tunc</span> <span class='ocrx_word' id='word_1_369' title='bbox 1046 3059 1105 3120; x_wconf 89' lang='lat' dir='ltr'>eius</span> <span class='ocrx_word' id='word_1_370' title='bbox 1124 3059 1219 3135; x_wconf 71' lang='lat' dir='ltr'>facies,</span> 
     </span>
     <span class='ocr_line' id='line_1_39' title="bbox 91 3081 1218 3230; baseline -0.001 -31"><span class='ocrx_word' id='word_1_371' title='bbox 91 3137 239 3200; x_wconf 72' lang='lat' dir='ltr'>sicut&#39;sol:</span> <span class='ocrx_word' id='word_1_372' title='bbox 267 3159 345 3198; x_wconf 88' lang='lat' dir='ltr'>nunc</span> <span class='ocrx_word' id='word_1_373' title='bbox 362 3157 432 3199; x_wconf 76' lang='lat' dir='ltr'>uero</span> <span class='ocrx_word' id='word_1_374' title='bbox 451 3081 517 3197; x_wconf 69' lang='lat' dir='ltr'>sois</span> <span class='ocrx_word' id='word_1_375' title='bbox 535 3132 676 3216; x_wconf 82' lang='lat' dir='ltr'>fulgorem</span> <span class='ocrx_word' id='word_1_376' title='bbox 694 3135 782 3220; x_wconf 83' lang='lat' dir='ltr'>longe</span> <span class='ocrx_word' id='word_1_377' title='bbox 801 3149 924 3230; x_wconf 87' lang='lat' dir='ltr'>superat.</span> <span class='ocrx_word' id='word_1_378' title='bbox 965 3135 1100 3226; x_wconf 78' lang='lat' dir='ltr'>Insolitus</span> <span class='ocrx_word' id='word_1_379' title='bbox 1118 3135 1148 3196; x_wconf 91' lang='lat' dir='ltr'>in</span> <span class='ocrx_word' id='word_1_380' title='bbox 1167 3157 1218 3198; x_wconf 77' lang='lat' dir='ltr'>ve-</span> 
     </span>
     <span class='ocr_line' id='line_1_40' title="bbox 93 3212 1221 3294; baseline -0.001 -19"><span class='ocrx_word' id='word_1_381' title='bbox 93 3217 160 3276; x_wconf 87' lang='lat' dir='ltr'>stitu</span> <span class='ocrx_word' id='word_1_382' title='bbox 179 3213 288 3275; x_wconf 80' lang='lat' dir='ltr'>condor</span> <span class='ocrx_word' id='word_1_383' title='bbox 308 3213 421 3274; x_wconf 75' lang='lat' dir='ltr'>enituit:</span> <span class='ocrx_word' id='word_1_384' title='bbox 438 3234 516 3274; x_wconf 79' lang='lat' dir='ltr'>nrrnc</span> <span class='ocrx_word' id='word_1_385' title='bbox 535 3223 612 3271; x_wconf 86' lang='lat' dir='ltr'>extra</span> <span class='ocrx_word' id='word_1_386' title='bbox 630 3212 765 3276; x_wconf 84' lang='lat' dir='ltr'>vestitum</span> <span class='ocrx_word' id='word_1_387' title='bbox 784 3212 877 3277; x_wconf 78' lang='lat' dir='ltr'>divina</span> <span class='ocrx_word' id='word_1_388' title='bbox 895 3214 925 3273; x_wconf 92' lang='lat' dir='ltr'>in</span> <span class='ocrx_word' id='word_1_389' title='bbox 943 3224 1007 3276; x_wconf 90' lang='lat' dir='ltr'>toto</span> <span class='ocrx_word' id='word_1_390' title='bbox 1027 3232 1085 3272; x_wconf 80' lang='lat' dir='ltr'>eius</span> <span class='ocrx_word' id='word_1_391' title='bbox 1096 3223 1221 3294; x_wconf 82' lang='lat' dir='ltr'>corpore</span> 
     </span>
     <span class='ocr_line' id='line_1_41' title="bbox 91 3286 1217 3374; baseline -0.001 -24"><span class='ocrx_word' id='word_1_392' title='bbox 91 3292 219 3352; x_wconf 86' lang='lat' dir='ltr'>maiestas</span> <span class='ocrx_word' id='word_1_393' title='bbox 245 3289 378 3374; x_wconf 79' lang='lat' dir='ltr'>refulget.</span> <span class='ocrx_word' id='word_1_394' title='bbox 438 3289 486 3350; x_wconf 86' lang='lat' dir='ltr'>Sic</span> <span class='ocrx_word' id='word_1_395' title='bbox 511 3286 580 3347; x_wconf 88' lang='lat' dir='ltr'>olim</span> <span class='ocrx_word' id='word_1_396' title='bbox 602 3289 681 3348; x_wconf 90' lang='lat' dir='ltr'>Deus</span> <span class='ocrx_word' id='word_1_397' title='bbox 703 3289 806 3350; x_wconf 76' lang='lat' dir='ltr'>sanctis</span> <span class='ocrx_word' id='word_1_398' title='bbox 831 3288 963 3352; x_wconf 88' lang='lat' dir='ltr'>Patribus</span> <span class='ocrx_word' id='word_1_399' title='bbox 987 3287 1128 3369; x_wconf 75' lang='lat' dir='ltr'>apparuit,</span> <span class='ocrx_word' id='word_1_400' title='bbox 1155 3306 1217 3351; x_wconf 88' lang='lat' dir='ltr'>non</span> 
     </span>
     <span class='ocr_line' id='line_1_42' title="bbox 92 3364 1217 3448; baseline 0 -20"><span class='ocrx_word' id='word_1_401' title='bbox 92 3368 176 3448; x_wconf 85' lang='lat' dir='ltr'>qualis</span> <span class='ocrx_word' id='word_1_402' title='bbox 203 3367 235 3426; x_wconf 92' lang='lat' dir='ltr'>in</span> <span class='ocrx_word' id='word_1_403' title='bbox 257 3377 380 3440; x_wconf 80' lang='lat' dir='ltr'>ecerat,</span> <span class='ocrx_word' id='word_1_404' title='bbox 404 3366 453 3428; x_wconf 85' lang='lat' dir='ltr'>sed</span> <span class='ocrx_word' id='word_1_405' title='bbox 472 3375 608 3445; x_wconf 86' lang='lat' dir='ltr'>quatenus</span> <span class='ocrx_word' id='word_1_406' title='bbox 627 3364 757 3426; x_wconf 90' lang='lat' dir='ltr'>immensi</span> <span class='ocrx_word' id='word_1_407' title='bbox 775 3367 834 3434; x_wconf 86' lang='lat' dir='ltr'>eius</span> <span class='ocrx_word' id='word_1_408' title='bbox 854 3365 1009 3446; x_wconf 76' lang='lat' dir='ltr'>splendoris</span> <span class='ocrx_word' id='word_1_409' title='bbox 1029 3364 1122 3430; x_wconf 86' lang='lat' dir='ltr'>radios</span> <span class='ocrx_word' id='word_1_410' title='bbox 1140 3365 1217 3430; x_wconf 81' lang='lat' dir='ltr'>ferre</span> 
     </span>
     <span class='ocr_line' id='line_1_43' title="bbox 92 3440 1216 3532; baseline -0.006 -28"><span class='ocrx_word' id='word_1_411' title='bbox 92 3455 238 3524; x_wconf 82' lang='lat' dir='ltr'>poterant:</span> <span class='ocrx_word' id='word_1_412' title='bbox 257 3465 322 3504; x_wconf 88' lang='lat' dir='ltr'>nam</span> <span class='ocrx_word' id='word_1_413' title='bbox 339 3442 434 3504; x_wconf 84' lang='lat' dir='ltr'>fideles</span> <span class='ocrx_word' id='word_1_414' title='bbox 453 3461 515 3501; x_wconf 90' lang='lat' dir='ltr'>non</span> <span class='ocrx_word' id='word_1_415' title='bbox 532 3453 598 3501; x_wconf 88' lang='lat' dir='ltr'>ante</span> <span class='ocrx_word' id='word_1_416' title='bbox 616 3440 705 3532; x_wconf 90' lang='lat' dir='ltr'>ipsum</span> <span class='ocrx_word' id='word_1_417' title='bbox 725 3441 807 3506; x_wconf 79' lang='lat' dir='ltr'>sicuti</span> <span class='ocrx_word' id='word_1_418' title='bbox 826 3454 869 3503; x_wconf 89' lang='lat' dir='ltr'>est</span> <span class='ocrx_word' id='word_1_419' title='bbox 886 3441 1128 3506; x_wconf 85' lang='lat' dir='ltr'>visurosIoannes</span> <span class='ocrx_word' id='word_1_420' title='bbox 1146 3465 1216 3525; x_wconf 83' lang='lat' dir='ltr'>pro.</span> 
     </span>
     <span class='ocr_line' id='line_1_44' title="bbox 91 3515 1217 3611; baseline -0.003 -29"><span class='ocrx_word' id='word_1_421' title='bbox 91 3521 221 3595; x_wconf 49' lang='lat' dir='ltr'>nuntiam</span> <span class='ocrx_word' id='word_1_422' title='bbox 248 3541 331 3611; x_wconf 86' lang='lat' dir='ltr'>quam</span> <span class='ocrx_word' id='word_1_423' title='bbox 354 3519 422 3580; x_wconf 82' lang='lat' dir='ltr'>facti</span> <span class='ocrx_word' id='word_1_424' title='bbox 444 3518 501 3580; x_wconf 89' lang='lat' dir='ltr'>sint</span> <span class='ocrx_word' id='word_1_425' title='bbox 526 3517 552 3578; x_wconf 91' lang='lat' dir='ltr'>ei</span> <span class='ocrx_word' id='word_1_426' title='bbox 577 3515 679 3578; x_wconf 79' lang='lat' dir='ltr'>similes</span> <span class='ocrx_word' id='word_1_427' title='bbox 703 3517 748 3595; x_wconf 92' lang='lat' dir='ltr'>(I.</span> <span class='ocrx_word' id='word_1_428' title='bbox 768 3517 849 3578; x_wconf 84' lang='lat' dir='ltr'>loun.</span> <span class='ocrx_word' id='word_1_429' title='bbox 869 3520 902 3594; x_wconf 86' lang='lat'>3,</span> <span class='ocrx_word' id='word_1_430' title='bbox 924 3519 977 3596; x_wconf 74' lang='lat'>2).</span> <span class='ocrx_word' id='word_1_431' title='bbox 1015 3519 1076 3580; x_wconf 88' lang='lat' dir='ltr'>Iam</span> <span class='ocrx_word' id='word_1_432' title='bbox 1094 3541 1155 3585; x_wconf 92' lang='lat' dir='ltr'>non</span> <span class='ocrx_word' id='word_1_433' title='bbox 1174 3532 1217 3580; x_wconf 92' lang='lat' dir='ltr'>est</span> 
     </span>
     <span class='ocr_line' id='line_1_45' title="bbox 92 3593 1216 3676; baseline -0.003 -19"><span class='ocrx_word' id='word_1_434' title='bbox 92 3597 167 3676; x_wconf 82' lang='lat' dir='ltr'>quod</span> <span class='ocrx_word' id='word_1_435' title='bbox 193 3595 331 3657; x_wconf 78' lang='lat' dir='ltr'>subtiliter</span> <span class='ocrx_word' id='word_1_436' title='bbox 374 3595 498 3676; x_wconf 86' lang='lat' dir='ltr'>uisquam</span> <span class='ocrx_word' id='word_1_437' title='bbox 520 3594 643 3676; x_wconf 86' lang='lat' dir='ltr'>disputet</span> <span class='ocrx_word' id='word_1_438' title='bbox 661 3593 696 3654; x_wconf 92' lang='lat' dir='ltr'>de</span> <span class='ocrx_word' id='word_1_439' title='bbox 714 3594 845 3654; x_wconf 82' lang='lat' dir='ltr'>albedine</span> <span class='ocrx_word' id='word_1_440' title='bbox 862 3593 994 3671; x_wconf 84' lang='lat' dir='ltr'>vestium,</span> <span class='ocrx_word' id='word_1_441' title='bbox 1025 3593 1125 3658; x_wconf 82' lang='lat' dir='ltr'>uelde</span> <span class='ocrx_word' id='word_1_442' title='bbox 1145 3597 1216 3660; x_wconf 82' lang='lat' dir='ltr'>facie</span> 
     </span>
     <span class='ocr_line' id='line_1_46' title="bbox 93 3617 1217 3752; baseline -0.005 -19"><span class='ocrx_word' id='word_1_443' title='bbox 93 3671 249 3747; x_wconf 89' lang='lat' dir='ltr'>slendida‚</span> <span class='ocrx_word' id='word_1_444' title='bbox 279 3617 391 3752; x_wconf 80' lang='lat' dir='ltr'>quando</span> <span class='ocrx_word' id='word_1_445' title='bbox 420 3692 481 3732; x_wconf 91' lang='lat' dir='ltr'>non</span> <span class='ocrx_word' id='word_1_446' title='bbox 502 3667 655 3731; x_wconf 70' lang='lat' dir='ltr'>fuit-*baso</span> <span class='ocrx_word' id='word_1_447' title='bbox 683 3670 771 3731; x_wconf 90' lang='lat' dir='ltr'>solida</span> <span class='ocrx_word' id='word_1_448' title='bbox 795 3670 928 3741; x_wconf 81' lang='lat' dir='ltr'>exhibitio</span> <span class='ocrx_word' id='word_1_449' title='bbox 956 3670 1086 3736; x_wconf 85' lang='lat' dir='ltr'>coelestis</span> <span class='ocrx_word' id='word_1_450' title='bbox 1111 3671 1217 3734; x_wconf 84' lang='lat' dir='ltr'>Christi</span> 
     </span>
     <span class='ocr_line' id='line_1_47' title="bbox 93 3696 1216 3831; baseline 0 -23"><span class='ocrx_word' id='word_1_451' title='bbox 93 3696 209 3830; x_wconf 83' lang='lat' dir='ltr'>gloriae,</span> <span class='ocrx_word' id='word_1_452' title='bbox 229 3749 309 3809; x_wconf 87' lang='lat' dir='ltr'>seds</span> <span class='ocrx_word' id='word_1_453' title='bbox 332 3747 440 3823; x_wconf 88' lang='lat' dir='ltr'>mbolis‚</span> <span class='ocrx_word' id='word_1_454' title='bbox 478 3753 536 3811; x_wconf 67' lang='lat' dir='ltr'>uso</span> <span class='ocrx_word' id='word_1_455' title='bbox 550 3747 641 3808; x_wconf 87' lang='lat' dir='ltr'>carnis</span> <span class='ocrx_word' id='word_1_456' title='bbox 659 3746 775 3807; x_wconf 91' lang='lat' dir='ltr'>modulo</span> <span class='ocrx_word' id='word_1_457' title='bbox 795 3769 851 3808; x_wconf 91' lang='lat' dir='ltr'>con</span> <span class='ocrx_word' id='word_1_458' title='bbox 887 3761 996 3824; x_wconf 61' lang='lat' dir='ltr'>nerent,</span> <span class='ocrx_word' id='word_1_459' title='bbox 1016 3769 1050 3810; x_wconf 82' lang='lat' dir='ltr'>ex</span> <span class='ocrx_word' id='word_1_460' title='bbox 1068 3759 1216 3831; x_wconf 75' lang='lat' dir='ltr'>pontegu-</span> 
     </span>
     <span class='ocr_line' id='line_1_48' title="bbox 94 3769 1183 3909; baseline -0.002 -23"><span class='ocrx_word' id='word_1_461' title='bbox 94 3826 222 3886; x_wconf 88' lang='lat' dir='ltr'>standum</span> <span class='ocrx_word' id='word_1_462' title='bbox 261 3770 379 3899; x_wconf 72' lang='lat' dir='ltr'>raebuit,</span> <span class='ocrx_word' id='word_1_463' title='bbox 398 3769 477 3902; x_wconf 83' lang='lat' dir='ltr'>quod</span> <span class='ocrx_word' id='word_1_464' title='bbox 493 3823 524 3882; x_wconf 92' lang='lat' dir='ltr'>in</span> <span class='ocrx_word' id='word_1_465' title='bbox 541 3834 635 3884; x_wconf 88' lang='lat' dir='ltr'>totum</span> <span class='ocrx_word' id='word_1_466' title='bbox 673 3823 764 3901; x_wconf 86' lang='lat' dir='ltr'>ercipl</span> <span class='ocrx_word' id='word_1_467' title='bbox 780 3845 839 3909; x_wconf 68' lang='lat' dir='ltr'>nou</span> <span class='ocrx_word' id='word_1_468' title='bbox 858 3847 907 3885; x_wconf 92' lang='lat' dir='ltr'>um</span> <span class='ocrx_word' id='word_1_469' title='bbox 925 3837 1047 3907; x_wconf 88' lang='lat' dir='ltr'>poterat.</span> <span class='ocrx_word' id='word_1_470' title='bbox 1176 3894 1183 3909; x_wconf 36' lang='grc'>1</span> 
     </span>
     <span class='ocr_line' id='line_1_49' title="bbox 167 3895 1218 3979; baseline -0.01 -17"><span class='ocrx_word' id='word_1_471' title='bbox 167 3904 197 3962; x_wconf 87' lang='grc'>3.</span> <span class='ocrx_word' id='word_1_472' title='bbox 251 3904 291 3960; x_wconf 82' lang='lat' dir='ltr'>isi</span> <span class='ocrx_word' id='word_1_473' title='bbox 309 3910 380 3960; x_wconf 73' lang='lat' dir='ltr'>sunt</span> <span class='ocrx_word' id='word_1_474' title='bbox 398 3902 462 3960; x_wconf 85' lang='lat' dir='ltr'>illis</span> <span class='ocrx_word' id='word_1_475' title='bbox 481 3901 576 3962; x_wconf 79' lang='lat' dir='ltr'>Moses</span> <span class='ocrx_word' id='word_1_476' title='bbox 597 3911 626 3960; x_wconf 82' lang='lat' dir='ltr'>ut</span> <span class='ocrx_word' id='word_1_477' title='bbox 677 3902 747 3960; x_wconf 80' lang='lat' dir='ltr'>lius.</span> <span class='ocrx_word' id='word_1_478' title='bbox 776 3901 940 3979; x_wconf 83' lang='lat' dir='ltr'>Quaeritur,</span> <span class='ocrx_word' id='word_1_479' title='bbox 956 3921 1063 3964; x_wconf 83' lang='lat' dir='ltr'>verene</span> <span class='ocrx_word' id='word_1_480' title='bbox 1083 3895 1218 3960; x_wconf 80' lang='lat' dir='ltr'>assuerunt</span> 
     </span>
     <span class='ocr_line' id='line_1_50' title="bbox 93 3969 1218 4056; baseline -0.008 -19"><span class='ocrx_word' id='word_1_481' title='bbox 93 3980 191 4040; x_wconf 85' lang='lat' dir='ltr'>Moses</span> <span class='ocrx_word' id='word_1_482' title='bbox 212 3989 243 4036; x_wconf 87' lang='lat' dir='ltr'>et</span> <span class='ocrx_word' id='word_1_483' title='bbox 261 3977 335 4038; x_wconf 83' lang='lat' dir='ltr'>Elias</span> <span class='ocrx_word' id='word_1_484' title='bbox 378 3997 415 4035; x_wconf 90' lang='lat' dir='ltr'>an</span> <span class='ocrx_word' id='word_1_485' title='bbox 438 3999 450 4038; x_wconf 94' lang='lat' dir='ltr'>s</span> <span class='ocrx_word' id='word_1_486' title='bbox 471 3987 578 4036; x_wconf 87' lang='lat' dir='ltr'>cetrum</span> <span class='ocrx_word' id='word_1_487' title='bbox 598 3976 730 4038; x_wconf 83' lang='lat' dir='ltr'>duntaxat</span> <span class='ocrx_word' id='word_1_488' title='bbox 748 3976 873 4038; x_wconf 89' lang='lat' dir='ltr'>oblatum</span> <span class='ocrx_word' id='word_1_489' title='bbox 891 3979 978 4040; x_wconf 83' lang='lat' dir='ltr'>fuerit</span> <span class='ocrx_word' id='word_1_490' title='bbox 996 3974 1150 4056; x_wconf 81' lang='lat' dir='ltr'>discipulis,</span> <span class='ocrx_word' id='word_1_491' title='bbox 1179 3969 1218 4030; x_wconf 88' lang='lat' dir='ltr'>si-</span> 
     </span>
     <span class='ocr_line' id='line_1_51' title="bbox 95 3997 1220 4136; baseline -0.008 -22"><span class='ocrx_word' id='word_1_492' title='bbox 95 4054 153 4114; x_wconf 89' lang='lat' dir='ltr'>cuti</span> <span class='ocrx_word' id='word_1_493' title='bbox 171 4073 255 4134; x_wconf 87' lang='lat' dir='ltr'>saepe</span> <span class='ocrx_word' id='word_1_494' title='bbox 264 4019 416 4134; x_wconf 86' lang='lat' dir='ltr'>Prophetis</span> <span class='ocrx_word' id='word_1_495' title='bbox 435 3997 565 4114; x_wconf 83' lang='lat' dir='ltr'>obiectae</span> <span class='ocrx_word' id='word_1_496' title='bbox 584 4065 652 4112; x_wconf 89' lang='lat' dir='ltr'>sunt</span> <span class='ocrx_word' id='word_1_497' title='bbox 669 4073 766 4114; x_wconf 87' lang='lat' dir='ltr'>rerum</span> <span class='ocrx_word' id='word_1_498' title='bbox 781 4053 938 4115; x_wconf 86' lang='lat' dir='ltr'>absentium</span> <span class='ocrx_word' id='word_1_499' title='bbox 949 4051 1081 4114; x_wconf 78' lang='lat' dir='ltr'>visiones.</span> <span class='ocrx_word' id='word_1_500' title='bbox 1115 4049 1220 4136; x_wconf 70' lang='lat' dir='ltr'>Quan3</span> 
     </span>
     <span class='ocr_line' id='line_1_52' title="bbox 95 4121 1220 4220; baseline -0.004 -30"><span class='ocrx_word' id='word_1_501' title='bbox 95 4147 177 4209; x_wconf 89' lang='lat' dir='ltr'>quam</span> <span class='ocrx_word' id='word_1_502' title='bbox 200 4149 246 4190; x_wconf 84' lang='lat' dir='ltr'>res</span> <span class='ocrx_word' id='word_1_503' title='bbox 271 4141 315 4190; x_wconf 89' lang='lat' dir='ltr'>est</span> <span class='ocrx_word' id='word_1_504' title='bbox 333 4128 364 4188; x_wconf 87' lang='lat' dir='ltr'>in</span> <span class='ocrx_word' id='word_1_505' title='bbox 382 4138 659 4220; x_wconf 83' lang='lat' dir='ltr'>utramquepartem</span> <span class='ocrx_word' id='word_1_506' title='bbox 682 4130 866 4212; x_wconf 88' lang='lat' dir='ltr'>disputabilis,</span> <span class='ocrx_word' id='word_1_507' title='bbox 896 4142 929 4189; x_wconf 88' lang='lat' dir='ltr'>ut</span> <span class='ocrx_word' id='word_1_508' title='bbox 953 4129 1121 4202; x_wconf 77' lang='lat' dir='ltr'>loquuntur,</span> <span class='ocrx_word' id='word_1_509' title='bbox 1150 4121 1220 4182; x_wconf 74' lang='lat' dir='ltr'>mtlu</span> 
     </span>
     <span class='ocr_line' id='line_1_53' title="bbox 95 4201 1219 4291; baseline -0.007 -21"><span class='ocrx_word' id='word_1_510' title='bbox 95 4201 190 4270; x_wconf 81' lang='lat' dir='ltr'>tamesi</span> <span class='ocrx_word' id='word_1_511' title='bbox 209 4203 297 4289; x_wconf 84' lang='lat' dir='ltr'>magis</span> <span class='ocrx_word' id='word_1_512' title='bbox 314 4204 465 4291; x_wconf 67' lang='lat' dir='ltr'>probatur,</span> <span class='ocrx_word' id='word_1_513' title='bbox 484 4223 559 4285; x_wconf 77' lang='lat' dir='ltr'>ipsos</span> <span class='ocrx_word' id='word_1_514' title='bbox 578 4205 695 4268; x_wconf 86' lang='lat' dir='ltr'>veroin</span> <span class='ocrx_word' id='word_1_515' title='bbox 715 4225 781 4268; x_wconf 89' lang='lat' dir='ltr'>eum</span> <span class='ocrx_word' id='word_1_516' title='bbox 797 4205 894 4287; x_wconf 82' lang='lat' dir='ltr'>locum</span> <span class='ocrx_word' id='word_1_517' title='bbox 912 4201 1046 4284; x_wconf 65' lang='lat' dir='ltr'>adductos</span> <span class='ocrx_word' id='word_1_518' title='bbox 1065 4219 1138 4260; x_wconf 84' lang='lat' dir='ltr'>esse:</span> <span class='ocrx_word' id='word_1_519' title='bbox 1165 4217 1219 4286; x_wconf 69' lang='lat' dir='ltr'>np-</span> 
     </span>
     <span class='ocr_line' id='line_1_54' title="bbox 97 4271 1222 4364; baseline -0.008 -24"><span class='ocrx_word' id='word_1_520' title='bbox 97 4305 152 4362; x_wconf 90' lang='lat' dir='ltr'>que</span> <span class='ocrx_word' id='word_1_521' title='bbox 176 4280 252 4344; x_wconf 87' lang='lat' dir='ltr'>cuim</span> <span class='ocrx_word' id='word_1_522' title='bbox 275 4281 426 4342; x_wconf 88' lang='lat' dir='ltr'>absurdum</span> <span class='ocrx_word' id='word_1_523' title='bbox 452 4292 508 4356; x_wconf 83' lang='lat' dir='ltr'>est,</span> <span class='ocrx_word' id='word_1_524' title='bbox 536 4301 625 4361; x_wconf 87' lang='lat' dir='ltr'>quum</span> <span class='ocrx_word' id='word_1_525' title='bbox 647 4283 727 4342; x_wconf 85' lang='lat' dir='ltr'>Deus</span> <span class='ocrx_word' id='word_1_526' title='bbox 751 4299 873 4360; x_wconf 84' lang='lat' dir='ltr'>corpora</span> <span class='ocrx_word' id='word_1_527' title='bbox 891 4288 1052 4364; x_wconf 34' lang='lat' dir='ltr'>‘stammas</span> <span class='ocrx_word' id='word_1_528' title='bbox 1069 4271 1172 4360; x_wconf 81' lang='lat' dir='ltr'>habeat</span> <span class='ocrx_word' id='word_1_529' title='bbox 1186 4281 1222 4362; x_wconf 55' lang='grc' dir='ltr'>ιιι</span> 
     </span>
     <span class='ocr_line' id='line_1_55' title="bbox 22 4349 1225 4438; baseline -0.012 -20"><span class='ocrx_word' id='word_1_530' title='bbox 22 4397 24 4418; x_wconf 88' lang='grc'><em>.</em></span> <span class='ocrx_word' id='word_1_531' title='bbox 98 4379 147 4420; x_wconf 90' lang='lat' dir='ltr'>sua</span> <span class='ocrx_word' id='word_1_532' title='bbox 164 4379 259 4437; x_wconf 80' lang='lat' dir='ltr'>mauu,</span> <span class='ocrx_word' id='word_1_533' title='bbox 278 4369 408 4422; x_wconf 76' lang='lat' dir='ltr'>muthius</span> <span class='ocrx_word' id='word_1_534' title='bbox 424 4357 459 4420; x_wconf 90' lang='lat' dir='ltr'>ad</span> <span class='ocrx_word' id='word_1_535' title='bbox 476 4369 588 4438; x_wconf 83' lang='lat' dir='ltr'>tempus</span> <span class='ocrx_word' id='word_1_536' title='bbox 601 4357 638 4419; x_wconf 82' lang='lat' dir='ltr'>iu</span> <span class='ocrx_word' id='word_1_537' title='bbox 652 4357 743 4434; x_wconf 52' lang='lat' dir='ltr'>dnm</span> <span class='ocrx_word' id='word_1_538' title='bbox 762 4355 822 4416; x_wconf 88' lang='lat' dir='ltr'>cius</span> <span class='ocrx_word' id='word_1_539' title='bbox 840 4353 956 4412; x_wconf 80' lang='lat' dir='ltr'>srbrtno</span> <span class='ocrx_word' id='word_1_540' title='bbox 969 4352 1087 4424; x_wconf 78' lang='lat' dir='ltr'>testum,</span> <span class='ocrx_word' id='word_1_541' title='bbox 1106 4349 1172 4432; x_wconf 84' lang='lat' dir='ltr'>dum</span> <span class='ocrx_word' id='word_1_542' title='bbox 1185 4357 1225 4406; x_wconf 75' lang='lat' dir='ltr'>sta</span> 
     </span>
    </p>
   </div>
   <div class='ocr_carea' id='block_1_8' title="bbox 665 4457 699 4484">
    <p class='ocr_par' dir='ltr' id='par_1_13' title="bbox 665 4457 699 4484">
     <span class='ocr_line' id='line_1_56' title="bbox 665 4457 699 4484; baseline 0 0"><span class='ocrx_word' id='word_1_543' title='bbox 665 4457 699 4484; x_wconf 61' lang='grc' dir='ltr'>θ’</span> 
     </span>
    </p>
   </div>
   <div class='ocr_carea' id='block_1_9' title="bbox 0 0 1400 4764">
    <p class='ocr_par' dir='ltr' id='par_1_14' title="bbox 0 0 1400 4764">
     <span class='ocr_line' id='line_1_57' title="bbox 0 0 1400 4764; baseline 0 0"><span class='ocrx_word' id='word_1_544' title='bbox 0 0 1400 4764; x_wconf 95' lang='lat' dir='ltr'> </span> 
     </span>
    </p>
   </div>
  </div>
 </body>
</html>
