2790 4764
369 239 396 277 ,-
442 161 541 278 ”tut
579 197 683 280 une
703 197 901 280 cunta).
1000 269 1005 278 ,
1192 205 1233 268 ιι

26 305 30 312 ¹
96 353 141 420 ait
161 349 220 434 tut,
239 349 380 440 Propter
398 350 492 422 istum
502 349 784 434 sermonemvade,
805 353 879 424 exiit
900 349 1102 422 daemonium
1121 374 1141 422 a
1161 351 1230 426 tilia
1275 424 1276 439 ,

95 463 161 522 tua.
205 454 259 524 30.
286 455 330 521 Et
351 473 451 543 mum
474 453 603 524 abiisset
624 459 660 525 in
682 455 812 526 domum
833 465 937 542 suani,
958 458 1080 547 reperit
1098 454 1229 529 daemon

22 616 26 629 .
93 559 187 624 nium
209 557 333 648 exiisse,
355 557 503 636 ethium
523 562 680 664 intentent
701 581 800 679 supep
820 545 948 642 lectum.
1196 557 1198 562 ’

132 721 148 784 s
175 733 213 796 ln
230 731 438 826 hoomirsculo
457 737 595 802 doeemur
627 739 771 820 memorio
791 733 829 803 ad
844 751 945 826 gentes
963 757 1079 802 manare
1097 736 1228 824 eoeperit

96 810 207 902 Christ!
227 823 328 895 gratia:
345 812 406 874 etsi
426 815 508 905 enim
530 781 659 906 nondum
682 817 837 906 advenerat
856 828 997 880 maturum
1019 826 1077 878 tem
1097 837 1144 894 ns,
1168 835 1226 896 quo

95 909 131 951 se
153 899 208 949 ton
231 888 335 950 mundo
363 888 494 954 Christus
516 889 688 974 pnhhcaret,
710 890 974 976 praeindntamen
996 913 1051 973 qua
1086 913 1131 952 am
1158 891 1227 954 dare

96 963 192 1028 voluit
215 961 370 1028 eommunis
396 965 620 1043 misericordiae,
651 991 722 1050 quire
744 970 859 1030 tandem
880 966 1041 1052 promiscue
1062 965 1172 1030 Iudaeis
1196 977 1227 1030 et

96 1039 241 1104 Genthus
258 1039 313 1102 luit
333 1041 457 1104 exhibita
475 1055 543 1124 post
560 1043 619 1108 eius
633 1045 885 1110 resurectionem
918 1041 1042 1124 Insignis
1060 1041 1145 1105 etiam
1162 1041 1228 1104 fidei

92 1116 192 1200 imago
211 1117 424 1201 depingiturin
443 1119 563 1182 muiliere
584 1119 745 1196 Carauaea,
769 1133 802 1184 ut
825 1117 1036 1202 comparatione
1059 1115 1133 1182 laeta
1156 1118 1227 1180 scia-

92 1215 175 1274 mus,
199 1194 338 1274 promissa
355 1193 555 1276 redemptione
573 1195 676 1260 merito
697 1195 822 1280 privatos
842 1193 927 1260 luisse
947 1193 1083 1270 ludaeos,
1107 1213 1251 1274 quorsum,

90 1281 153 1332 tam
175 1269 285 1351 stupida
308 1267 363 1332 luit
379 1271 520 1354 impietus.
550 1271 663 1348 Mulier,
683 1293 766 1355 quun
776 1269 933 1335 Matthaeus
944 1269 1120 1333 Cauaraerm
1135 1279 1229 1346 vocat,

91 1367 108 1406 a
128 1347 233 1408 Marco
251 1345 356 1408 dieitur
375 1341 462 1410 inune
484 1343 604 1424 Graeca,
624 1360 655 1410 et
672 1369 780 1434 genere
799 1349 855 1430 Syr
893 1346 1034 1414 hoenissa:
1056 1343 1088 1408 in
1105 1363 1164 1429 quo
1183 1343 1230 1404 ni·

90 1421 132 1482 hil
156 1432 201 1484 est
219 1419 334 1484 dissidii.
366 1423 476 1488 Scimus
491 1423 575 1501 enim,
595 1422 682 1508 vulgo
702 1368 1075 1516 receptumoiuhseludeeb
1092 1417 1120 1513 l⁸
1163 1417 1229 1484 endi

19 1575 20 1602 ι
90 1519 218 1636 titt
232 1507 654 1650 tttmttetffittt
686 1499 1230 1660 ,stittttttdtttt‘ttttt

91 1651 192 1716 Porro
212 1671 300 1729 quum
319 1649 496 1733 expertibus
516 1653 587 1737 Tyri
608 1665 641 1726 et,
656 1653 769 1718 Sidonis
789 1653 907 1718 oriunda
927 1663 1019 1730 esset,
1041 1664 1103 1714 non
1123 1650 1229 1711 mirum

93 1739 149 1804 est,
172 1725 271 1792 vocari
290 1725 553 1818 syrophoenissam,
573 1731 685 1816 qnando
704 1741 734 1794 et
754 1729 834 1814 regio
853 1750 960 1802 nomen
978 1725 1101 1792 hahebat
1119 1725 1228 1820 Syriae

92 1815 124 1866 et
144 1822 212 1884 pars
230 1801 400 1866 Phoenissae
420 1816 493 1866 erat:
521 1818 620 1870 omnes
639 1827 708 1868 vero
727 1803 798 1871 illius
817 1817 910 1870 terrae
929 1801 1034 1872 incolas
1056 1803 1152 1866 Iudaei
1171 1802 1241 1866 Cae
1298 1863 1301 1872 ,

93 1898 222 1962 nanaeos
241 1877 340 1941 odiose
359 1881 507 1945 vocabant
545 1884 585 1944 Et
605 1881 739 1948 credibile
759 1894 814 1958 est,
838 1881 939 1946 maiori
959 1901 993 1944 ex
1010 1892 1093 1964 parte
1110 1878 1228 1944 traxisse
1265 1936 1267 1953 ,

94 1955 141 2016 ori
165 1953 241 2016 inem
264 1976 280 2016 a
322 1955 412 2038 opulis
437 1957 564 2034 Canaan,
590 1959 638 2043 qui
676 1959 746 2020 atria
766 1957 872 2042 expulsi
894 1971 1027 2038 unquam
1048 1956 1228 2022 insitiuum

96 2053 148 2094 exs
170 2029 226 2092 ‘nm
244 1975 438 2116 prolirgerant
483 2035 519 2096 Iu
539 2031 595 2098 hoe
614 1981 699 2098 amhn
719 2036 916 2114 consentiunt,
938 2031 1087 2100 mulierem
1105 2053 1139 2123 ex
1157 2051 1229 2116 pro-

96 2105 166 2168 fana
183 2117 269 2190 gente
287 2120 389 2185 natam,
412 2130 472 2172 non
492 2111 636 2174 educatam
655 2111 686 2172 in
704 2111 789 2194 Legis
808 2111 946 2186 doctrine,
966 2109 1042 2172 nltro
1062 2129 1173 2172 rennse
1191 2105 1229 2168 ad

98 2182 257 2260 Christum,
280 2196 313 2248 ut
334 2183 500 2268 snppheiter
523 2206 608 2271 opem
630 2185 665 2248 ah
688 2186 751 2276 ipso
774 2197 893 2268 peteret
930 2185 1064 2248 Notanda
1081 2194 1125 2248 cst
1143 2183 1229 2246 etism

97 2259 321 2338 circumstantia,
341 2281 412 2342 quae
431 2283 448 2324 a
466 2263 568 2322 Murco
589 2261 770 2352 exprimitur,
792 2259 935 2322 Christum
954 2257 1020 2324 illuc
1037 2257 1148 2322 venisse
1166 2259 1230 2318 hon

97 2348 197 2400 erecto
216 2335 334 2413 vexillo,
359 2337 409 2400 sed
427 2348 460 2399 ut
478 2337 567 2398 instar
584 2335 687 2472 limi
705 2333 828 2398 hominis
850 2333 881 2394 in
905 2334 956 2397 illo
977 2331 1084 2423 angulo
1102 2333 1138 2394 ed
1154 2341 1229 2394 tem-

96 2434 151 2492 pus
169 2411 280 2474 lateret.
313 2411 455 2493 Loquitur
474 2422 569 2473 autem
620 2432 700 2472 arens
718 2431 773 2494 pro
793 2409 937 2470 commmi
955 2427 1047 2471 earnm
1065 2415 1172 2490 sensur'
1186 2417 1230 2470 et·-

96 2489 121 2550 si
143 2489 221 2548 enim
239 2485 347 2568 Spiritu
365 2507 419 2550 suo
437 2485 731 2574 divinopraeviderat
749 2483 891 2561 Christus,
910 2481 1129 2576 qnidiuturum¹
1144 2494 1230 2575 esset,

96 2559 960 2702 iffltttttt‘tltttmmt‘ttlttlttlt’ttt‘
977 2559 1230 2702 tttttltl'

97 2713 181 2854 3,qu
201 2712 358 2850 ppeppssum
373 2713 527 2852 ίἷιοιιιΙίιιὲιιι
549 2711 671 2782 volebat
714 2711 925 2854 luperirpapapc
949 2658 1170 2851 ιιῖιῑξιιιιιιειιιιιίιξ
1194 2735 1214 2808 n

99 2812 232 2956 Chlristus
255 2810 425 2948 proriiisharhs
443 2810 671 2960 riddrhopstibhhhi
687 2812 798 2930 pppopp
818 2810 891 2930 voces
903 2809 1229 2930 ’etwmdcbuiffldhdbb

17 2941 18 2962 ¹
97 2944 130 3006 in
149 2943 274 3004 medium
312 2941 447 3020 referret,
475 2963 555 3006 coeci
575 2953 603 3006 et
616 2945 698 3006 surdi
717 2943 838 3020 luerint,
862 2965 948 3024 quum
966 2954 1063 3006 tamen
1080 2943 1228 3026 lactarent,

98 3041 130 3082 se
151 3017 273 3080 foederis
292 2964 412 3082 homini
431 3041 492 3084 esse
510 3020 658 3112 haeredes,
679 3019 822 3102 peculium
841 3017 913 3094 eins,
936 3037 1115 3108 regnumque
1131 3035 1229 3078 sacer*

99 3095 334 3158 dotalee‘mulier
348 3117 418 3159 uero
436 3097 515 3170 haee,
535 3095 581 3158 cui
599 3095 669 3158 nihil
686 3116 837 3158 commune
857 3107 918 3160 erat
934 3117 1001 3156 curn
1013 3093 1075 3156 filus
1085 3089 1228 3168 Abrahae,

100 3183 131 3234 et
154 3172 189 3232 ad
213 3190 296 3251 quam
319 3171 419 3234 foedus
442 3173 558 3236 minime
581 3171 612 3234 in
635 3173 758 3255 speeiem
779 3171 955 3257 pertinebat,
985 3167 1061 3232 nulla
1083 3187 1157 3233 voce
1178 3179 1241 3230 aut‘

16 3307 17 3320 ,
100 3247 185 3332 signo
203 3247 320 3310 invitata
339 3245 415 3310 uitro
433 3249 596 3322 accurrerit.

177 3323 278 3386 Matth.
297 3326 345 3389 22.
372 3327 511 3389 Miserere
529 3329 596 3397 neri,
615 3325 745 3386 Domine.
778 3323 947 3404 Quanquam
965 3343 982 3384 a
1000 3341 1090 3416 grege
1107 3321 1238 3410 Domini

16 3449 18 3464 .
103 3410 234 3464 uermes
254 3412 313 3462 erat
329 3399 399 3463 haee
417 3401 533 3478 mulier,
551 3411 664 3485 gustum
683 3413 779 3462 tamen
797 3399 916 3482 aliquem
934 3398 1046 3483 pietatis
1064 3397 1228 3466 imbiberat:

101 3495 168 3536 nam
187 3476 248 3540 sine
266 3477 357 3558 aliqua
374 3477 593 3570 promissionum
612 3477 713 3540 notitia
734 3475 879 3540 Christum
897 3497 957 3540 non
978 3487 1106 3540 voteasset
1123 3477 1229 3542 Filium

101 3551 226 3614 Davidis.
264 3555 389 3617 Tametsi
408 3555 484 3618 enim
503 3575 519 3616 a
537 3576 608 3636 pura
627 3566 657 3616 et
669 3554 786 3637 ‘integra
805 3551 890 3635 Legis
908 3552 1037 3626 doctrina
1055 3553 1118 3618 iere
1135 3553 1229 3615 desei-

49 3640 53 3647 '
103 3641 202 3690 veram
219 3629 328 3706 ludaei,
352 3627 398 3692 vel
417 3629 516 3692 saltem
534 3629 635 3711 procul
654 3630 840 3703 deflexerant,
864 3625 981 3692 celebris
998 3635 1094 3694 tamen
1112 3629 1229 3712 rigebat

102 3705 256 3785 promissae
274 3705 475 3795 redemptionis
494 3707 575 3769 lama.
618 3709 657 3770 Et
675 3705 807 3786 quonism
826 3703 967 3774 Ecclesiae
985 3707 1125 3772 restitutio
1142 3727 1162 3764 u
1179 3724 1228 3764 re·
1264 3753 1269 3774 ,

101 3801 162 3861 gno
181 3781 296 3845 Devidis
334 3784 463 3859 cudebat,
484 3805 569 3876 quum
588 3782 623 3846 de
643 3783 743 3844 Messio
762 3791 823 3842 erat
841 3802 944 3870 sermo,
966 3783 1065 3848 tritum
1084 3781 1157 3861 apud
1176 3797 1228 3838 eos

105 3869 163 3918 erat
186 3879 293 3924 nomen
313 3805 380 3920 isitii
393 3859 525 3948 ιΒεινίιίιι,
551 3871 580 3921 st
603 3859 715 3941 quidem
737 3858 769 3920 in
789 3877 840 3920 ore
859 3859 985 3922 omnium
1003 3857 1139 3946 volitebat
1156 3851 1227 3942 hoec

105 3933 255 3996 consessio.
294 3933 351 3996 Sed
370 3957 456 4026 quum
474 3935 547 4018 apud
564 3936 640 4018 ipsos
660 3931 844 4002 obsolevisset
861 3942 928 3998 tera
945 3935 1028 4008 fides,
1044 3951 1115 3993 mua
1134 3937 1227 4017 ebun-

104 4009 232 4071 credibili
249 4009 307 4072 Dei
325 4009 453 4078 bonitate
472 4011 578 4074 laetum
597 4021 640 4072 est
678 4021 712 4070 ut
733 4009 953 4092 promissionum
973 4009 1046 4073 odor
1060 4007 1103 4066 'ad
1121 4019 1228 4092 metuas

103 4097 205 4222 gentes
223 4085 399 4177 peruenerit.
447 4053 710 4170 thquamffigo
733 4085 835 4148 mulier
856 4086 926 4150 haec
949 4103 965 4144 a
987 4079 1077 4148 nullo,
1090 4097 1134 4168 ως
1156 4088 1229 4168 'tro

132 4161 277 4224 milismter
298 4161 397 4230 edocta
417 4176 486 4240 erat,
503 4161 587 4228 iidem
606 4176 702 4225 tamen
719 4162 756 4224 de
771 4159 886 4224 Christo
904 4178 966 4220 non
985 4167 1094 4218 temere
1111 4175 1134 4216 st
1154 4175 1165 4214 ι
1183 4153 1228 4216 ia-

105 4233 238 4315 hrieavit,
262 4239 314 4304 sed
331 4235 464 4320 concept
483 4257 517 4302 ex
532 4241 575 4312 Le
596 4259 613 4302 e
632 4249 663 4300 et
679 4237 838 4318 Prophetis.
877 4227 1163 4316 Quarenpnminns
1180 4229 1228 4288 in-

108 4311 177 4396 splse
196 4335 279 4398 quam
302 4315 389 4400 impie
406 4315 485 4383 canis
501 4313 549 4425 ille
566 4261 715 4392 Sancus,
738 4323 772 4374 ut
788 4309 872 4416 iidem
889 4301 1122 4426 pwtuktttontbtte
1137 4303 1228 4366 nuds·
