2790 4764
243 196 336 276 (ιιι.ι
358 157 428 273 ,ru
448 215 478 258 es
499 193 637 269 curam
658 193 744 257 suus
763 194 819 258 ner
837 193 998 276 vat-enar)
1122 199 1180 263 ros

62 371 109 432 per
127 369 160 410 os
177 348 324 410 hominum
341 347 458 409 minatus
475 345 583 408 sitillis
601 346 690 408 Dens.
734 346 867 430 Denique
885 349 1056 414 haofidncia
1073 349 1181 414 imtrn-

62 427 99 487 cti
116 427 157 508 pii
175 426 306 489 domores
324 425 375 487 sibi
394 436 423 486 et
440 423 497 484 aliis
515 423 574 484 intr
611 423 648 484 idi
665 423 725 487 sint
741 444 893 506 sponsores
911 425 1184 512 vivificaeD‘eigra'
1260 465 1263 470 -

61 504 121 578 tiae,
140 523 195 562 nec
216 502 306 560 minus
325 501 448 563 animose
470 501 501 560 in
519 521 587 582 prae
600 511 693 571 raetos
711 500 857 564 doctrinae
878 523 944 566 suae
964 513 1178 584 contemptores

18 639 19 652 ,
60 577 218 650 fulminent.
262 579 402 640 Hactenus
425 597 588 659 germanum
608 575 761 638 verborum
780 599 893 640 sensum
912 579 1032 642 dilucide
1052 579 1177 671 exposui,

18 655 20 664 ’
60 667 93 714 ut
115 653 185 713 nihil
205 653 350 720 desiderari
375 663 472 734 queat,
502 652 556 714 nisi
576 654 724 714 Romanus
742 654 931 718 Antichristus
949 657 1090 738 tyrannidi
1109 675 1178 717 suae

60 729 184 792 colorem
205 730 335 792 inducere
359 729 459 792 rolens
483 749 545 788 non
569 729 661 792 minus
688 729 830 812 improbe,
855 731 938 812 quain
955 733 958 740 '
977 733 1061 794 erlide
1077 731 1177 794 locum

59 806 141 874 hunc,
152 818 241 868 totum
257 817 421 886 pervertere
439 827 522 866 ausus
540 787 625 866 loret.
652 805 821 888 Quanquam
840 819 934 868 autem
951 756 999 868 lix
1017 809 1076 889 ipsa
1090 829 1176 882 verae

58 881 297 962 interpretationis,
318 903 404 963 quarn
423 880 512 956 attuli,
532 881 683 1016 purgandis
699 882 757 942 eius
775 884 901 944 tenebris
918 884 1175 962 sulficerevidetur,

57 981 94 1019 ne
113 959 177 1038 quid
193 970 284 1020 tamen
301 969 434 1020 moretur
451 957 514 1038 pios
544 968 662 1038 emeres,
681 958 789 1036 putidas
809 954 1036 1020 eius‘ealuuinias
1050 959 1176 1024 breviter

57 1035 163 1094 diluam.
199 1035 294 1099 Primo
319 1033 415 1115 fingit,
435 1035 553 1093 Petrum
570 1033 665 1110 vocari
683 1032 827 1094 Ecclesiae
844 1034 1064 1096 fundamentum.
1103 1037 1177 1112 Quis
1220 1097 1222 1103 ,

57 1123 144 1172 autem
163 1132 220 1172 non
237 1112 323 1186 videt,
347 1111 425 1190 quod
441 1108 576 1168 transfert
593 1095 768 1170 ad'hominis
786 1130 953 1188 personam,
973 1111 1008 1172 de
1028 1110 1105 1170 Petri
1122 1111 1177 1173 fide

58 1187 241 1249 in'Christum
256 1189 367 1248 dictum
388 1183 465 1246 esse?
488 1185 579 1258 Idem,
597 1183 698 1256 fateor,
716 1186 789 1266 apud
809 1183 936 1246 Graecos
954 1185 1177 1322 significantl'e-

57 1273 111 1324 trus
138 1275 166 1323 et
188 1265 288 1338 Petra,
318 1261 377 1322 nisi
401 1260 477 1341 quod
499 1260 577 1340 prius
599 1279 712 1342 nomen⁸
734 1261 849 1321 atticum
877 1273 934 1334 est,
966 1274 1084 1322 aterum
1106 1281 1178 1326 uero
1269 1301 1273 1306 ·
1319 1319 1324 1328 ,

52 1339 205 1416 commrmis
230 1339 361 1420 linguae,
384 1338 433 1398 sed
455 1339 524 1398 haec
542 1335 662 1396 varietas
681 1356 739 1395 non
758 1348 866 1398 temere
886 1359 901 1398 a
923 1339 1067 1400 Matthaeo
1085 1339 1178 1430 posita

59 1426 104 1488 est,
122 1417 188 1495 quin
206 1415 302 1496 potius
322 1413 453 1474 consulto
471 1421 608 1472 mutatum
626 1423 670 1473 est
688 1432 786 1494 genus,
805 1425 838 1474 ut
853 1414 993 1476 diversum
1010 1414 1114 1495 aliqurd
1128 1437 1177 1476 ex-

58 1491 201 1571 primeret:
216 1507 279 1552 'uec
298 1489 409 1564 dubito,
428 1487 495 1568 quin
511 1486 735 1550 tale‘discrimen
753 1487 894 1558 notaverit
908 1493 1035 1553 Christus
1054 1513 1104 1552 sua
1121 1491 1196 1556 lin-‚

59 1587 115 1647 gua.
155 1568 320 1628 Prudenter
338 1565 431 1645 itaque
449 1567 622 1648 Augustinus
640 1585 700 1626 non
718 1567 830 1640 Petram
846 1587 862 1628 a
880 1570 976 1642 Petro,
998 1569 1046 1630 sed
1059 1571 1177 1633 Petrmn

59 1662 73 1701 a
88 1645 170 1704 Petra
189 1643 245 1704 dici
264 1643 412 1720 admonet,
426 1641 498 1702 sicut
515 1640 655 1702 aChristo
673 1663 767 1704 sumus
786 1663 884 1705 omnes
897 1643 1058 1706 Christiani.
1082 1647 1176 1706 Porro

59 1737 91 1779 ne
112 1719 228 1802 longior
251 1719 320 1792 sim,
349 1741 434 1798 quum
456 1717 523 1784 illud
545 1716 625 1778 Pauli
648 1719 691 1796 (l.
712 1719 779 1780 Cor.
794 1722 836 1795 ·3,’
858 1720 923 1796 11.)
947 1721 1095 1782 internos
1120 1741 1176 1812 pro
1282 1751 1297 1767 ·

60 1807 132 1856 certo
159 1809 189 1858 et
213 1795 346 1856 consesso
369 1795 526 1856 habendum
545 1795 594 1872 sit,
623 1815 683 1855 non
706 1795 770 1866 alibi
789 1817 877 1878 posse·
892 1797 1003 1858 fundari
1021 1797 1176 1861 Ecclesiam

59 1891 134 1948 quam
152 1873 183 1948 in
194 1871 312 1934 Christo
331 1871 400 1945 solo,
423 1893 483 1933 non
501 1872 562 1934 sine
579 1872 711 1956 sacrilega
730 1872 898 1953 blasphemia
917 1873 1176 1938 aliudsundamen-

57 1957 113 2007 tum
135 1951 210 2030 Papa
233 1961 410 2010 commentus
435 1953 485 2010 est.
543 1950 582 2009 Et
602 1961 680 2010 certe
727 1961 880 2032 uantopere
903 1951 949 2012 vel
967 1971 1026 2012 amo
1044 1951 1100 2012 hoc
1119 1972 1176 2010 no-

58 2025 130 2085 mine
148 2025 327 2105 tyrannidem
347 2028 463 2106 Papatus
482 2025 612 2098 detestari
630 2047 684 2087 nos
703 1971 813 2099 deceat,
842 2025 924 2087 nullis
943 2025 1037 2088 verbis
1058 2029 1177 2108 exprimi
1215 2037 1232 2062 ¹
1265 2047 1270 2056 ‘

59 2101 121 2160 satis
143 2113 251 2181 potest,
281 2103 358 2181 quod
379 2103 410 2162 in
438 2102 496 2162 eius
514 2101 631 2188 gratiam
653 2101 791 2162 sublatum
809 2101 897 2163 luerit
915 2104 1056 2164 Ecclesiae
1075 2105 1176 2163 lunda·
1283 2120 1286 2128 '

58 2187 199 2252 mentum,
211 2189 244 2236 ut
263 2189 373 2257 apertus
392 2175 498 2238 inlerni
517 2197 621 2270 gurges
642 2177 756 2237 miseras
775 2177 880 2240 animas
899 2178 1063 2238 absorbeat,
1095 2179 1178 2240 Adde

59 2253 130 2330 quod
153 2275 217 2334 pars
235 2254 292 2314 rista
318 2253 418 2330 (sicuti
435 2254 512 2334 prius
531 2249 630 2334 attigi)
654 2253 781 2312 nondum
800 2255 834 2312 ad
851 2254 996 2346 publicum
1015 2252 1095 2314 Petri
1113 2251 1178 2312 offi-

59 2328 127 2389 cium
147 2341 271 2411 spectat,
290 2331 339 2390 sed
357 2341 465 2389 tantum
484 2330 560 2386 inter
572 2347 672 2387 sacros
691 2327 788 2406 templi
804 2327 908 2408 lapides
926 2349 998 2386 unus
1019 2349 1051 2387 ex
1069 2327 1179 2407 praeci-

57 2405 114 2484 puis
133 2406 205 2466 locis
224 2405 370 2465 illidatur.
420 2404 502 2478 Quae
523 2413 677 2482 sequuntur
697 2403 838 2477 encomia,
858 2404 892 2462 ad
910 2424 1012 2462 munus
1030 2401 1179 2484 Apostoli·

22 2477 23 2486 ¹
57 2502 115 2540 cum
134 2491 275 2572 spectant.
312 2481 398 2540 Unde
417 2478 554 2556 sequitur,
575 2475 643 2536 nihil
661 2477 749 2536 Petro
768 2477 835 2551 dici,
855 2479 932 2557 quod
950 2497 1010 2538 non
1029 2478 1179 2543 conveniat

23 2586 26 2595 ·
54 2557 167 2638 reliquas
188 2555 272 2615 etiarn
292 2555 420 2636 collegis:
444 2575 509 2610 narn
528 2554 552 2612 si
571 2551 724 2614 communis
745 2563 787 2616 est
806 2553 881 2616 inter
899 2550 973 2634 ipsos
995 2553 1177 2638 Apostolatus
1203 2603 1207 2618 .
1263 2575 1264 2578 ’

55 2633 197 2713 dignitas,
218 2646 367 2688 commune
387 2629 469 2688 etiam
487 2629 523 2688 sit
542 2640 669 2714 oportet,
694 2627 826 2708 quicquid
846 2630 872 2691 ci
891 2652 1029 2692 armenum
1049 2643 1097 2693 est.
1135 2637 1177 2694 At

56 2709 190 2770 Christus
213 2705 329 2766 Petrum
358 2727 446 2764 untun
473 2705 639 2764 nominatim
668 2703 830 2784 alloquitur:
864 2719 972 2788 ‘nempe
996 2709 1076 2770 sicuti
1103 2731 1176 2772 uuus

57 2786 182 2846 omnium
208 2782 325 2842 nominc
345 2781 486 2844 Christum
503 2781 651 2862 consessus
669 2781 760 2842 fuerat
778 2783 834 2863 Dei
854 2783 966 2858 Filium,
996 2786 1034 2846 ita
1053 2787 1175 2858 uicissim

56 2864 86 2922 ad
102 2884 194 2922 unum
214 2849 462 2942 dirigiturssermo,
482 2859 536 2938 qui
547 2869 642 2918 tamen
660 2880 800 2940 peraeque
818 2860 852 2920 ad
870 2859 938 2928 alios
977 2863 1089 2923 ertinet.
1112 2865 1175 2926 Nee

19 2937 20 2948 ¹
56 2960 119 2998 vero
144 2940 304 3019 spernenda
328 2945 371 2996 est
393 2934 451 3009 illa,
484 2955 555 3016 quae
579 2956 595 2994 a
624 2935 768 3016 Cypriano
793 2947 822 2998 et
843 2935 901 2998 aliis
924 2883 1069 2998 adducitur
1091 2939 1173 3012 ratio,

58 3014 197 3076 Christum
219 3013 250 3072 in
268 3011 349 3072 unius
368 3009 489 3092 persona
506 3011 654 3091 loquutum
673 3033 733 3074 esse
752 3013 892 3087 omnihus,
910 3025 943 3072 ut
955 3014 1096 3074 Ecclesiae
1110 3013 1178 3072 uni-
1190 3065 1203 3078 „
1281 3070 1285 3077 ,

19 3095 20 3104 ’
57 3099 137 3152 tatem
157 3091 378 3151 commendaret.
419 3085 577 3168 Excipiunt,
596 3088 654 3164 aliis
674 3088 804 3158 omnihus
821 3089 966 3170 praeferri,
987 3090 1033 3152 cni
1050 3091 1106 3155 hoe
1124 3111 1177 3170 pe..

58 3167 194 3228 culiariter
214 3168 307 3226 datum
326 3175 377 3226 est.
419 3163 485 3222 Hoc
504 3185 573 3242 vero
592 3165 710 3244 perinde
730 3177 781 3240 est,
793 3167 862 3226 acsi
881 3167 969 3254 magis
988 3165 1073 3227 fuisse
1093 3167 1175 3248 Apo-
1252 3177 1254 3187 ⁴

57 3243 153 3304 stolum
172 3243 389 3315 contenderent,
407 3261 488 3320 quam
507 3247 572 3300 suos
592 3239 723 3322 collegas:
743 3249 837 3322 neque
856 3242 943 3302 eniml
952 3261 967 3300 a
980 3241 1101 3303 docendi
1110 3263 1175 3304 mu-

57 3339 121 3382 nere
148 3333 178 3382 et
203 3318 372 3454 Apostolatu
395 3339 424 3378 m
462 3318 483 3376 's
507 3315 707 3456 avelliCpotest
723 3316 827 3400 ligandi
848 3331 878 3378 et
895 3318 1022 3378 solvendi
1040 3331 1180 3400 potestas,-

57 3415 134 3472 quam
157 3418 173 3458 a
198 3417 258 3456 soe
281 3394 357 3456 calor
378 3393 425 3456 vel
455 3413 548 3454 umen,
618 3405 743 3454 aeterum
763 3407 794 3454 ut
810 3395 921 3469 demus,
947 3395 1034 3458 Petro
1055 3417 1175 3462 conces·

56 3471 194 3554 sumplus
220 3465 320 3552 aliquid
339 3471 423 3533 fuisse
443 3491 527 3552 qnam
549 3469 676 3550 reliquis,
699 3482 732 3530 nt
750 3470 825 3530 inter
843 3469 995 3550 Apostolos
1016 3471 1172 3552 excelleret

57 3547 135 3610 stulte
160 3561 257 3609 tamen
280 3547 407 3606 inferunt
425 3547 566 3626 Papistae,
591 3547 686 3606 datum
706 3545 745 3606 illi
765 3545 848 3606 luisse
867 3547 1037 3626 primatum,
1055 3562 1088 3608 ut
1107 3553 1173 3612 uni.

56 3619 155 3686 versale
175 3637 254 3686 esset
270 3623 357 3684 totius
376 3622 516 3687 Ecclesiae
536 3635 626 3702 caput.
655 3624 730 3682 Nam
750 3633 779 3682 et
797 3611 870 3682 aliod
891 3633 932 3682 est
949 3623 1068 3703 dignitas
1090 3649 1174 3706 quam

18 3753 19 3758 ,
55 3693 88 3756 im
108 3703 212 3776 crime,
233 3711 262 3762 et
281 3699 353 3760 aliud
370 3699 445 3760 inter
463 3718 566 3780 paucos
584 3717 692 3758 smnmo
711 3698 828 3758 honoris
848 3699 935 3780 gradu
974 3701 1069 3775 ollcrc,
1089 3724 1173 3780 quam

55 3721 106 3834 ruti
119 3776 199 3838 ulnas
224 3798 284 3838 suas
306 3775 438 3857 colligere
456 3786 548 3834 totum
569 3773 677 3834 orbem.
721 3777 758 3834 Et
776 3794 843 3833 sanc
863 3797 922 3834 non
941 3721 1002 3856 plus
1021 3777 1060 3836 illi
1078 3777 1173 3838 oneris

54 3846 184 3943 imposuit
204 3853 342 3925 Christus,
365 3873 447 3930 (pram
466 3850 547 3912 obire
564 3862 669 3928 posset.
709 3849 829 3910 Iuhctur
845 3851 937 3932 regui·
949 3851 1093 3911 coelorum
1114 3871 1173 3912 esse

55 3922 161 4005 ianitor,
182 3930 294 3990 iubetur
312 3928 425 4009 ligando
445 3940 474 3986 et
493 3924 629 3986 solvendo
647 3925 808 4004 dispensare
826 3928 883 3988 Dei
901 3928 1031 4010 gratiam,
1056 3925 1174 4004 eiusque

54 3998 181 4066 iudicium
204 4005 234 4066 in
257 4017 333 4066 tenra
353 4005 477 4083 exsequi:
508 4003 611 4082 nempe
630 4013 765 4080 quatenus
784 4025 815 4064 se
834 4003 959 4064 extendit
977 4000 1100 4068 mortalis
1120 4003 1183 4068 ho-‚

55 4079 131 4141 minis
153 4082 277 4142 facultas.
334 4079 412 4160 Ergo
440 4077 570 4158 quicquid
595 4078 621 4142 ei
642 4079 735 4138 datum
756 4091 812 4152 est,
836 4079 870 4138 ad
891 4097 1049 4137 mensuram
1068 4075 1173 4168 gratiae

53 4158 220 4242 restringere
248 4155 396 4230 convenit,
430 4177 483 4236 qua
510 4157 628 4214 donatus
654 4161 696 4214 cst
723 4154 753 4213 in
777 4154 918 4214 Ecclesiae
942 4149 1170 4209 aedificationem.
1212 4155 1219 4170 '

53 4227 92 4291 lta
115 4235 239 4296 concidit
265 4233 430 4302 immensum
453 4229 520 4290 illud
538 4227 700 4310 imperium,
727 4231 804 4308 quod
821 4229 860 4316 illi
881 4231 1016 4350 arrogant
1033 4220 1183 4312 Papistae,¹
1230 4231 1236 4254 '

52 4305 156 4370 Verum
173 4323 214 4382 ut*
225 4312 357 4374 chetro
375 4307 445 4370 nihil
467 4307 504 4370 sit
522 4306 732 4369 controversiae
752 4303 882 4370 anthus,
901 4298 960 4354 mhi
988 4304 1086 4354 tamen
1104 4298 1172 4357 rude
1310 4361 1312 4367 ,

23 4394 29 4417 a
735 4387 738 4396 ¹
1215 4409 1217 4412 .
1287 4401 1292 4412 .

809 4452 962 4561 ,ι’
