2804 4762
914 173 918 185 ἱ
1018 138 1026 172 l

307 289 309 294 ¹
391 297 473 374 (162
511 297 558 390 lle
577 295 711 382 operariis
733 295 889 375 issima)
1141 267 1143 274 ’
1181 303 1236 366 ῙἩ

54 433 208 510 ''flumet
226 447 364 530 inmensa
382 447 523 510 bonorum
541 449 632 530 copia.
671 423 741 526 Quo
764 471 848 512 seusu
871 449 993 512 additam
1011 471 1026 512 a
1046 450 1084 512 ud
1107 452 1235 516 Marcum
1274 437 1300 526 ⁴¹
1391 515 1397 533 A

88 526 279 606 interpretor
302 526 374 588 hanc
395 547 510 602 vocem,
534 547 601 586 oum
621 531 912 608 persequutionibus,
935 527 991 590 acsi
1043 527 1128 589 sisset
1149 528 1235 590 Chri-

90 613 176 662 stus:
207 603 332 693 quamuis
356 602 417 684 pios
440 623 551 683 semper
578 603 607 662 in
629 603 684 663 hoc
708 604 815 666 mundo
858 603 1070 686 ersequotioues
1093 619 1235 682 maneant,

92 690 128 738 ct
149 698 236 758 quasa·
252 697 351 740 eorum
368 689 412 739 ter
432 697 450 738 o
471 699 538 739 crux
557 679 719 756 adhaereat,
742 691 799 741 tam
845 681 908 743 olee
929 691 1025 742 umen
1051 699 1111 742 esse
1135 683 1235 744 condi-

91 765 234 814 mentum
252 755 356 837 gratiae
375 755 440 829 Der,
459 775 531 835 quae
548 755 625 837 ipsos
644 756 787 835 exhilarat,
804 769 837 820 ut
857 757 969 819 illos-mn
988 757 1115 818 cdnditio
1133 777 1235 841 regum

27 834 32 844 ’
94 829 211 891 deliciis
232 829 445 911 optabilior'm‘t.
827 853 831 860 ·
1145 878 1148 895 .

113 981 115 986 ¹
180 908 227 968 30.
264 909 472 967 Mattianum
510 909 588 966 rimi.
626 907 775 971 Sententia
793 908 861 970 baec
879 909 913 970 ad
933 909 1124 972 samticndam
1144 911 1235 975 caruis

95 981 253 1065 segnitiem
272 983 363 1044 addita
381 983 445 1044 luit.
484 930 544 1042 iam
563 982 598 1042 ad
613 984 773 1118 ffraemium
792 983 936 1066 Apostoli,
959 1005 1045 1065 qumn
1063 986 1109 1047 vix
1131 1007 1147 1048 e
1172 1009 1235 1050 car-

97 1057 215 1120 ceribus
234 1059 339 1142 egressi
358 1060 469 1133 iorem,
492 1079 612 1140 propera
633 1071 689 1118 ant.
735 1063 832 1142 Atque
850 1058 986 1121 hortere
1006 1059 1122 1142 ingenio
1141 1081 1235 1126 smnus

99 1154 219 1210 omnes,
245 1145 394 1198 otmense
413 1145 557 1196 trausacto
576 1146 718 1215 petamus,
744 1143 878 1216 tauquam
897 1134 1008 1198 emeriti
1025 1135 1138 1212 milites,
1164 1141 1236 1200 rude
1302 1171 1309 1187 =

96 1210 211 1271 donari.
236 1209 375 1272 ‘Christus
394 1223 488 1271 autem
507 1229 567 1284 cos,
584 1210 634 1290 q'ui¹
651 1210 726 1269 bene
745 1215 910 1292 coeperunt,
927 1212 963 1274 ad
980 1220 1095 1272 suenus
1113 1233 1236 1298 pergen-

97 1287 327 1372 dumhoftator,
351 1285 490 1366 simulque
509 1286 654 1361 admouet,
673 1285 743 1346 nihil
760 1285 941 1372 profuturum
960 1285 1121 1349 cursoribus
1138 1287 1237 1350 alacri-

81 1374 147 1423 ‘tcr
164 1363 310 1445 coepisse,
333 1363 357 1424 si
376 1365 406 1423 in
424 1361 519 1422 medio
539 1361 627 1423 stadio
647 1361 785 1422 deficiant.
823 1363 911 1424 Sicuti
930 1375 960 1424 et
975 1363 1076 1426 Paulus
1094 1364 1238 1440 admouet,
1273 1392 1276 1408 =

96 1459 162 1514 non
181 1458 292 1515 omnes,
312 1437 360 1518 qui
380 1442 505 1511 currunt,
523 1436 613 1518 palma
630 1437 718 1519 potiri
738 1439 777 1515 (Ι.
792 1437 863 1500 Cor.
880 1443 908 1516 9,
927 1438 999 1516 11.).
1027 1441 1066 1500 Et
1083 1440 1148 1502 alibi
1166 1441 1237 1502 fide-

96 1513 142 1577 les
162 1515 294 1576 bortatur
312 1535 364 1574 suo
384 1513 524 1594 exemplo,
544 1525 576 1574 ut
595 1533 695 1575 eorum
732 1535 783 1575 uae
801 1535 818 1576 a
835 1527 880 1576 ter
900 1537 919 1578 o
936 1527 1002 1579 suut
1019 1515 1113 1592 obliti,
1136 1518 1171 1578 ad
1189 1539 1237 1577 re-

94 1591 211 1651 siduam
230 1611 326 1651 cursus
343 1585 388 1650 'sui
407 1601 515 1674 partem
535 1589 662 1651 nitantur
681 1536 767 1665 (elit
785 1594 814 1668 3,
833 1535 906 1671 lcii.
946 1591 1162 1678 Quotiescrgo
1181 1614 1238 1654 no·

98 1666 147 1726 bis
166 1666 197 1724 in
216 1676 341 1728 mentem
360 1666 440 1728 veuit
458 1665 587 1729 coelestis
608 1662 722 1744 colona,
742 1668 819 1749 quasi
837 1669 920 1734 novis
940 1668 1057 1733 stimulis
1075 1671 1165 1755 puugi
1182 1678 1237 1755 uos

101 1741 202 1822 decet,
223 1755 261 1804 nc
279 1742 474 1825 inposterum
492 1742 665 1806 remissiores
684 1767 779 1806 simus.
813 1769 815 1775 ⁸

90 1993 123 2077 ‘l
188 2051 293 2136 (loa.)
342 2045 514 2121 MATTH.
535 2053 602 2118 XX.
620 2053 681 2119 ’.1.
711 2047 795 2120 Nam
817 2051 921 2121 simile
942 2062 992 2120 est
1009 2073 1140 2142 regnum
1162 2063 1238 2120 coe-

4 2127 16 2213 l.
101 2151 210 2218 lorum
230 2155 358 2226 ,homini
386 2153 620 2243 patrifamilias,
650 2156 706 2243 qui
735 2159 808 2222 exiit
833 2159 937 2244 primo
964 2159 1066 2223 statim
1094 2155 1237 2222 diluculo

103 2254 146 2322 ad
169 2257 400 2326 conducendos
423 2257 588 2346 operarios
610 2257 792 2322 invincem
815 2279 914 2324 suam.
934 2258 987 2322 ·2.
1010 2259 1240 2326 Consentione

48 2413 50 2420 ,
103 2367 208 2424 autem
229 2357 310 2427 iacta
332 2381 404 2426 oum
423 2360 577 2448 operariis
599 2357 633 2420 in
657 2358 801 2449 singulos
823 2357 892 2425 dies
914 2354 1058 2440 denario,
1079 2361 1163 2423 misit
1183 2379 1239 2422 eos

102 2461 140 2525 in
159 2464 285 2537 vineam
306 2483 406 2548 suam.
450 2459 481 2526 3.
501 2459 544 2522 Et
566 2478 713 2542 egressus
736 2461 861 2525 circiter
882 2460 995 2524 horam
1015 2461 1140 2526 tertiam
1161 2457 1242 2526 vidit

104 2561 189 2628 alios
211 2572 328 2628 stantes
349 2565 385 2640 io
401 2561 477 2626 foro
500 2559 634 2626 otiosos.
678 2560 708 2626 t.
737 2562 779 2628 Et
800 2561 879 2628 dixit
899 2560 982 2640 illis,
1008 2563 1053 2628 ite
1074 2571 1105 2630 et
1124 2583 1185 2630 vos
1205 2563 1241 2630 in

104 2665 243 2750 vineam:
265 2673 297 2730 et
317 2661 536 2752 quodcunque
550 2651 675 2726 'iustum
695 2660 791 2730 luerit
813 2661 900 2730 dabo
921 2662 1026 2732 vobis.
1058 2666 1090 2733 ὅ.
1111 2661 1162 2732 llli
1183 2687 1242 2732 au·
1267 2748 1269 2753 y

105 2775 170 2834 tem
192 2765 348 2834 abierunt.
402 2755 544 2836 Rursum
566 2772 671 2830 aulem
694 2768 768 2833 exiit
789 2768 914 2846 circiter
934 2767 1047 2835 horam
1068 2781 1188 2836 sextam
1209 2775 1242 2835 ot
1345 2785 1349 2799 ’

105 2891 240 2951 nouam,
263 2879 295 2936 et
315 2868 391 2936 iecit
411 2867 563 2934 steriliter.
605 2867 637 2934 6.
661 2865 759 2942 Circa
778 2869 980 2936 'undecimam
1000 2893 1079 2940 vero
1101 2875 1188 2952 exiit,
1210 2879 1243 2938 et

108 2975 233 3040 invenit
254 2971 336 3040 alios
359 2980 477 3037 stanles
500 2973 637 3048 otiosos,
660 2993 698 3036 ao
720 2971 796 3038 dicit
816 2973 894 3053 illis,
916 2972 988 3043 Cur
1007 2975 1061 3040 hio
1081 2977 1172 3040 statis
1192 2981 1252 3038 toae

105 3087 173 3144 tum
200 3063 284 3144 diem
316 3077 430 3142 otiosi?
483 3075 513 3142 7.
529 3067 665 3152 Dicunt
692 3076 736 3155 ei,
767 3063 842 3162 oola
867 3063 962 3142 nemo
978 3061 1052 3160 'uos
1080 3074 1241 3142 conduxit.
1272 3141 1274 3150 ,

107 3179 194 3246 Dicit
215 3177 298 3254 illis,
324 3175 421 3244 Abire
447 3186 479 3242 ct
504 3197 565 3244 voa
578 3191 579 3194 ’
592 3179 627 3242 iu
654 3178 797 3256 vineam,
826 3190 858 3245 et
884 3177 975 3266 quod
1000 3181 1118 3255 iustum
1143 3178 1241 3244 fuerit

109 3263 277 3370 incipietis.
308 3281 339 3373 ⁸<
363 3279 474 3368 Quum
498 3288 601 3344 autem
622 3279 758 3367 uespera
779 3281 860 3356 facta
882 3289 973 3360 esset,
995 3277 1071 3347 dicit
1093 3279 1243 3348 dominus

52 3465 55 3474 Ι
109 3385 218 3453 vineae
240 3403 422 3464 oeconomo
445 3403 525 3461 suo,
547 3383 640 3462 Voca
663 3385 842 3470 operarios,
864 3394 896 3450 et
916 3381 1016 3450 redde
1038 3383 1103 3450 illis
1124 3405 1245 3452 merce·

111 3483 197 3565 dom,
224 3487 380 3574 insipieus
408 3508 427 3551 a
453 3487 623 3576 postremis
650 3485 822 3572 usquead
849 3490 980 3574 primos.
1022 3488 1054 3556 9.
1080 3488 1123 3556 Et
1144 3487 1244 3578 quum

110 3590 281 3668 venmseut,
307 3591 369 3678 qtai
388 3589 474 3680 circa
500 3585 700 3674 undecimam
723 3589 1022 3672 horaru'renerant,
1048 3597 1243 3686 acceperuut

112 3689 226 3777 singuli
248 3689 422 3780 deuarium.
475 3691 527 3757 10.
557 3691 729 3779 Verrieutes
751 3704 856 3764 autem
878 3693 971 3780 primi
993 3693 1138 3762 arbitrati
1159 3697 1243 3776 suut,

114 3789 200 3877 quod
221 3789 295 3878 plus
318 3803 426 3860 essent
447 3797 616 3884 accepturi,
638 3805 672 3860 et
690 3805 887 3884 acceperunt
907 3797 970 3884 ipsi
992 3815 1123 3886 quoque
1145 3791 1244 3858 dena·
1277 3835 1280 3844 ·

114 3895 202 3962 riusn.
227 3895 298 3961 11.
327 3893 379 3961 Eo
406 3901 510 3983 tutem
536 3891 682 3990 accepto,
710 3897 949 3976 murmurabant
973 3912 1085 3966 contra
1107 3895 1244 3984 psaltem⁴

116 3993 260 4076 familias,
305 3997 356 4064 12.
377 3997 539 4079 Dicentes;
561 4001 604 4088 ῌί
618 4003 791 4067 ‘novissimi
813 4023 907 4088 uuam
928 4001 1040 4085 horam
1061 3999 1190 4066 luerunt
1209 3998 1244 4062 iu

117 4120 224 4190 opere,
255 4107 287 4166 et
315 4099 392 4166 illos
420 4121 514 4192 pares
540 4102 638 4171 nobis
664 4104 781 4190 iecisti,
798 4108 866 4190 .qui
890 4107 1088 4192 portavimus
1105 4097 1261 4188 (pondus

120 4202 178 4271 diei
211 4201 399 4295 et'aeslum.
426 4205 430 4219 ’
455 4203 507 4270 13.
534 4207 575 4296 At
602 4201 657 4271 ille
688 4206 889 4295 respondens
917 4195 976 4268 uni
1004 4223 1128 4282 eorum,
1157 4197 1243 4280 dixit,

118 4308 230 4399 dulce,
251 4325 320 4372 non
341 4307 425 4374 lacio
447 4307 507 4374 tibi
528 4303 691 4398 iniuriam:
720 4330 830 4376 nonne
851 4293 984 4400 denario
1001 4311 1112 4390 paetus
1127 4325 1161 4372 es
1177 4323 1244 4370 me-

4 4423 10 4438 ·
54 4412 62 4428 ’
121 4414 203 4506 eonii
246 4400 297 4504 14.
327 4411 426 4508 Tollo
452 4409 543 4502 quod¹
569 4421 659 4500 tuum
685 4420 749 4487 est,
778 4419 809 4471 et
836 4405 903 4490 abir
935 4403 1019 4469 volo*
1038 4413 1143 4472 autom
1168 4407 1244 4481 hoio
