2796 4774
417 163 551 238 (ns.
587 146 635 224 n'e
661 165 716 225 sm
740 165 853 240 seen.)
1126 117 1129 124 ’
1171 173 1210 236 sr

87 314 196 395 pitinm:
224 313 258 374 in
280 328 340 396 quo
363 313 465 396 duplex
488 328 533 377 est
552 316 640 408 calpa.
678 319 752 378 Nam
775 319 885 398 quotim
913 317 1034 400 aliquem
1053 321 1133 382 Dens
1156 322 1210 384 sn

87 389 172 452 oeulis
191 390 300 452 nostris
318 391 439 474 castigat,
456 391 492 452 de
507 393 619 455 indiciis
637 395 694 454 suia
717 415 769 455 nos
788 395 933 470 hona,
953 407 986 456 nt
1005 397 1059 458 aei
1092 419 1125 460 os
1144 417 1210 460 exa-

85 468 191 545 minare
210 467 319 529 discant
334 469 449 552 singuli,
470 481 498 530 et
517 471 582 552 quid
654 472 751 534 meriti
769 471 823 532 siat
841 473 1011 554 expendere.
1052 419 1141 550 guod
1158 496 1210 536 au-

84 556 142 604 tem
166 544 253 605 nobis
279 546 314 606 ad
336 559 443 626 tempus
469 547 576 627 parcit,
618 567 651 608 ac
669 547 845 630 benignitate
872 561 901 609 et
923 549 1071 611 clematis
1093 571 1149 612 naa
1174 551 1209 614 td

83 621 288 700 poenitentiam
306 621 414 684 inritat:
434 634 543 683 tantum
562 624 655 700 abest,
671 637 708 684 -ut
726 625 809 686 nobis
828 625 938 686 occasio
953 627 1129 688 resedebant
1146 639 1209 689 tor·

83 698 170 776 poris.
210 699 287 781 Ergo
306 711 337 758 ut
355 720 472 779 mavum
490 700 558 760 illud
576 699 769 778 iudicium,·in
788 724 846 782 quo
865 702 973 764 mheria
992 715 1022 766 et
1041 704 1208 776 calamitosis

83 773 206 833 solemus
231 795 290 836 esse
315 767 581 860 inimici,'eorrigat
601 777 741 854 Christus,
771 790 800 839 et
823 778 904 838 simul
930 800 997 859 quas
1015 781 1132 862 quisque
1157 781 1210 842 tibi
1233 845 1236 852 ,

82 849 150 909 facit
168 849 278 911 delicias
305 851 439 927 excutiat,
458 853 549 934 primo
569 855 666 928 docet,
690 876 749 915 non
773 857 898 915 omnium
922 875 980 918 esse
1004 857 1138 937 pessimos
1161 856 1236 938 quit

82 945 147 1004 prae
172 924 231 986 aliis
251 928 361 990 duriter
384 939 553 990 tenetentum
578 931 645 1010 quia
659 933 738 992 Deus
761 931 861 992 iudicia
886 953 947 1007 sua,
1013 935 1143 994 emaum
1168 946 1211 994 est

83 999 179 1062 ordine
200 1015 228 1062 et
247 1005 348 1078 modo,
367 1005 406 1066 sie
427 1016 553 1082 exercet,
573 1019 605 1066 ut
624 1007 669 1067 alii
687 1007 780 1068 statim
799 1007 941 1086 rapiantur
960 1029 975 1068 a
1010 1030 1144 1088 poenam,
1158 1009 1211 1072 ,alii

81 1079 109 1136 in
132 1075 195 1138 otio'
220 1093 249 1140 et
277 1079 383 1141 deliciis
409 1075 642 1160 diuquieseant„
679 1083 792 1143 Deinde
815 1083 993 1161 pronuntiat,
1018 1097 1157 1165 quotquot
1180 1085 1210 1146 in

81 1157 335 1217 mnndo¹aecidnnt
354 1158 536 1232 calamitates,
557 1159 675 1220 totidem
696 1179 757 1219 esse
781 1157 838 1217 irae
857 1159 914 1218 Dei
938 1159 1109 1220 testimonia:
1134 1162 1210 1222 ende
1235 1197 1237 1210 ·

82 1231 355 1314 colligimus„qnale
375 1235 490 1294 exitium
509 1255 561 1296 nos
581 1247 693 1297 maneat
711 1235 764 1294 nisi
783 1245 997 1298 antevertamus.
1034 1237 1128 1296 Porro
1147 1237 1212 1298 inde

83 1309 281 1370 exhortationis
301 1321 367 1369 nata
388 1323 431 1371 est
450 1312 575 1386 occasio,
596 1312 674 1390 quod
694 1309 852 1371 retulerunt
869 1311 989 1392 quidam,
1008 1310 1129 1373 Pilatum
1148 1335 1213 1376 san-

81 1385 192 1466 guinem
211 1386 369 1446 humanum
389 1409 455 1448 eum
473 1385 613 1448 sacrificiis
632 1387 790 1465 miscuisse,
809 1399 841 1447 ut
858 1387 966 1450 scilicet
979 1382 1028 1449 tali
1041 1389 1149 1472 flagitio
1169 1411 1213 1451 sa-

80 1461 179 1523 crificia
198 1462 229 1522 in
250 1463 468 1523 detestationem
493 1466 631 1526 venirent.
672 1464 749 1540 Quia
771 1476 866 1526 autem
889 1465 1039 1526 verisimile
1062 1478 1120 1541 est,
1143 1481 1238 1552 pro-t

81 1538 160 1598 brnm
178 1538 236 1601 hoc
257 1539 443 1619 Samaritanis
459 1538 565 1620 illatum
584 1563 660 1618 esse,
678 1543 725 1620 qui
747 1563 763 1604 a
782 1563 855 1621 puro
875 1542 960 1624 Legis
985 1541 1062 1603 cultu
1087 1544 1213 1606 descive-

82 1627 154 1690 rant,
177 1612 262 1677 facile
289 1609 507 1696 ae'pro'mptum
532 1615 642 1678 ludaeis
666 1617 732 1693 luit,
763 1619 954 1680 samaritanos
976 1619 1132 1682 damnando
1159 1617 1237 1686 sibi<

82 1691 143 1770 ipsis
181 1692 314 1754 laudere:
333 1692 382 1752 sed
397 1694 535 1755 Dominus
557 1694 611 1754 alio
633 1715 682 1755 eos
702 1695 853 1755 convertit.
892 1697 964 1756 Nam
975 1695 1039 1776 quia
1057 1696 1109 1757 illis
1129 1715 1214 1757 exosa

83 1780 111 1827 et
127 1713 239 1831 inlinis
262 1781 324 1830 crat
339 1770 427 1830 totins
466 1773 537 1830 entis
557 1771 698 1852 impietas,
717 1772 828 1852 quaerit
846 1793 882 1832 an
893 1783 995 1862 pptent
1010 1773 1126 1834 miseros
1139 1772 1212 1846 illos,

83 1845 126 1924 qni
145 1848 233 1908 occisi
254 1847 370 1908 lucrant
389 1869 405 1908 a
424 1791 529 1922 Pisto,
548 1847 632 1912 luisse
650 1847 708 1910 aliis
726 1849 852 1929 peiores:
872 1861 929 1910 ten
948 1849 1073 1925 dixisset,
1093 1849 1213 1912 Mimine

84 1934 156 1983 certe
175 1945 228 1985 vos
248 1923 326 1997 latet,
347 1935 449 1983 terram
470 1923 543 1984 illam
561 1923 652 2006 impiis
672 1923 806 1990 refertam
829 1946 897 2000 esse,
918 1939 946 1986 et
965 1926 1078 2001 multos,
1098 1925 1146 2006 qni
1165 1945 1213 1985 ea-

84 1999 143 2058 dem
162 2021 259 2080 poena
284 1999 362 2080 digni
385 1999 514 2076 fuissent,
539 2002 628 2062 adhuc
651 2009 767 2086 manerq
795 2001 966 2082 superstites.
1006 2003 1118 2065 (locens
1142 2019 1213 2084 ergo

84 2095 113 2134 ae
132 2098 236 2155 pravus
256 2077 361 2136 arbiter
380 2089 436 2151 est,
457 2078 503 2157 qni
523 2079 649 2138 omniurn
668 2091 785 2158 peecata
804 2077 932 2140 aestimat
949 2099 985 2138 ex
1003 2079 1105 2160 poenis
1128 2098 1212 2159 prae-

83 2154 216 2232 sentibus.
256 2155 357 2233 Neque
377 2153 452 2214 enim
476 2165 508 2213 ut
532 2153 650 2236 quisque
673 2155 799 2216 deterior
823 2167 878 2230 est,
905 2155 942 2216 ita
980 2155 1065 2216 rimus
1089 2155 1123 2214 ad
1143 2175 1213 2235 poe-

84 2249 144 2288 nam
164 2231 299 2306 trahitur,
320 2229 367 2290 sed
387 2251 472 2310 quum
491 2251 593 2310 paucos
615 2252 648 2292 ex
667 2231 761 2292 multis
781 2231 939 2310 puniendos
993 2254 1040 2291 eus
1062 2229 1158 2312 eligit,
1182 2231 1213 2288 in

86 2325 182 2366 eorum
201 2325 324 2387 persona
343 2305 455 2386 reliquis
475 2307 634 2378 denuntiat,
656 2328 685 2366 se
703 2309 767 2367 fore
787 2305 923 2379 ultorem,
947 2319 979 2366 ut
999 2327 1098 2367 omnes
1122 2317 1214 2364 terre-

83 2393 170 2444 antur.
218 2385 371 2462 Poetqnam
395 2394 489 2442 autem
519 2383 556 2441 de
578 2382 758 2441 Samaritanis
783 2380 918 2460 loquutus
943 2393 1001 2456 est,
1031 2381 1152 2459 propius
1179 2381 1214 2440 ad

82 2459 201 2522 ludaeos
214 2459 290 2540 ipsos
310 2457 426 2523 aceedit.
465 2457 539 2525 Nam
559 2478 645 2534 quum
658 2456 709 2516 illis
726 2453 824 2514 diebus
836 2455 994 2514 octodecim
1010 2455 1139 2525 homines
1153 2467 1233 2527 tun,
1314 2521 1327 2536 ο

84 2535 118 2592 ris
138 2535 223 2593 ruina
242 2533 456 2608 Hierosolymae
468 2531 596 2620 oppressi
615 2543 714 2606 essent,
736 2542 822 2610 negat
837 2551 886 2590 cos
901 2529 985 2592 luisse
998 2529 1214 2608 scelestissimos,

82 2611 130 2668 sed
151 2609 181 2666 in
204 2629 303 2668 eorum
324 2607 401 2666 clade
416 2605 546 2664 omnibus
561 2608 732 2685 propositam
749 2605 834 2669 luisse
845 2607 986 2668 materiam
1001 2609 1130 2669 terroris:
1149 2609 1214 2690 quia

84 2685 105 2744 si
129 2685 160 2744 in
180 2683 235 2743 illis
254 2681 347 2746 indicii
366 2660 412 2742 sui
426 2681 568 2762 specimen
588 2683 674 2744 edidit
691 2685 783 2760 Deus,
803 2683 891 2743 nihilo
910 2684 954 2744 alii
973 2687 1074 2768 magis,
1093 2685 1161 2746 lieet
1178 2687 1214 2746 ad

83 2771 195 2842 tempus
214 2759 379 2832 tolerentur,
394 2757 453 2821 eius
469 2781 580 2820 manum
597 2759 744 2842 effugient
772 2765 840 2822 Non
875 2761 987 2822 rohibet
1001 2762 1113 2856 quidem
1123 2761 1213 2822 Chri-

84 2848 154 2912 stus,
181 2837 251 2917 quin
270 2836 372 2898 attenti
390 2834 447 2897 sint
468 2835 561 2898 fideles
580 2839 615 2896 ad
634 2839 833 2900 consideranda
853 2783 907 2898 hei
928 2839 1043 2915 indicta,
1069 2839 1118 2899 sed
1138 2839 1213 2900 hune

85 2913 217 2974 ordinem'
233 2913 385 2974 tenendum
405 2913 575 2993 praescribit,
596 2926 628 2974 ut
643 2935 659 2973 a
672 2916 728 2976 suis
743 2915 864 2995 peccatis
878 2915 1021 2996 incipiant.
1059 2916 1132 2974 Nam
1146 2913 1213 2976 hine

87 3003 220 3070 sequetur
243 2989 367 3070 optimus
381 2989 552 3070 proiectus,
580 3003 614 3050 ut
639 2992 819 3070 praeveniant
841 2991 950 3072 llagella
976 2992 1031 3052 Dei
1054 2989 1214 3051 voluntaria

105 3066 267 3128 oenitentia.
308 3065 376 3140 Quo
396 3067 479 3128 etiam
500 3067 592 3126 tendit
612 3067 657 3126 illa
675 3067 754 3128 Pauli
772 3069 937 3141 admonitio,
954 3069 999 3127 Ne
1018 3066 1141 3148 quisvos
1162 3064 1214 3124 sal-

86 3086 125 3276 lat
143 3143 276 3280 ingnihbug
290 3141 396 3280 vigebis:
415 3164 481 3202 narn
499 3155 618 3222 propter
637 3143 705 3204 haec
724 3143 803 3206 venit
820 3144 862 3204 ira
885 3143 941 3204 Dei
964 3143 1097 3204 adversus
1119 3141 1214 3204 rebel·

99 3240 126 3279 es
335 3261 372 3278 ..

146 3221 209 3358 (sp
228 3217 401 3354 Dichbntlct
422 3295 500 3354 banc
518 3296 750 3356 similitudinem.
789 3296 905 3356 Stimma
925 3294 980 3354 hnc
998 3277 1087 3374 redit,
1108 3293 1225 3356 multos*

89 3372 120 3430 ad
142 3383 263 3452 tempus·
283 3369 410 3444 tolerari,
435 3371 483 3448 qui
506 3371 584 3452 digni
611 3383 705 3432 essent
726 3371 852 3432 excidio:
869 3371 939 3430 nihil
957 3382 1053 3430 tamen
1073 3391 1105 3432 es
1133 3391 1213 3432 mora

90 3445 258 3519 lucrifacere,
277 3446 301 3506 si
319 3446 349 3505 in
369 3448 547 3508 contumacia
566 3469 613 3506 sna
633 3459 762 3530 pergant.
801 3449 873 3508 Nam
896 3449 960 3508 hine
977 3463 1062 3528 prava
1082 3447 1213 3522 adulatio,

91 3542 140 3599 qua
158 3543 188 3584 se
206 3523 339 3584 indurant
358 3521 522 3603 hypocritae
542 3535 573 3583 ct
592 3522 790 3584 obstinatiores
809 3525 980 3599 redduntur,
1041 3524 1066 3584 ia
1080 3525 1150 3586 mala
1164 3543 1214 3586 sua

91 3597 138 3657 nisi
156 3600 247 3659 coacti
267 3620 327 3660 non
346 3611 494 3678 reputant,
513 3599 652 3679 ideoque,
679 3601 821 3680 nantisper
841 3601 978 3662 connivet
1026 3623 1074 3662 eus
1094 3623 1155 3663 suas
1176 3619 1213 3660 ue

92 3675 292 3757 castigationes·
313 3680 357 3736 sris
379 3674 471 3751 eadit,
496 3674 549 3736 sibi
572 3695 636 3736 cum
660 3623 801 3744 illabens
826 3677 981 3738 convenire
1007 3677 1128 3760 fingunt.
1156 3623 1213 3736 lta

91 3754 208 3819 securius
226 3747 279 3810 sibi
298 3751 345 3812 ind
375 3763 453 3893 ἔξω,
473 3751 549 3828 quasi
566 3764 677 3889 paetum
695 3751 815 3813 habeant
834 3773 898 3814 cum
918 3764 1011 3814 morte
1030 3767 1102 3815 etse
1124 3751 1214 3824 ulcro,
1275 3759 1279 3768 '

92 3900 228 3964 invehitur
243 3904 282 3964 ad
298 3828 529 3965 nomandslda'l
544 3906 578 3980 2,
597 3908 641 3978 t,
658 3905 723 3986 quia
739 3906 811 3966 iram
824 3905 879 3966 Dei
900 3905 959 3969 sihi.
973 3901 1148 3990 accumulant
1166 3920 1213 3960 us·
1238 3927 1245 3974 p

92 3997 140 4054 que
155 3981 193 4040 ad
212 3980 290 4038 diem
304 3992 470 4041 extremum.
497 3923 722 4056 beimnsantem,
737 3981 854 4042 arbores
866 3981 1008 4068 interdum
1025 3997 1137 4069 sepiant
1153 3994 1212 4034 ¹¹⁰¹¹

93 4057 160 4129 quod
180 4053 268 4116 utiles.
286 4063 397 4136 semper
420 4055 541 4118 dominis
564 4057 670 4118 luerint
693 4079 725 4116 ae
738 4059 923 4131 fructuosae,
946 4056 1000 4116 sed.
1015 4073 1080 4134 quta
1105 4049 1213 4110 sedulus

94 4141 118 4188 et
134 4130 286 4192 industrius
305 4151 320 4188 a
356 4131 426 4193 ieola
446 4131 514 4192 nihil
534 4153 593 4193 noo
611 4135 753 4213 experitur
768 4145 919 4204 attentat,
936 4129 1098 4214 priusquam
1115 4135 1211 4208 egsum
1238 4146 1243 4174 ²

92 4217 136 4265 aut
148 4209 263 4270 vineam
283 4151 387 4270 audire
407 4208 482 4268 uelit.
521 4208 598 4268 Hinc
617 4221 711 4268 antem
726 4210 873 4281 doeemur,
892 4220 979 4295 quum
995 4205 1134 4293 Dominus
1153 4222 1218 4292 non

94 4283 178 4346 atatim
204 4280 353 4362 improbos
376 4281 531 4358 ulciscitur,
555 4283 603 4346 sed
627 4305 726 4346 eorum
752 4303 856 4360 poenas
879 4277 991 4351 diflert,
1017 4288 1152 4357 optimam
1174 4275 1212 4336 tlh

92 3837 120 3884 nt
140 3827 208 3890 dicit
225 3827 368 3903 lessies(
583 3829 723 3888 dentem
746 3829 929 3890 vehementer
957 3829 988 3888 in
1012 3829 1088 3910 ipsos
1135 3823 1212 3886 aulus
