2804 4762
366 187 888 345 -<ts1.suaemaiegntutnln
1007 236 1013 247 ’
1189 249 1245 312 ras

111 395 173 464 aut
200 383 332 478 fratres,
365 408 418 464 ant
444 419 587 476 uxorem,
610 379 676 471 ‚ant
706 397 827 492 liberos
853 403 988 486 propter
1012 414 1147 484 regnum
1160 363 1243 480 m,
1267 407 1272 422 ¹

112 501 167 566 30.
196 499 265 586 Qui
289 521 356 592 non
377 513 558 590 recepturus
580 502 621 568 sit
641 499 742 568 multo
762 498 855 590 plura
883 503 917 567 in
943 501 1007 566 boc
1028 509 1185 586 tempore,
1210 510 1243 568 et

111 605 148 670 in
149 603 301 710 ,saeculo
322 614 454 670 venturo
476 608 571 671 vitam
592 614 759 672 aeternam.
830 603 926 671 xxii.
967 599 1020 668 28.
1040 603 1115 668 *Vos
1137 611 1241 670 autem

112 707 520 799 estis„qui,permansistis
542 726 665 786 mecum
687 709 721 772 iu
743 705 971 774 tentationibus
991 707 1081 772 meis.
1124 705 1176 771 29.
1198 707 1241 774 Et
1321 736 1325 758 ι
1357 689 1362 708 l

113 827 174 894 ego
197 806 335 894 dispono
356 808 464 888 vobis,
489 811 571 875 sicut
592 808 752 896 disposuit
771 809 851 894 mibi
872 810 965 874 Pater
986 829 1076 874 meus
1096 829 1238 902 regnum,

108 908 166 984 30.
194 911 239 976 Ut
260 910 359 977 edatis
382 919 413 976 et
432 909 550 978 bibatis
572 931 669 998 super
689 932 830 978 mensam
850 932 952 976 meam
980 913 1136 994 in're'gno
1158 933 1239 982 meo,
1268 923 1272 932 ’

110 1021 144 1077 ct
163 1009 302 1080 sedeatis
325 1037 425 1103 super
446 1012 541 1094 solia,
568 1013 745 1084 iudicantes
768 1011 941 1084 duodecim
961 1010 1063 1078 tribus
1083 1011 1190 1080 Israel.

181 1241 284 1303 Tacite
304 1261 336 1304 se
355 1251 384 1302 et
401 1223 470 1302 alios
489 1236 639 1320 discipulos
658 1236 738 1299 diviti
756 1227 865 1302 Petrusl
877 1249 1032 1320 comparat,
1055 1212 1145 1329 queri
1157 1255 1240 1298 mun-

106 1313 156 1378 dus
179 1317 352 1389 alienaverat
375 1315 540 1380 a-Christo.
581 1315 656 1391 Quia
678 1325 772 1376 autem
794 1315 910 1396 inopem
934 1327 964 1382 et
986 1325 1132 1377 erraticam
1155 1313 1242 1386 vitam

104 1412 165 1452 non
186 1394 382 1474 sinc=probrd
399 1405 429 1454 et
447 1391 581 1455 molestiis
601 1391 752 1466 ducebant,
776 1413 831 1452 nec
849 1391 951 1454 melior
972 1391 1003 1454 in
1021 1391 1149 1451 futurum
1166 1401 1242 1451 tem-

15 1535 19 1548 ,
103 1489 157 1548 pus
182 1471 313 1542 conditio
338 1489 369 1530 se
389 1467 568 1542 ostendebat,
595 1467 699 1530 merito
743 1468 844 1543 naerit,
872 1489 908 1530 an
932 1468 1035 1532 frustra
1057 1465 1161 1530 relictis
1184 1465 1243 1528 suis
1276 1525 1280 1544 ,

21 1561 22 1566 ’
104 1545 240 1606 om'nibus
259 1567 290 1607 se
305 1543 420 1607 Christo
439 1544 611 1608 addixerint
633 1490 795 1606 Absurdum
814 1543 890 1606 enim
910 1555 977 1621 erat
997 1543 1129 1637 spoliatos
1148 1543 1242 1604 alto-

103 1620 185 1680 miuo
205 1641 268 1682 non
287 1621 396 1682 restitui
410 1620 444 1682 in
462 1619 569 1684 melius.
608 1621 665 1684 Sed
683 1642 754 1702 quae
773 1633 854 1683 erant
872 1620 918 1682 illa
937 1621 1048 1684 omma?
1069 1641 1134 1681 nam
1153 1639 1242 1700 quum

103 1695 247 1777 ignobiles
267 1709 362 1760 essent
381 1708 410 1758 et
426 1696 588 1779 pauperculi
607 1697 749 1774 homines,
769 1698 816 1760 vix
834 1697 889 1759 fuit
908 1697 986 1758 domi
1005 1697 1081 1779 quod
1099 1695 1242 1776 relinque-

103 1783 182 1833 rent:
204 1773 323 1836 ridicula
342 1795 374 1836 er
394 1794 412 1834 o
431 1773 519 1837 videri
537 1773 631 1856 potuit
649 1774 717 1837 haec
736 1774 875 1837 iactantia.
912 1776 951 1836 Et
970 1787 1049 1836 certe
1069 1772 1242 1858 experientia

103 1849 240 1926 ostendit,
260 1873 343 1932 quam
361 1793 513 1913 liberaliter
531 1872 580 1912 sua
598 1851 779 1934 crga‘Denm
798 1850 893 1913 officia
912 1851 998 1935 vulgo
1017 1843 1168 1912 aeitimcnt
1185 1848 1242 1908 ho-

15 1965 16 1980 ,
103 1924 209 2002 mines,
233 1927 318 1990 sicuti
340 1927 425 1990 bodie
448 1928 496 2020 qui
519 1927 581 1990 fere
598 1928 721 1990 mendici
746 1940 826 2005 eram
848 1926 879 1991 iu
902 1928 1025 2009 Papatu,
1047 1926 1172 1988 fastuose
1191 1947 1242 1986 er..

104 2000 247 2078 probrant
266 2025 297 2065 se
316 2003 462 2086 Evangelii
482 2025 563 2066 cansa
581 2012 712 2086 magnam
730 2004 865 2066 iacturam
883 2002 992 2065 secisse.
1040 2001 1183 2073 Excusari·
1196 2012 1243 2064 ta·⁴

104 2096 173 2136 men
191 2093 313 2159 possunt
330 2079 469 2162 discipuli,
494 2081 571 2161 quod
593 2079 661 2140 licet
683 2102 828 2164 nunqnam
851 2078 1012 2214 splendidae
1036 2079 1156 2152 fuissent
1178 2075 1242 2138 for-

105 2161 206 2230 tunae,
234 2159 388 2218 ,manuariis
415 2169 509 2218 tamen
533 2157 627 2236 operis
645 2177 718 2215 *uon
746 2156 839 2218 minus
881 2155 984 2216 ilariter
1010 2155 1087 2215 doml
1108 2153 1243 2218 vivebant

106 2247 190 2306 quam
209 2234 436 2314 opulentissimus
455 2232 581 2312 quisque.
619 2233 658 2291 Et
676 2233 791 2306 scimus,
815 2243 916 2290 tenues
934 2230 1063 2292 homines
1102 2230 1192 2290 uictae
1212 2239 1242 2290 et

59 2380 61 2386 y
106 2307 226 2381 pudicae
250 2311 324 2370 vitae
347 2319 471 2370 assuetos
500 2308 534 2368 ab
564 2306 699 2368 uxoribus
728 2319 759 2367 et
782 2305 877 2366 liberis
901 2305 1013 2388 aegrius
1036 2251 1130 2380 evoli,
1158 2313 1253 2382 quam‘

125 2401 178 2445 uos
206 2384 293 2445 iactat
317 2385 447 2459 ambitio,
467 2383 521 2445 .vel
547 2401 700 2464 prosperae
716 2382 861 2442 torturae
887 2400 954 2440 aura
981 2377 1038 2440 buc
1053 2379 1130 2452 ¹illuc
1158 2377 1242 2469 rapit.

107 2399 199 2518 dente
217 2461 272 2520 nisi
291 2459 431 2540 discipulis
450 2457 574 2538 reposita
593 2450 693 2538 fuisset
711 2457 801 2538 aliqua
819 2475 936 2529 merces,
955 2453 1040 2516 stulte
1057 2475 1147 2537 genus
1164 2466 1242 2518 vitan

106 2544 272 2595 mutassent.
321 2537 475 2596 Caeterum
492 2544 525 2592 ut
543 2533 574 2592 in
592 2532 644 2594 hac
663 2545 741 2612 parte
761 2530 929 2606 excusabiles
948 2532 1017 2608 sint,
1040 2530 1072 2591 iu
1092 2551 1126 2592 eo
1145 2541 1241 2593 tamen

105 2622 244 2689 peccant,
268 2611 344 2690 quod
361 2609 464 2670 militia
487 2609 613 2668 nondum
632 2609 758 2672 defuncti
780 2609 841 2674 iam
858 2607 911 2670 sibi
934 2607 1106 2689 triumphum
1125 2607 1242 2672 decerni

106 2684 265 2762 postulent.
294 2685 365 2746 Tale
384 2707 481 2747 morae
500 2685 627 2776 taediunq
639 2685 664 2746 si
682 2685 792 2766 quando
812 2684 895 2746 nobis
915 2685 1043 2766 obrepat,
1056 2685 1095 2746 ‘ac
1114 2707 1167 2746 nos
1186 2686 1241 2746 im-

32 2788 47 2812 κ
106 2760 244 2839 patientia
262 2762 405 2836 sollicitet,
429 2762 565 2838 discamus
582 2783 704 2842 primum
723 2775 860 2844 reputare,
873 2760 984 2836 solatia,
1007 2761 1106 2842 quibus
1129 2763 1160 2822 in
1183 2761 1241 2823 hoc

105 2839 214 2902 mundo
240 2841 332 2900 crucis
355 2837 535 2902 acerbitatem
558 2839 699 2903 Dominus
721 2838 805 2914 lenit,
830 2838 931 2900 deinde
951 2838 986 2900 ad
1008 2861 1089 2921 spem
1111 2837 1241 2900 coelestis

79 2977 83 2984 ,
105 2912 181 3048 pistae
201 2937 256 2978 nos
278 2917 397 3001 erigere.
439 2917 513 2980 Nam
531 2915 574 2978 bis
592 2915 854 2982 duobusmembris
874 2913 982 2978 Christi
1000 2913 1242 2998 responsiuncu-

129 3003 225 3055 netur.
468 3039 469 3046 κ
896 3043 899 3052 ,
1007 3033 1011 3042 ,
1235 3055 1238 3060 ,

181 3070 284 3132 Mattb.
303 3070 352 3134 28.
390 3068 484 3131 Amen
499 3069 564 3128 dico
582 3071 673 3142 nobie.
712 3070 757 3130 Ne
776 3091 807 3134 se
826 3087 942 3148 operam
960 3066 1057 3134 lusisse
1075 3075 1179 3148 putent
1197 3065 1242 3128 di-

107 3143 221 3236 scipuli,
242 3157 332 3226 atque·
347 3165 396 3208 eos
415 3145 527 3226 incepti
540 3143 652 3206 cursus'
671 3146 814 3222 candeat,
839 3145 967 3208 Christus
985 3143 1133 3218 admonet,
1156 3143 1242 3226 regni

107 3239 147 3281 sur
161 3221 298 3306 gloriam,
318 3243 390 3303 quae
407 3233 476 3285 tune
496 3221 585 3282 adhuc
603 3165 720 3296 latebat,
738 3221 968 3298 manifestandam
986 3219 1065 3296 sore,
1083 3220 1140 3280 acsi
1161 3221 1241 3290 dice2

106 3307 163 3374 ret,
188 3301 258 3360 Non
276 3311 320 3360 est
339 3320 460 3361 curvos
479 3297 531 3359 ista
550 3291 769 3378 contemptibilis
788 3298 904 3359 fortuna
921 3295 1061 3358 debilitet:
1089 3318 1154 3359 nam
1174 3318 1240 3382 ego,

105 3375 153 3508 qui
172 3375 220 3438 vix
238 3377 314 3436 inter
332 3387 491 3458 postremos
509 3375 599 3449 iaceo,
620 3377 736 3436 tandem
752 3375 902 3438 maiestatis
921 3372 1021 3438 solium
1040 3373 1238 3450 conscendam.

130 3451 251 3532 aulisper
269 3453 360 3536 igitur
380 3454 481 3514 durate
505 3452 662 3531 usquedum
684 3452 814 3518 adveniat
835 3449 1053 3524 manifestandae
1076 3456 1159 3514 meae
1174 3451 1241 3532 glo-

106 3524 164 3616 riac
183 3540 305 3624 tempus.
352 3529 433 3604 Quid
451 3540 545 3589 autem
563 3527 614 3592 illie
634 3541 703 3590 tune
721 3527 878 3610 promittit?
901 3547 1005 3607 nempe
1029 3527 1152 3606 eiusdem
1197 3529 1241 3594 lon

106 3621 164 3664 rrae
183 3603 248 3664 fore
266 3604 367 3678 socios.
405 3605 492 3667 Solio
512 3603 588 3666 enim
607 3605 657 3665 illis
677 3606 817 3680 tribuens,
843 3625 876 3664 ex
889 3602 999 3682 quibus
1022 3603 1147 3666 iudicent
1205 3624 1240 3662 o-

106 3675 199 3740 decim
217 3679 308 3748 ¹tribus
327 3679 427 3755 lsrael,
449 3681 550 3763 legatis
574 3702 623 3744 eos
648 3694 804 3762 comparat,
828 3679 873 3743 vel
896 3679 993 3760 primis
1018 3678 1183 3754 consiliariis
1205 3697 1239 3736 ae

107 3753 293 3831 praesidibus,
318 3755 367 3834 qui
389 3757 419 3816 in
441 3757 527 3839 regio
548 3767 681 3819 consessu
702 3761 804 3839 primas
828 3757 907 3828 sedes
931 3769 1079 3838 occupant.
1119 3753 1239 3828 Scimus,

107 3829 263 3910 Apostolos
288 3831 435 3892 duodecim
460 3853 580 3894 numero
607 3831 692 3902 fuisse
716 3835 836 3910 electos,
865 3844 897 3893 ut
922 3831 962 3894 ita
988 3844 1121 3905 testatum
1148 3829 1239 3904 fieret,

43 3939 46 3946 ·
107 3905 204 3966 Deum
220 3905 345 3966 'adhibito
366 3905 481 3968 Christo
501 3907 636 3989 dispersas
661 3910 759 3992 populi
783 3909 825 3973 sui
848 3909 979 3989 reliquias
1003 3907 1075 3968 velle
1095 3903 1240 3986 colligere,

107 3981 190 4044 Haec
214 4003 321 4045 summa
345 3995 404 4044 erat
427 3984 560 4066 dignitas,
583 3987 631 4047 sed
654 3985 743 4050 adbuc
767 3985 887 4052 occulta:
913 3985 987 4044 ideo¹
1002 3983 1131 4044 Christus
1150 3999 1240 4059 usque

108 4062 142 4121 ad
161 4059 287 4120 ultimam
302 4059 389 4142 regni
406 4060 448 4121 sui
467 4061 720 4125 manifestationem
740 4085 839 4124 eorum
858 4072 928 4125 vota
942 4059 1101 4139 suspendit,
1120 4069 1152 4116 ut
1170 4067 1239 4130 tuno

109 4137 220 4198 demum
250 4135 396 4198 electionis
427 4157 493 4197 suae
521 4137 643 4201 fructum
669 4139 833 4220 percipiant.
889 4137 1059 4211 Quanquam
1086 4141 1180 4219 atili-11¹
1207 4131 1240 4200 in

18 4227 20 4236 ’
108 4213 253 4300 Evangelii
276 4212 482 4294 praedicatione
505 4213 595 4292 aliqua
619 4239 653 4276 cx
676 4229 754 4296 parte
774 4215 874 4275 enituit
891 4227 1012 4287 regnum
1033 4207 1152 4292 (limasti,
1175 4230 1239 4269 non

18 4339 19 4346 i
109 4301 202 4353 tamen
225 4291 340 4354 dubium
365 4302 421 4366 est,
445 4289 514 4370 quin
533 4292 568 4352 de
588 4304 714 4354 extremo
734 4291 779 4350 di'e
796 4290 844 4346 hic
861 4285 991 4358 loquatur
1010 4281 1146 4342 Christus.
1199 4285 1238 4342 In

18 4359 27 4374 ⁸
111 4373 334 4450 pegeuerntione.
380 4367 501 4446 Quidam
529 4368 601 4434 banc
628 4365 792 4455 partiendam
820 4361 855 4425 ad
881 4363 1053 4442 sequentem
1074 4367 1237 4426 connitum
