2830 4772
173 265 235 352 sun
616 242 859 326 serenant
902 269 906 276 ·

180 424 356 509 exspectante
394 399 536 506 ‘isthmi
563 411 656 508 pravis
683 413 824 500 figmentis
852 413 967 508 imbuti,
998 413 1202 497 perfectionem
1224 417 1319 502 regni

182 492 300 588 §bruti
315 511 381 584 pura
405 501 487 552 antro
511 503 708 568 commutent,
735 503 764 552 et
783 491 858 572 quod
877 513 906 552 nr
927 491 1010 555 coelo
1030 494 1219 594 quaerendum
1238 506 1318 570 erat,

181 589 218 632 eo
237 580 373 708 piandi?
392 567 626 704 remorata&
668 643 847 725 Responsum
872 641 1001 704 tulerunt
1028 644 1142 705 minime
1166 665 1205 706 ex·
1224 646 1318 707 a'nimi

180 719 328 784 sententia.
404 741 449 780 aur
468 739 553 800 quum
572 717 728 801 triumpho,
753 719 829 810 veltet
849 719 903 780 iarn
923 719 1021 781 militia
1040 719 1195 799 perfuncti,
1220 723 1317 782 inhia-

180 810 254 872 rent,
275 795 403 858 christus
421 815 471 858 eos
484 795 520 856 ad
537 795 651 878 longam
670 793 844 855 tolerantiam
864 795 1013 857 hortatur>
1028 797 1085 858 acsi
1103 797 1224 874 dixisset,
1250 802 1317 860 Vos

180 873 215 933 ab
234 871 302 954 ipsis
321 871 477 936 mremibus
495 871 614 954 palmam
632 869 755 952 arripere
775 870 866 932 ruitis:
891 872 967 952 atqui
985 873 1064 952 prius
1083 875 1199 934 stadium
1220 875 1316 934 confi·
1400 875 1401 882 ’

181 967 249 1010 cere
271 967 386 1010 necesse
410 959 481 1009 erat.
538 949 671 1032 Regnum
696 947 753 1010 nei
773 947 804 1008 in
829 959 933 1008 terram
955 948 1113 1020 detrahitis,
1147 969 1204 1030 quo
1223 950 1316 1030 potiri
1400 1017 1401 1024 ἵ

181 1025 327 1106 quisquam
344 1024 443 1116 nequit
459 1022 514 1085 nisi
532 1023 730 1086 conscenderit
748 1024 778 1115 iu
797 1023 921 1085 coelum:
958 1022 1056 1100 Quum
1075 1037 1167 1116 autem
1188 1027 1252 1090 boe
1265 1039 1316 1086 c'a-

181 1113 234 1182 put
259 1101 466 1162 admonitiones
487 1099 522 1163 ad
545 1100 701 1184 regendum
729 1111 803 1160 ratae
821 1111 935 1161 nostrae
953 1117 1064 1161 cursum
1083 1121 1210 1182 apprime
1228 1103 1316 1164 utiles

182 1176 341 1253 contineat,
360 1172 487 1240 ridemus
505 1175 657 1240 admirabili
676 1173 731 1237 Dei
751 1175 870 1238 consilio
889 1175 992 1236 iactum
1010 1197 1080 1251 esse,
1100 1192 1133 1238 ut
1151 1177 1234 1240 nobis
1254 1179 1325 1238 uti--

182 1251 215 1316 lis
235 1265 308 1316 esset
318 1252 522 1336 Apostolorum
542 1271 632 1315 error.
671 1253 785 1314 Summa
804 1252 872 1340 haee
892 1264 942 1328 est,
963 1252 1108 1336 Evangelii
1126 1254 1316 1334 praedieatio-

181 1349 248 1390 uem
272 1351 333 1393 esse
356 1329 472 1406 sationis
494 1328 593 1390 instar:
631 1327 696 1388 ideo
719 1328 859 1412 patienter
883 1332 1096 1408 exspectandum
1122 1351 1184 1392 esse
1200 1339 1320 1410 tempus*

181 1405 292 1482 messis,
312 1427 356 1498 'ac
375 1423 522 1492 perperam
543 1403 640 1467 molles
661 1424 721 1465 esse
740 1415 770 1465 et
790 1403 983 1480 effeminatos,
1006 1407 1055 1488 qui
1074 1417 1192 1486 propter
1210 1406 1314 1468 hiemis

181 1481 262 1620 gplu,
289 1503 383 1557 ntem,
414 1479 542 1555 nebulas,
568 1480 614 1543 rel
638 1482 765 1544 adversas
789 1489 982 1562 tempestates,
1010 1481 1110 1544 animis
1133 1481 1315 1566 franguntur.
1401 1503 1402 1510 ¹

213 1579 250 1618 uo
274 1569 368 1620 autern
386 1556 553 1619 nominatim
572 1556 709 1694 praecipit
728 1556 858 1620 Christus
886 1557 1042 1638 discipulis,
1072 1569 1103 1618 ut
1126 1558 1180 1619 sibi
1203 1581 1219 1619 a
1239 1557 1314 1620 ialsis
1401 1581 1402 1588 ¹

181 1631 318 1695 doctrinis
337 1643 468 1708 caream,
488 1643 519 1696 et
537 1655 575 1694 ne
593 1653 659 1695 scau
678 1633 726 1694 alis
744 1633 902 1694 turbentur.
961 1631 1073 1716 Quibus
1090 1635 1184 1696 verbis
1204 1633 1315 1720 signifi-

182 1719 229 1774 cat
248 1709 400 1773 Ecclesiam
419 1731 505 1784 suant,
524 1731 608 1790 quam
626 1709 673 1770 diu
691 1709 918 1794 peregrinabitur
928 1708 1082 1787 inmundo,
1101 1709 1142 1770 bis
1155 1710 1234 1772 malis
1249 1712 1315 1771 iore

182 1786 343 1850 obnoxiam.
382 1787 448 1848 Hoc
471 1796 565 1846 autern
589 1786 704 1847 minin're
728 1797 948 1848 consentaneum
966 1786 1054 1848 videri
1072 1797 1198 1866 poterat,
1264 1807 1315 1847 um

182 1861 272 1944 longe
288 1862 368 1923 aliter
386 1861 512 1923 futurum
532 1861 637 1924 Christi
656 1881 778 1946 regnum
796 1861 987 1934 describerent
1009 1860 1175 1998 Prophetae.
1201 1917 1211 1926 ,
1261 1883 1314 1922 ro-

182 1937 271 1998 mittit
288 1937 388 1999 Iesaias
405 1939 476 2013 (od,
501 1939 583 2016 la),
607 1958 706 1998 omnes
725 1937 857 2000 divinitus
875 1938 938 1999 fore
955 1948 1022 1998 tunc
1045 1957 1060 1997 e
1079 1947 1170 1997 octos.
1221 1935 1313 2017 Apud

182 2011 292 2076 loelern
311 2015 350 2090 (2,
369 2015 431 2149 28ss
451 2013 576 2089 babetur,
595 2014 747 2074 Effundam
765 2015 801 2076 de
812 2015 919 2096 Spiritu
936 2033 999 2076 meo
1019 2033 1103 2094 super
1121 2031 1236 2072 omnem
1248 2033 1312 2074 ear-

181 2109 263 2150 nem:
292 2101 322 2150 et
362 2111 413 2172 rop
434 2091 550 2152 etabunt
568 2090 616 2152 filii
635 2090 721 2152 vestri
741 2101 770 2151 et
786 2091 858 2154 filiae
878 2099 1007 2165 restrae:¹
1027 2090 1143 2152 iuvenes
1160 2089 1250 2150 vestri
1268 2089 1314 2149 vi-

182 2165 277 2231 siones
296 2113 440 2244 ridibunt,
462 2177 492 2228 et
510 2187 590 2228 senes
609 2167 719 2228 somnia
737 2167 925 2233 somniabunt.
962 2165 1087 2227 Uberior
1105 2167 1188 2226 etiam
1207 2165 1313 2226 intelli·

181 2245 295 2327 gentian
314 2243 361 2306 lux
379 2243 556 2336 promittitur
574 2265 590 2305 a
608 2243 727 2334 Ieremia
748 2245 818 2380 531,
842 2243 918 2320 on).
975 2243 1043 2304 Non
1061 2242 1174 2303 docebit
1192 2242 1312 2322 quisque

202 2319 297 2386 onbac
315 2341 475 2404 proximum
494 2339 588 2396 suum,
614 2339 668 2380 nec
687 2341 730 2379 vn
761 2329 863 2383 ratrem
881 2331 976 2392 suutu,
1001 2319 1135 2393 dicendo,
1155 2319 1310 2400 Cognosce

180 2342 353 2474 boninum,
380 2397 443 2480 quia
471 2417 579 2471 omnes¹
600 2407 774 2480 cognoscent
799 2415 845 2457 me
867 2415 884 2458 a
908 2395 1024 2456 minimo
1051 2416 1138 2474 usque
1162 2393 1196 2454 ad
1220 2392 1309 2452 maxi-

181 2491 285 2544 mum:
325 2477 404 2558 Engo
423 2474 483 2536 sole
502 2474 756 2546 iustitiadexorto,
782 2474 854 2534 sicut
873 2493 889 2533 a
908 2471 1042 2534 Malachia
1060 2471 1115 2548 (4,
1131 2469 1180 2546 2.)
1198 2468 1310 2562 praedi-

181 2561 258 2612 uum
281 2552 349 2627 erat,
367 2549 437 2611 nihil
455 2550 557 2610 mirum
576 2551 600 2612 si
615 2547 712 2610 Iudaei
730 2547 765 2609 ab
785 2547 915 2610 omnibus
934 2569 1062 2609 errorum
1081 2546 1189 2609 nebulis
1207 2567 1310 2606 nmmu-

181 2641 281 2686 nesse
299 2645 331 2685 ac
350 2645 436 2704 puros
454 2625 519 2688 sore
537 2637 692 2708 sperarent.
731 2627 816 2686 Unde
835 2638 864 2686 et
883 2625 1052 2686 Samaritana
1072 2625 1177 2686 mulier
1192 2622 1310 2698 dicebat,

181 2699 298 2760 Messias
317 2721 405 2780 qumn
423 2701 549 2776 venerit,
572 2701 687 2763 docebit
705 2722 758 2763 nos
778 2702 872 2764 omnia
890 2701 949 2776 (Io.
968 2704 1003 2774 d,
1026 2699 1100 2775 hb).
1158 2702 1219 2762 Iam
1243 2719 1310 2761 vero

182 2773 299 2849 scimus,
321 2795 404 2856 quam
424 2775 590 2860 magnificae
608 2776 808 2858 promissiones
826 2779 862 2840 de
880 2797 965 2860 pace,
982 2777 1099 2853 iustitia,
1118 2777 1239 2860 gaudio,
1257 2775 1310 2836 bo·

182 2869 341 2932 uerumque
365 2850 493 2912 omnium
520 2852 664 2915 affluentia
687 2853 789 2934 passim
807 2863 964 2916 occurrant.
1023 2852 1122 2928 Quare
1140 2851 1209 2912 nibil
1229 2851 1310 2912 etiam

81 2990 85 2999 ,
182 2926 294 3004 mirum,
313 2927 336 2988 si
357 2926 462 2989 Christi
482 2929 603 2990 adventu
621 2950 652 2991 se
670 2951 687 2991 a
705 2929 846 2992 bellorum
865 2929 962 3004 turbis,
978 2949 994 2988 a
1013 2929 1125 3009 rapinis,
1144 2939 1174 2987 et
1188 2927 1310 3006 qnalibet

179 3003 291 3080 iniuria,
310 3025 327 3066 a
345 3003 419 3067 same
438 3003 559 3086 denique
579 3015 608 3065 et
625 3005 782 3085 pestilentia
800 3017 960 3089 exemptum
980 3005 1015 3068 iri
1034 3003 1192 3066 credebaut.
1224 3002 1309 3064 Chri-

181 3092 240 3144 stus
258 3091 352 3146 autern
371 3081 511 3158 admouet,
531 3101 590 3142 nou
610 3083 700 3144 minus
718 3083 836 3164 posthac
853 3082 986 3145 molestos
1001 3081 1065 3144 fore
1082 3079 1139 3170 piis·
1151 3073 1236 3138 salsos
1255 3078 1307 3137 do-

182 3168 285 3232 ctores,
303 3179 386 3252 quarn
405 3157 494 3222 veteri
508 3157 623 3298 populo
637 3158 750 3250 'inerint
768 3157 828 3220 falsi
842 3158 1013 3254 prophetase
1029 3177 1082 3218 nee
1101 3174 1224 3245 minores
1242 3153 1306 3214 fore

181 3233 408 3312 perturbationes
433 3234 484 3298 sub
533 3234 678 3324 vangelro,
705 3255 787 3314 quam
812 3235 879 3296 ohur
898 3235 949 3297 sub
969 3235 1046 3318 Lege
1067 3231 1179 3323 ineunt.
1238 3229 1305 3320 Non

180 3308 1136 3450 sntntnntntessentessent.atat
1156 3303 1305 3443 anan

181 3466 236 3552 est·
249 3458 391 3552 bonorum
413 3411 524 3526 illoruiit
619 3485 664 3524 um
687 3409 913 3526 nunepfidelibus
939 3462 998 3525 dari
1043 3471 1075 3522 ut
1098 3479 1179 3540 spem
1205 3457 1303 3548 solidae

179 3533 320 3596 fruitionis
339 3537 370 3596 in
409 3551 535 3602 osterum
565 3550 675 3603 oveant.
713 3541 840 3618 Ideoque
858 3539 976 3602 multum
994 3506 1103 3620 ‹iecep'
1119 3535 1242 3611 fumant,
1278 3555 1303 3593 ιιι

179 3608 233 3674 sibl
251 3613 350 3704 'statius
378 3559 556 3706 abexordio
583 3614 730 3752 Evangelii
754 3615 882 3697 perfecte
910 3615 1037 3678 exhiberi
1061 3549 1125 3677 vlle
1181 3623 1209 3688 t,
1238 3629 1302 3690 quae

178 3689 304 3826 puotrpre
322 3688 434 3770 amplerr
453 3695 601 3786 cernimus.
633 3693 712 3786 με
730 3693 810 3784 quod
827 3691 972 3784 hominurn
992 3691 1069 3772 prati
1088 3768 1095 3786 1
1201 3705 1301 3780 ‘quem

204 3785 258 3846 rop
279 3775 340 3827 ctae
358 3786 450 3848 reguo
471 3766 576 3830 (ibrrstr
595 3767 755 3830 iehcrtatern
775 3769 918 3845 tribuunt,
945 3769 1012 3829 lrcet
1029 3779 1142 3848 penrtus
1166 3781 1302 3825 exrnaune

178 3863 238 3901 non
265 3841 364 3922 possit,
394 3855 489 3905 tauoeu
508 3857 634 3908 moratur
651 3845 698 3909 rel
712 3845 874 3934 perturbati
926 3845 1006 3907 Facit
1028 3844 1142 3923 quidem
1170 3839 1300 3928 Dominus

178 3919 313 3988 certando
335 3939 401 4013 curu
425 3921 573 4014 hptuinpm
595 3921 712 3996 malitia,
725 3933 774 4014 ις
796 3921 1009 3984 benedictiones
1035 3941 1101 3980 suae
1122 3933 1300 4010 'perquirens

179 3993 322 4056 obstacula
345 4017 419 4058 nram
442 4011 600 4064 rurenrant:
622 4011 766 4060 1et-certe
790 3997 940 4059 absurdum
966 4004 1056 4072 esset‘,
1084 3994 1192 4054 abolere
1209 4011 1298 4051 eorum

179 4070 273 4148 eulpa,
297 4073 373 4149 quod
397 4073 430 4132 in
473 4076 574 4135 ratuita
595 4075 650 4162 Dei
674 4073 799 4163 bonitate
822 4073 968 4166 spndatum
992 4073 1029 4133 ab
1054 4066 1299 4166 illorum'arbitrip

180 4151 240 4232 npn
264 4147 376 4240 pendet.
464 4160 477 4208 t
498 4161 591 4214 tamen
610 4148 728 4238 ahquam
747 4171 756 4206 r
803 4223 810 4238 .
829 4149 953 4210 titudinis
970 4145 1214 4209 suaemercedem
1233 4159 1299 4204 ren-

180 4229 272 4349 itti
289 4223 862 4362 tittttttnltt’htlttt”bitti
875 4221 1299 4358 itthtttttffti‘tiilit

182 4363 239 4420 rita
259 4381 354 4428 emant
368 4371 474 4448 fideles,
501 4371 566 4432 licet
586 4372 657 4432 duce
677 4371 793 4453 Christo
812 4385 843 4434 et
861 4321 951 4434 facetia
970 4320 1117 4456 Evangelii
1135 4319 1177 4434 sili
1196 4370 1299 4450 praeie-
