2790 4764
185 267 229 342 ts
411 277 524 342 SEOE.
543 275 625 340 xiv.
664 287 837 340 macons
854 287 896 336 nr
914 287 1091 339 sunnonis.

231 471 234 476 -
263 425 313 494 37.
357 427 458 498 eme,
483 427 613 492 Domim
655 426 816 510 Responsio
838 423 964 489 mulieris
986 425 1122 503 ostendit,
1145 439 1207 487 non
1229 421 1314 485 inisse

191 523 281 567 coeco
301 499 347 566 vel
365 503 469 566 obtuso
488 502 595 586 impetu
614 502 771 584 abreptam,
794 512 828 564 iit
844 503 952 564 directe
970 503 1146 588 impingeret
1163 500 1193 562 in
1211 499 1315 562 Christi

61 621 65 629 ·
190 599 364 654 mononem:
388 599 454 640 nam
493 580 537 640 uia
557 575 674 642 Iudaeos
693 577 752 640 aliis
771 578 905 660 praetulit
923 580 1016 655 Deus,
1036 582 1096 662 ipsa
1115 596 1228 662 quoque
1247 577 1316 638 ado-

212 655 297 718 tionis
314 656 455 718 honorem
473 599 530 720 dlis
549 654 695 736 relinquit,
713 673 805 735 seque
824 653 941 716 minime
959 655 1073 717 obstare
1091 668 1224 729 testatur,
1248 651 1316 734 quin

189 677 319 799 biristu
341 732 495 796 secundum
518 732 647 792 ordinem
670 731 802 793 divinitus
824 731 1029 824 praescriptum
1049 731 1111 794 illos
1130 731 1225 794 satiet:
1251 741 1316 789 tan-

190 821 252 881 tmn
269 807 342 890 petit
360 818 393 868 ut
410 809 499 869 micae
518 807 632 889 aliquae,
652 807 728 888 qnasi
747 806 866 868 fortuito
886 807 1026 883 cadentes,
1047 809 1081 870 ad
1100 806 1208 869 catulos
1228 824 1316 886 usqne

212 886 364 946 erveniant.
410 887 448 945 Et
467 895 543 946 cete
562 905 705 966 nunquam
717 884 762 944 'ita
781 887 860 946 Deus
878 903 954 946 suem
972 883 1092 969 gratiam
1110 881 1223 945 inclusit
1240 883 1317 942 inter

189 903 324 1054 ludaeos,
351 957 417 1042 quin
441 905 545 1046 genien
567 959 670 1044 exiguo
693 958 791 1022 saltem
816 960 874 1022 eins
898 971 982 1044 gustu
1005 971 1177 1057 aspergeret
1216 958 1317 1039 Itaque

189 1115 230 1180 lul
283 1115 337 1175 tius
356 1112 403 1175 vel
420 1113 509 1198 magis
527 1113 596 1174 scite
615 1111 669 1174 dici
687 1113 791 1200 potuit.

181 1251 183 1256 .
343 1191 458 1282 diogiae
475 1197 521 1250 est
530 1188 614 1332 61η
632 1201 697 1250 tuo.
729 1190 827 1252 Primo
845 1187 928 1249 idem
945 1186 1069 1250 mulieris
1088 1187 1192 1249 laodite
1214 1185 1317 1248 deinde

190 1289 222 1332 se
240 1267 313 1330 illius
332 1268 463 1349 precibus
481 1266 511 1328 in
569 1267 732 1350 ei'gratiam
749 1285 875 1328 annuere
895 1275 1022 1326 testatur.
1061 1267 1154 1326 Porro
1172 1264 1238 1324 fidei
1254 1285 1317 1324 nia-

190 1335 310 1430 gnitud'o
349 1343 479 1424 raecipue
501 1342 532 1406 iu
551 1364 586 1405 eo
605 1365 636 1406 ie
656 1342 789 1420 exseruit,
817 1340 893 1422 quod
911 1341 1020 1404 modica
1032 1349 1149 1402 'tantum
1168 1340 1324 1402 doctrinae

190 1420 307 1486 scintilla
328 1365 402 1480 duce
424 1427 489 1480 uon·
507 1420 595 1480 modo
619 1421 734 1512 agnovit
752 1420 911 1500 *genuinum
931 1415 1038 1480 Christi
1058 1418 1206 1492 officium„
1220 1416 1316 1478 coele-

189 1497 317 1576 stemque
336 1495 362 1556 ei
380 1493 537 1576 potentiam
557 1495 670 1570 tribuit,
681 1493 741 1556 ‘sed
760 1501 923 1556 eonstdnter
941 1495 1068 1578 perrexit
1085 1509 1142 1578 per¹
1154 1505 1212 1554 tam
1231 1493 1316 1553 ardua

190 1571 345 1634 bbstnculai
368 1587 429 1633 sese
449 1571 582 1632 exinaniri
620 1593 676 1631 assa
697 1581 752 1644 est,
771 1571 858 1631 modo
877 1570 1030 1634 retineret·
1054 1573 1111 1634 uod
1129 1570 1182 1632 sibi
1200 1589 1316 1652 persua-

190 1659 278 1723 serit,
301 1665 363 1706 non
381 1646 480 1707 defore
501 1647 555 1707 sibi
575 1593 844 1709 christianismus
871 1647 993 1728 denique
1011 1595 1315 1712 fiduciam'bumilitate

190 1725 231 1786 sic
250 1723 386 1794 condivit,
408 1734 440 1782 ut
456 1743 549 1814 iieipie
565 1723 618 1786 sibi
636 1735 744 1784 temere
783 1723 911 1804 uinquam
928 1735 1088 1805 arrogaret,
1108 1744 1200 1818 neque
1219 1735 1315 1784 ianieii

188 1801 300 1861 l'oiitem
323 1798 427 1882 gratiae
447 1798 553 1861 Christi
574 1799 628 1861 sibi
652 1739 849 1892 praecluderet
869 1797 1041 1880 indignitatis
1066 1821 1198 1880 propriae
1220 1819 1313 1860 sensu.

189 1877 256 1938 Ros
279 1884 373 1952 autem
395 1875 531 1958 pinianae
553 1873 676 1937 mulieris
695 1873 790 1968 elogio
810 1874 938 1936 damnata
960 1874 1081 1937 esitius
1103 1877 1201 1958 pop'uli
1217 1876 1315 1960 ingre·

187 1953 295 2026 titiido,
361 1952 368 1968 '
391 1973 423 2011 se
445 1953 510 2012 Deo
534 1971 647 2016 sacrum
670 1971 729 2011 esse
753 1950 881 2012 iactabat
925 1950 1077 2010 Caeterum
1096 1951 1239 2032 quomodo
1258 1951 1315 2010 rite

190 1039 225 1132 ad
245 1037 466 1122 exprimendam,
490 1056 562 1118 quae
580 1047 648 1098 tunc
666 1035 794 1119 ⁴rigebat,
815 1035 920 1122 gratim
937 1035 995 1099 Dei
1012 1035 1252 1122 dispensationem
1270 1033 1317 1095 ni·
1386 1087 1387 1094 ,

248 1135 264 1174 „
1352 1132 1355 1147 ,

189 2028 307 2090 eredere
344 2028 434 2088 'catur
450 2025 565 2101 mulier,
590 2047 662 2109 quae
684 2045 745 2086 non
763 2035 873 2086 tantuin
891 2025 1175 2088 destituitur'Cbristi
1192 2028 1314 2110 promis·
1387 2099 1388 2102 Ἴ

187 2105 284 2180 sione,
306 2104 356 2167 sed
373 2104 491 2166 adverso
512 2103 570 2164 eius
589 2105 721 2164 sermone
740 2101 897 2190 repellitur,
920 2123 1003 2184 supra
1021 2101 1162 2163 admonui.
1203 2103 1314 2179 Quam-

188 2182 231 2245 uis
250 2179 326 2242 euim
345 2181 452 2242 duriter
470 2183 499 2240 in
517 2179 639 2262 speciem
657 2187 770 2240 recuset
790 2179 850 2238 eius
867 2199 980 2262 preces,
1007 2178 1043 2240 de
1064 2179 1199 2266 promissa
1217 2191 1314 2239 tamen

188 2258 322 2320 divinitus
340 2279 392 2340 per
405 2257 534 2318 Messium
553 2255 639 2316 salute
673 2259 790 2331 ers'uasa,
809 2254 884 2316 bene
901 2275 1011 2335 sperare
1023 2269 1084 2314 non
1096 2253 1212 2314 desinit:
1230 2253 1313 2314 ideo-

189 2353 245 2418 que
263 2334 365 2410 sentit,
384 2333 495 2394 ianuarii
511 2331 563 2394 sibi
583 2277 684 2407 claudi,
707 2354 769 2393 non
788 2343 820 2391 ut
838 2331 950 2418 penitus
969 2337 1109 2404 arceatur,
1134 2331 1183 2412 sed
1200 2341 1233 2391 ut
1251 2343 1313 2390 itia-

211 2411 233 2472 's
252 2431 283 2474 se
301 2411 332 2470 iii
344 2410 415 2472 ⁴fidei
433 2421 538 2471 conatu
557 2430 610 2490 per
627 2405 738 2486 rimulas
756 2419 896 2492 penetret.
925 2407 1069 2468 Posterius
1083 2407 1242 2467 membrum
1256 2406 1313 2467 uti-

186 2431 244 2548 idn
263 2488 421 2550 doctrinam
441 2486 577 2562 continet,
599 2485 674 2566 quod
692 2485 760 2546 fides
780 2483 886 2566 quidvis
905 2481 1037 2576 impetret
1058 2506 1074 2544 a
1093 2484 1229 2565 Domino,
1250 2484 1314 2564 quia

186 2563 258 2622 sinti
278 2585 340 2624 eain
357 2564 498 2640 aestimat,
517 2573 550 2624 ut
566 2583 681 2646 semper
697 2561 876 2646 parauis‘sit,
898 2573 972 2623 rotis
991 2561 1097 2622 uostris
1116 2561 1209 2642 quoad
1228 2575 1313 2646 ‚expe-v

187 2638 230 2698 dit
247 2657 359 2704 moreni
377 2655 489 2720 gerere.
540 2689 544 2698 .
1089 2637 1092 2644 '

151 2781 179 2913 ζ
244 2811 373 2900 Ι(1373
405 2811 574 2882 Μιιιιι.
596 2813 668 2884 ιν.
706 2817 758 2882 is.
781 2815 823 2885 ui
844 2777 1227 2903 signantissimum
1257 2761 1310 2880 'vs-
1386 2765 1387 2776 ‘

139 2989 142 2998 ,
185 2919 234 2988 ult
259 2919 346 3017 iuste
366 2938 453 2982 mare
474 2915 651 2997 Galilaeae,
678 2929 710 2983 et
736 2917 914 2984 conscenso
941 2929 1049 2986 moute
1076 2917 1209 2986 sedebat
1234 2917 1310 2982 sitin

184 3023 240 3090 ³⁰.
266 3021 310 3090 Et
335 3031 538 3087 accesserunt
563 3020 605 3088 nd
631 3043 703 3090 eum
730 3019 844 3089 turbae
865 3019 997 3101 inultae,¹
1026 3020 1179 3088 ducentes
1200 3041 1309 3086 secum

185 3125 328 3206 claudos,
350 3145 476 3205 coecos,
497 3134 611 3203 inuios,
634 3123 772 3203 mutilos,
795 3135 826 3190 et
847 3110 928 3194 elios
950 3105 1077 3194 indltos.
1120 3123 1310 3214 Etlnbieoe·
1385 3197 1386 3202 ἵ

184 3221 268 3300 runt
283 3249 340 3295 eos
362 3228 403 3294 ed
423 3227 523 3316 pedes
545 3227 626 3306 lesu,
650 3237 681 3292 et
702 3230 827 3293 sanavit
848 3249 921 3295 eos:
953 3209 1309 3294 uenustissimus

57 3409 59 3418 Ι
126 3334 130 3340 ’
183 3333 405 3412 minuiscunt,
427 3353 525 3420 quum
546 3328 692 3396 viderent
711 3339 816 3398 mutos
837 3329 1088 3419 loquimutllos
1110 3306 1182 3396 dese
1203 3350 1308 3410 sinos,

184 3433 318 3500 claudos
336 3431 508 3510 ambulare,
528 3452 645 3498 coecos
659 3404 782 3498 videri:
805 3443 836 3508 et
849 3423 1072 3520 glorificabant
1087 3433 1191 3524 Deum
1200 3431 1307 3500 Israel.

182 3519 236 3602 32.
257 3535 349 3604 Iesus
370 3547 473 3602 eutem
495 3537 617 3601 voeatis
639 3533 680 3600 ad
703 3557 738 3600 se
761 3533 928 3624 discipulis
950 3539 1030 3616 inis,
1056 3535 1148 3616 dixis,
1175 3539 1309 3607 Miseret

183 3661 234 3706 nie
258 3635 386 3718 turbes,
416 3645 586 3726 propterea
613 3637 793 3724 quodiam
821 3638 961 3706 triduum
987 3651 1194 3727 perseverent
1222 3639 1308 3729 apud
1382 3681 1385 3732 j

181 3764 244 3838 iiie,
266 3745 297 3810 el
317 3738 524 3808 nonhabeut
540 3740 628 3829 quod
646 3741 754 3808 edenti
777 3743 808 3808 et
828 3741 984 3811 dimittere
1002 3764 1060 3812 eos
1076 3745 1203 3810 ieiunos
1217 3743 1306 3822 nolo,

182 3851 225 3912 n'e
246 3844 396 3912 deliniant
415 3844 449 3908 in
469 3845 531 3909 viii.
578 3843 631 3910 33.
658 3845 780 3910 Dicunt
800 3847 830 3910 ei
853 3843 1002 3934 discipuli
1022 3849 1105 3925 eius,
1130 3844 1230 3913 Unde·
1248 3867 1308 3913 no·

145 3939 151 4038 f
181 3947 233 4016 bis
252 3952 287 4016 iii
308 3945 483 4015 solitudine
504 3968 603 4034 panes
625 3957 687 4013 tam
709 3946 812 4028 uiulti,
831 3957 876 4016 ‘ut
891 3959 1072 4018 ,saturemus
1092 3947 1218 4020 turbem
1239 3961 1306 4018 teu·
1383 3973 1384 3994 ι

182 4049 264 4133 teni?
289 4045 364 4120 34.
391 4047 434 4116 Et
454 4047 531 4118 dicit
552 4049 615 4114 illis
638 4049 742 4128 lesus,
770 4051 862 4137 Quot
882 4073 981 4140 penes
1003 4051 1146 4121 bebetis?
1191 4055 1239 4120 Ai
1256 4051 1305 4118 illi

7 4211 9 4236 ζ
51 4226 58 4242 ¹
183 4148 304 4231 dieunt,
330 4152 471 4242 Septem,
499 4161 531 4217 et
557 4162 679 4240 paudus
707 4153 889 4239 pisciculos.
932 4155 984 4223 35.
1010 4157 1052 4223 Et
1077 4159 1169 4252 iussit
1193 4154 1304 4248 turbas

182 4243 385 4322 discumbere
408 4258 444 4344 iu
470 4266 563 4322 terre.
598 4245 661 4324 ¹36.
687 4243 729 4320 Et
749 4261 893 4348 sumpsit
908 4245 983 4328 illos
1004 4269 1122 4349 septem
1145 4281 1245 4348 penes
1267 4282 1304 4324 ac
1382 4333 1383 4336 ,

182 4341 355 4478 dimisisset
370 4369 543 4448 postquem
564 4359 680 4447 gratiss
701 4355 831 4447 egisset,
854 4361 948 4451 tregit
968 4361 1118 4452 deditque
1137 4361 1304 4452 discipulis
1349 4369 1352 4374 “

1382 4479 1383 4488 ι

1382 4491 1383 4500 ι

1339 4693 1342 4700 ι

1377 4727 1382 4735 a
