<?xml version="1.0" encoding="UTF-8"?>
<!DOCTYPE html PUBLIC "-//W3C//DTD XHTML 1.0 Transitional//EN"
    "http://www.w3.org/TR/xhtml1/DTD/xhtml1-transitional.dtd">
<html xmlns="http://www.w3.org/1999/xhtml" xml:lang="en" lang="en">
 <head>
  <title>
</title>
<meta http-equiv="Content-Type" content="text/html;charset=utf-8" />
  <meta name='ocr-system' content='tesseract 3.04.00' />
  <meta name='ocr-capabilities' content='ocr_page ocr_carea ocr_par ocr_line ocrx_word'/>
</head>
<body>
  <div class='ocr_page' id='page_1' title='image "./novumtestamentu00calvgoog_0377.png"; bbox 0 0 2796 4774; ppageno 0'>
   <div class='ocr_carea' id='block_1_1' title="bbox 206 164 1118 282">
    <p class='ocr_par' dir='ltr' id='par_1_1' title="bbox 206 164 1118 282">
     <span class='ocr_line' id='line_1_1' title="bbox 206 164 1118 282; baseline -0.003 -50"><span class='ocrx_word' id='word_1_1' title='bbox 206 175 264 240; x_wconf 64' lang='lat' dir='ltr'><strong>m</strong></span> <span class='ocrx_word' id='word_1_2' title='bbox 417 167 530 232; x_wconf 80' lang='lat' dir='ltr'><strong>stur.</strong></span> <span class='ocrx_word' id='word_1_3' title='bbox 551 164 631 226; x_wconf 74' lang='lat' dir='ltr'><strong>xli.</strong></span> <span class='ocrx_word' id='word_1_4' title='bbox 671 180 797 282; x_wconf 73' lang='lat' dir='ltr'><strong>cutura</strong></span> <span class='ocrx_word' id='word_1_5' title='bbox 817 181 928 230; x_wconf 74' lang='lat' dir='ltr'><strong>cismo</strong></span> <span class='ocrx_word' id='word_1_6' title='bbox 948 182 990 230; x_wconf 85' lang='lat' dir='ltr'><strong>rr</strong></span> <span class='ocrx_word' id='word_1_7' title='bbox 1006 167 1118 233; x_wconf 58' lang='lat' dir='ltr'><strong>noas?</strong></span> 
     </span>
    </p>
   </div>
   <div class='ocr_carea' id='block_1_2' title="bbox 173 319 1368 623">
    <p class='ocr_par' dir='ltr' id='par_1_2' title="bbox 173 319 1368 623">
     <span class='ocr_line' id='line_1_2' title="bbox 204 319 1323 408; baseline 0.001 -19"><span class='ocrx_word' id='word_1_8' title='bbox 204 347 289 405; x_wconf 81' lang='lat' dir='ltr'><strong>rom,</strong></span> <span class='ocrx_word' id='word_1_9' title='bbox 309 319 462 401; x_wconf 78' lang='lat' dir='ltr'><strong>Domine,</strong></span> <span class='ocrx_word' id='word_1_10' title='bbox 481 327 642 386; x_wconf 86' lang='lat' dir='ltr'><strong>memento</strong></span> <span class='ocrx_word' id='word_1_11' title='bbox 663 321 738 398; x_wconf 83' lang='lat' dir='ltr'><strong>mei,</strong></span> <span class='ocrx_word' id='word_1_12' title='bbox 757 339 856 406; x_wconf 86' lang='lat' dir='ltr'><strong>quum</strong></span> <span class='ocrx_word' id='word_1_13' title='bbox 876 322 1005 388; x_wconf 86' lang='lat' dir='ltr'><strong>veneris</strong></span> <span class='ocrx_word' id='word_1_14' title='bbox 1024 321 1058 386; x_wconf 91' lang='lat' dir='ltr'><strong>in</strong></span> <span class='ocrx_word' id='word_1_15' title='bbox 1078 343 1211 408; x_wconf 76' lang='lat' dir='ltr'><strong>regnum</strong></span> <span class='ocrx_word' id='word_1_16' title='bbox 1234 333 1323 391; x_wconf 89' lang='lat' dir='ltr'><strong>tunm.</strong></span> 
     </span>
     <span class='ocr_line' id='line_1_3' title="bbox 204 419 1368 516; baseline 0.001 -21"><span class='ocrx_word' id='word_1_17' title='bbox 204 430 257 496; x_wconf 73' lang='lat' dir='ltr'><strong>tt</strong></span> <span class='ocrx_word' id='word_1_18' title='bbox 277 427 366 492; x_wconf 83' lang='lat' dir='ltr'><strong>Dixit</strong></span> <span class='ocrx_word' id='word_1_19' title='bbox 390 423 440 492; x_wconf 89' lang='lat' dir='ltr'><strong>illi</strong></span> <span class='ocrx_word' id='word_1_20' title='bbox 467 425 572 500; x_wconf 89' lang='lat' dir='ltr'><strong>Iesus,</strong></span> <span class='ocrx_word' id='word_1_21' title='bbox 605 422 707 488; x_wconf 75' lang='lat' dir='ltr'><strong>Amen</strong></span> <span class='ocrx_word' id='word_1_22' title='bbox 730 419 804 490; x_wconf 91' lang='lat' dir='ltr'><strong>dico</strong></span> <span class='ocrx_word' id='word_1_23' title='bbox 820 422 897 504; x_wconf 86' lang='lat' dir='ltr'><strong>tibi,</strong></span> <span class='ocrx_word' id='word_1_24' title='bbox 930 423 1031 492; x_wconf 79' lang='lat' dir='ltr'><strong>lindie</strong></span> <span class='ocrx_word' id='word_1_25' title='bbox 1057 445 1181 492; x_wconf 86' lang='lat' dir='ltr'><strong>mecum</strong></span> <span class='ocrx_word' id='word_1_26' title='bbox 1208 429 1325 496; x_wconf 88' lang='lat' dir='ltr'><strong>crisin</strong></span> <span class='ocrx_word' id='word_1_27' title='bbox 1367 487 1368 516; x_wconf 20' lang='grc' dir='ltr'>ἦ</span> 
     </span>
     <span class='ocr_line' id='line_1_4' title="bbox 173 529 1368 623; baseline -0.004 -25"><span class='ocrx_word' id='word_1_28' title='bbox 173 558 176 569; x_wconf 94' lang='grc'><strong><em>·</em></strong></span> <span class='ocrx_word' id='word_1_29' title='bbox 204 529 365 623; x_wconf 72' lang='lat' dir='ltr'><strong>paratino.</strong></span> <span class='ocrx_word' id='word_1_30' title='bbox 1367 529 1368 580; x_wconf 81' lang='lat' dir='ltr'><strong>l</strong></span> 
     </span>
    </p>
   </div>
   <div class='ocr_carea' id='block_1_3' title="bbox 109 618 1368 2931">
    <p class='ocr_par' dir='ltr' id='par_1_3' title="bbox 109 618 1368 2931">
     <span class='ocr_line' id='line_1_5' title="bbox 941 618 953 648; baseline 0 0"><span class='ocrx_word' id='word_1_31' title='bbox 941 618 953 648; x_wconf 75' lang='lat' dir='ltr'><strong>t</strong></span> 
     </span>
     <span class='ocr_line' id='line_1_6' title="bbox 280 701 1323 788; baseline 0 -18"><span class='ocrx_word' id='word_1_32' title='bbox 280 703 383 770; x_wconf 77' lang='lat' dir='ltr'><strong>Mettis.</strong></span> <span class='ocrx_word' id='word_1_33' title='bbox 401 704 450 768; x_wconf 78' lang='grc'><strong>39.</strong></span> <span class='ocrx_word' id='word_1_34' title='bbox 488 703 846 765; x_wconf 62' lang='lat' dir='ltr'><strong>menecratem.</strong></span> <span class='ocrx_word' id='word_1_35' title='bbox 888 701 941 763; x_wconf 87' lang='lat' dir='ltr'><strong>His</strong></span> <span class='ocrx_word' id='word_1_36' title='bbox 961 702 1175 766; x_wconf 86' lang='lat' dir='ltr'><strong>circumstantiis</strong></span> <span class='ocrx_word' id='word_1_37' title='bbox 1196 727 1323 788; x_wconf 83' lang='lat' dir='ltr'><strong>magnum</strong></span> 
     </span>
     <span class='ocr_line' id='line_1_7' title="bbox 205 779 1324 864; baseline -0.004 -18"><span class='ocrx_word' id='word_1_38' title='bbox 205 787 278 846; x_wconf 86' lang='lat' dir='ltr'><strong>inest</strong></span> <span class='ocrx_word' id='word_1_39' title='bbox 296 782 420 864; x_wconf 84' lang='lat' dir='ltr'><strong>pondus:</strong></span> <span class='ocrx_word' id='word_1_40' title='bbox 443 799 509 841; x_wconf 86' lang='lat' dir='ltr'><strong>nam</strong></span> <span class='ocrx_word' id='word_1_41' title='bbox 527 792 592 841; x_wconf 85' lang='lat' dir='ltr'><strong>ante</strong></span> <span class='ocrx_word' id='word_1_42' title='bbox 610 779 710 841; x_wconf 89' lang='lat' dir='ltr'><strong>oculos</strong></span> <span class='ocrx_word' id='word_1_43' title='bbox 730 779 812 840; x_wconf 85' lang='lat' dir='ltr'><strong>nobis</strong></span> <span class='ocrx_word' id='word_1_44' title='bbox 852 779 946 838; x_wconf 90' lang='lat' dir='ltr'><strong>onitur</strong></span> <span class='ocrx_word' id='word_1_45' title='bbox 968 792 1093 842; x_wconf 83' lang='lat' dir='ltr'><strong>extrema</strong></span> <span class='ocrx_word' id='word_1_46' title='bbox 1111 781 1175 841; x_wconf 87' lang='lat' dir='ltr'><strong>Filii</strong></span> <span class='ocrx_word' id='word_1_47' title='bbox 1195 784 1252 844; x_wconf 89' lang='lat' dir='ltr'><strong>Dei</strong></span> <span class='ocrx_word' id='word_1_48' title='bbox 1271 785 1324 844; x_wconf 87' lang='lat' dir='ltr'><strong>axi-</strong></span> 
     </span>
     <span class='ocr_line' id='line_1_8' title="bbox 148 799 1323 940; baseline -0.001 -19"><span class='ocrx_word' id='word_1_49' title='bbox 148 865 151 874; x_wconf 86' lang='grc'><strong>“</strong></span> <span class='ocrx_word' id='word_1_50' title='bbox 203 861 326 934; x_wconf 85' lang='lat' dir='ltr'><strong>naoitio,</strong></span> <span class='ocrx_word' id='word_1_51' title='bbox 344 879 405 940; x_wconf 87' lang='lat' dir='ltr'><strong>quo</strong></span> <span class='ocrx_word' id='word_1_52' title='bbox 423 856 523 920; x_wconf 88' lang='lat' dir='ltr'><strong>melius</strong></span> <span class='ocrx_word' id='word_1_53' title='bbox 541 867 686 938; x_wconf 77' lang='lat' dir='ltr'><strong>appareat,</strong></span> <span class='ocrx_word' id='word_1_54' title='bbox 711 856 808 936; x_wconf 86' lang='lat' dir='ltr'><strong>quanti</strong></span> <span class='ocrx_word' id='word_1_55' title='bbox 825 799 864 914; x_wconf 88' lang='lat' dir='ltr'><strong>illi</strong></span> <span class='ocrx_word' id='word_1_56' title='bbox 884 856 1041 917; x_wconf 83' lang='lat' dir='ltr'><strong>constiterit</strong></span> <span class='ocrx_word' id='word_1_57' title='bbox 1059 857 1262 920; x_wconf 84' lang='lat' dir='ltr'><strong>salosnostra:</strong></span> <span class='ocrx_word' id='word_1_58' title='bbox 1291 861 1323 922; x_wconf 90' lang='lat' dir='ltr'><strong>si-</strong></span> 
     </span>
     <span class='ocr_line' id='line_1_9' title="bbox 203 931 1324 1018; baseline -0.002 -20"><span class='ocrx_word' id='word_1_59' title='bbox 203 937 317 1018; x_wconf 86' lang='lat' dir='ltr'><strong>mulque</strong></span> <span class='ocrx_word' id='word_1_60' title='bbox 334 945 497 1016; x_wconf 83' lang='lat' dir='ltr'><strong>reputantes</strong></span> <span class='ocrx_word' id='word_1_61' title='bbox 514 955 568 994; x_wconf 92' lang='lat' dir='ltr'><strong>nos</strong></span> <span class='ocrx_word' id='word_1_62' title='bbox 587 933 727 1016; x_wconf 76' lang='lat' dir='ltr'><strong>omnibus,</strong></span> <span class='ocrx_word' id='word_1_63' title='bbox 747 953 815 1013; x_wconf 87' lang='lat' dir='ltr'><strong>quas</strong></span> <span class='ocrx_word' id='word_1_64' title='bbox 834 931 978 1007; x_wconf 77' lang='lat' dir='ltr'><strong>sustinuit,</strong></span> <span class='ocrx_word' id='word_1_65' title='bbox 995 933 1097 1014; x_wconf 89' lang='lat' dir='ltr'><strong>poenis</strong></span> <span class='ocrx_word' id='word_1_66' title='bbox 1114 934 1176 995; x_wconf 89' lang='lat' dir='ltr'><strong>iure</strong></span> <span class='ocrx_word' id='word_1_67' title='bbox 1196 956 1258 998; x_wconf 88' lang='lat' dir='ltr'><strong>esse</strong></span> <span class='ocrx_word' id='word_1_68' title='bbox 1277 939 1324 998; x_wconf 80' lang='lat' dir='ltr'><strong>olr-</strong></span> 
     </span>
     <span class='ocr_line' id='line_1_10' title="bbox 175 1007 1323 1094; baseline -0.003 -18"><span class='ocrx_word' id='word_1_69' title='bbox 175 1007 318 1088; x_wconf 62' lang='lat' dir='ltr'><strong>&#39;noxios,</strong></span> <span class='ocrx_word' id='word_1_70' title='bbox 351 1011 496 1094; x_wconf 77' lang='lat' dir='ltr'><strong>magisne</strong></span> <span class='ocrx_word' id='word_1_71' title='bbox 519 1009 607 1094; x_wconf 79' lang='lat' dir='ltr'><strong>tnagis</strong></span> <span class='ocrx_word' id='word_1_72' title='bbox 630 1009 782 1072; x_wconf 85' lang='lat' dir='ltr'><strong>incitemur</strong></span> <span class='ocrx_word' id='word_1_73' title='bbox 803 1010 838 1078; x_wconf 75' lang='lat' dir='ltr'><strong>‚ad</strong></span> <span class='ocrx_word' id='word_1_74' title='bbox 866 1008 1079 1088; x_wconf 69' lang='lat' dir='ltr'><strong>poenitentiam.</strong></span> <span class='ocrx_word' id='word_1_75' title='bbox 1121 1012 1195 1071; x_wconf 88' lang='lat' dir='ltr'><strong>Nam</strong></span> <span class='ocrx_word' id='word_1_76' title='bbox 1218 1012 1250 1071; x_wconf 93' lang='lat' dir='ltr'><strong>in</strong></span> <span class='ocrx_word' id='word_1_77' title='bbox 1275 1013 1323 1073; x_wconf 87' lang='lat' dir='ltr'><strong>boc</strong></span> 
     </span>
     <span class='ocr_line' id='line_1_11' title="bbox 204 1083 1322 1184; baseline -0.004 -30"><span class='ocrx_word' id='word_1_78' title='bbox 204 1087 366 1184; x_wconf 87' lang='lat' dir='ltr'><strong>spectaculo</strong></span> <span class='ocrx_word' id='word_1_79' title='bbox 389 1087 477 1168; x_wconf 88' lang='lat' dir='ltr'><strong>palam</strong></span> <span class='ocrx_word' id='word_1_80' title='bbox 495 1086 578 1147; x_wconf 87' lang='lat' dir='ltr'><strong>nobis</strong></span> <span class='ocrx_word' id='word_1_81' title='bbox 599 1087 678 1147; x_wconf 90' lang='lat' dir='ltr'><strong>Deos</strong></span> <span class='ocrx_word' id='word_1_82' title='bbox 698 1083 779 1158; x_wconf 85' lang='lat' dir='ltr'><strong>lecit,</strong></span> <span class='ocrx_word' id='word_1_83' title='bbox 804 1105 887 1166; x_wconf 88' lang='lat' dir='ltr'><strong>qoam</strong></span> <span class='ocrx_word' id='word_1_84' title='bbox 910 1085 1010 1160; x_wconf 81' lang='lat' dir='ltr'><strong>misera</strong></span> <span class='ocrx_word' id='word_1_85' title='bbox 1027 1086 1062 1150; x_wconf 89' lang='lat' dir='ltr'><strong>sit</strong></span> <span class='ocrx_word' id='word_1_86' title='bbox 1080 1097 1174 1149; x_wconf 90' lang='lat' dir='ltr'><strong>nostra</strong></span> <span class='ocrx_word' id='word_1_87' title='bbox 1195 1089 1322 1160; x_wconf 88' lang='lat' dir='ltr'><strong>conditio,</strong></span> 
     </span>
     <span class='ocr_line' id='line_1_12' title="bbox 203 1161 1324 1246; baseline -0.005 -16"><span class='ocrx_word' id='word_1_88' title='bbox 203 1191 226 1230; x_wconf 87' lang='lat' dir='ltr'><strong>n</strong></span> <span class='ocrx_word' id='word_1_89' title='bbox 249 1167 335 1230; x_wconf 87' lang='lat' dir='ltr'><strong>nobis</strong></span> <span class='ocrx_word' id='word_1_90' title='bbox 356 1162 467 1226; x_wconf 67' lang='lat' dir='ltr'><strong>denset</strong></span> <span class='ocrx_word' id='word_1_91' title='bbox 488 1165 674 1243; x_wconf 76' lang='lat' dir='ltr'><strong>Redemptor.</strong></span> <span class='ocrx_word' id='word_1_92' title='bbox 720 1161 872 1224; x_wconf 81' lang='lat' dir='ltr'><strong>Caeterum</strong></span> <span class='ocrx_word' id='word_1_93' title='bbox 901 1181 1083 1242; x_wconf 86' lang='lat' dir='ltr'><strong>quaecunque</strong></span> <span class='ocrx_word' id='word_1_94' title='bbox 1105 1163 1136 1222; x_wconf 92' lang='lat' dir='ltr'><strong>in</strong></span> <span class='ocrx_word' id='word_1_95' title='bbox 1160 1166 1324 1246; x_wconf 41' lang='lat' dir='ltr'><strong>se&#39;pertulit</strong></span> 
     </span>
     <span class='ocr_line' id='line_1_13' title="bbox 204 1237 1323 1318; baseline -0.004 -12"><span class='ocrx_word' id='word_1_96' title='bbox 204 1244 348 1318; x_wconf 82' lang='lat' dir='ltr'><strong>Christus,</strong></span> <span class='ocrx_word' id='word_1_97' title='bbox 375 1239 600 1302; x_wconf 85' lang='lat' dir='ltr'><strong>adlevationem</strong></span> <span class='ocrx_word' id='word_1_98' title='bbox 619 1247 743 1304; x_wconf 82' lang='lat' dir='ltr'><strong>nostrast</strong></span> <span class='ocrx_word' id='word_1_99' title='bbox 766 1237 867 1300; x_wconf 77' lang='lat' dir='ltr'><strong>referri</strong></span> <span class='ocrx_word' id='word_1_100' title='bbox 890 1237 1004 1298; x_wconf 87' lang='lat' dir='ltr'><strong>debent.</strong></span> <span class='ocrx_word' id='word_1_101' title='bbox 1052 1241 1119 1299; x_wconf 87' lang='lat' dir='ltr'><strong>Hoc</strong></span> <span class='ocrx_word' id='word_1_102' title='bbox 1139 1252 1215 1300; x_wconf 88' lang='lat' dir='ltr'><strong>certe</strong></span> <span class='ocrx_word' id='word_1_103' title='bbox 1234 1244 1323 1301; x_wconf 87' lang='lat' dir='ltr'><strong>omni-</strong></span> 
     </span>
     <span class='ocr_line' id='line_1_14' title="bbox 202 1311 1320 1398; baseline -0.004 -15"><span class='ocrx_word' id='word_1_104' title='bbox 202 1321 256 1382; x_wconf 83' lang='lat' dir='ltr'><strong>bus</strong></span> <span class='ocrx_word' id='word_1_105' title='bbox 274 1317 423 1381; x_wconf 82' lang='lat' dir='ltr'><strong>tormentis</strong></span> <span class='ocrx_word' id='word_1_106' title='bbox 448 1325 591 1378; x_wconf 75' lang='lat' dir='ltr'><strong>cerunren</strong></span> <span class='ocrx_word' id='word_1_107' title='bbox 614 1313 669 1374; x_wconf 86' lang='lat' dir='ltr'><strong>suit</strong></span> <span class='ocrx_word' id='word_1_108' title='bbox 687 1311 795 1389; x_wconf 86' lang='lat' dir='ltr'><strong>durius,</strong></span> <span class='ocrx_word' id='word_1_109' title='bbox 828 1315 904 1395; x_wconf 90' lang='lat' dir='ltr'><strong>quod</strong></span> <span class='ocrx_word' id='word_1_110' title='bbox 923 1333 1022 1376; x_wconf 86' lang='lat' dir='ltr'><strong>omnes</strong></span> <span class='ocrx_word' id='word_1_111' title='bbox 1044 1315 1120 1395; x_wconf 86' lang='lat' dir='ltr'><strong>qnasi</strong></span> <span class='ocrx_word' id='word_1_112' title='bbox 1139 1337 1154 1374; x_wconf 89' lang='lat' dir='ltr'><strong>a</strong></span> <span class='ocrx_word' id='word_1_113' title='bbox 1173 1319 1238 1378; x_wconf 87' lang='lat' dir='ltr'><strong>Deo</strong></span> <span class='ocrx_word' id='word_1_114' title='bbox 1259 1340 1320 1398; x_wconf 90' lang='lat' dir='ltr'><strong>pro·</strong></span> 
     </span>
     <span class='ocr_line' id='line_1_15' title="bbox 202 1389 1321 1483; baseline -0.005 -25"><span class='ocrx_word' id='word_1_115' title='bbox 202 1397 306 1458; x_wconf 87' lang='lat' dir='ltr'><strong>iectorn</strong></span> <span class='ocrx_word' id='word_1_116' title='bbox 333 1417 367 1455; x_wconf 88' lang='lat' dir='ltr'><strong>ac</strong></span> <span class='ocrx_word' id='word_1_117' title='bbox 392 1393 532 1454; x_wconf 88' lang='lat' dir='ltr'><strong>desertum</strong></span> <span class='ocrx_word' id='word_1_118' title='bbox 557 1391 679 1474; x_wconf 86' lang='lat' dir='ltr'><strong>probris.</strong></span> <span class='ocrx_word' id='word_1_119' title='bbox 692 1403 719 1452; x_wconf 90' lang='lat' dir='ltr'><strong>et</strong></span> <span class='ocrx_word' id='word_1_120' title='bbox 737 1389 919 1452; x_wconf 71' lang='lat' dir='ltr'><strong>coutumeliis</strong></span> <span class='ocrx_word' id='word_1_121' title='bbox 936 1404 1080 1451; x_wconf 83' lang='lat' dir='ltr'><strong>vexarunt</strong></span> <span class='ocrx_word' id='word_1_122' title='bbox 1116 1393 1244 1483; x_wconf 71' lang='lat' dir='ltr'><strong>Ideoque</strong></span> <span class='ocrx_word' id='word_1_123' title='bbox 1265 1397 1321 1454; x_wconf 88' lang='lat' dir='ltr'><strong>ita-</strong></span> 
     </span>
     <span class='ocr_line' id='line_1_16' title="bbox 201 1467 1322 1550; baseline -0.005 -14"><span class='ocrx_word' id='word_1_124' title='bbox 201 1474 250 1538; x_wconf 79' lang='lat' dir='ltr'><strong>rid</strong></span> <span class='ocrx_word' id='word_1_125' title='bbox 274 1471 385 1535; x_wconf 79' lang='lat' dir='ltr'><strong>Psaino</strong></span> <span class='ocrx_word' id='word_1_126' title='bbox 410 1473 476 1546; x_wconf 70' lang='lat'><strong>(22,</strong></span> <span class='ocrx_word' id='word_1_127' title='bbox 490 1471 549 1546; x_wconf 68' lang='lat' dir='ltr'><strong>t),</strong></span> <span class='ocrx_word' id='word_1_128' title='bbox 580 1467 685 1530; x_wconf 79' lang='lat' dir='ltr'><strong>Christi</strong></span> <span class='ocrx_word' id='word_1_129' title='bbox 710 1489 861 1547; x_wconf 89' lang='lat' dir='ltr'><strong>personam</strong></span> <span class='ocrx_word' id='word_1_130' title='bbox 911 1487 1007 1542; x_wconf 88' lang='lat' dir='ltr'><strong>erens,</strong></span> <span class='ocrx_word' id='word_1_131' title='bbox 1041 1469 1095 1530; x_wconf 85' lang='lat' dir='ltr'><strong>hoc</strong></span> <span class='ocrx_word' id='word_1_132' title='bbox 1119 1489 1270 1550; x_wconf 70' lang='lat' dir='ltr'><strong>praecipue</strong></span> <span class='ocrx_word' id='word_1_133' title='bbox 1296 1471 1322 1530; x_wconf 89' lang='lat' dir='ltr'><strong>in</strong></span> 
     </span>
     <span class='ocr_line' id='line_1_17' title="bbox 201 1543 1321 1628; baseline -0.004 -17"><span class='ocrx_word' id='word_1_134' title='bbox 201 1551 258 1612; x_wconf 89' lang='lat' dir='ltr'><strong>suis</strong></span> <span class='ocrx_word' id='word_1_135' title='bbox 275 1548 354 1610; x_wconf 86' lang='lat' dir='ltr'><strong>malis</strong></span> <span class='ocrx_word' id='word_1_136' title='bbox 373 1546 508 1628; x_wconf 84' lang='lat' dir='ltr'><strong>deplorat.</strong></span> <span class='ocrx_word' id='word_1_137' title='bbox 546 1546 584 1606; x_wconf 85' lang='lat' dir='ltr'><strong>Et</strong></span> <span class='ocrx_word' id='word_1_138' title='bbox 605 1556 686 1606; x_wconf 88' lang='lat' dir='ltr'><strong>certe</strong></span> <span class='ocrx_word' id='word_1_139' title='bbox 710 1543 778 1604; x_wconf 89' lang='lat' dir='ltr'><strong>nihil</strong></span> <span class='ocrx_word' id='word_1_140' title='bbox 803 1555 846 1606; x_wconf 85' lang='lat' dir='ltr'><strong>est</strong></span> <span class='ocrx_word' id='word_1_141' title='bbox 910 1544 948 1602; x_wconf 90' lang='lat' dir='ltr'><strong>od</strong></span> <span class='ocrx_word' id='word_1_142' title='bbox 971 1545 1092 1604; x_wconf 70' lang='lat' dir='ltr'><strong>amorius</strong></span> <span class='ocrx_word' id='word_1_143' title='bbox 1116 1545 1247 1606; x_wconf 83' lang='lat' dir='ltr'><strong>vulneret</strong></span> <span class='ocrx_word' id='word_1_144' title='bbox 1268 1547 1321 1628; x_wconf 91' lang='lat' dir='ltr'><strong>pias</strong></span> 
     </span>
     <span class='ocr_line' id='line_1_18' title="bbox 174 1619 1368 1763; baseline -0.003 0"><span class='ocrx_word' id='word_1_145' title='bbox 174 1631 329 1763; x_wconf 58' lang='lat' dir='ltr'><strong>&#39;t‘ffll‘tt</strong></span> <span class='ocrx_word' id='word_1_146' title='bbox 348 1621 639 1759; x_wconf 69' lang='lat' dir='ltr'><strong>³⁰²¹⁰rl¹¹t³¹¹¹tlt</strong></span> <span class='ocrx_word' id='word_1_147' title='bbox 658 1619 897 1758; x_wconf 66' lang='lat' dir='ltr'><strong>tttztts‘tt.</strong></span> <span class='ocrx_word' id='word_1_148' title='bbox 910 1619 1066 1762; x_wconf 56' lang='lat' dir='ltr'><strong>{dliii</strong></span> <span class='ocrx_word' id='word_1_149' title='bbox 1086 1641 1320 1759; x_wconf 68' lang='lat' dir='ltr'><strong>‘⁰‘¹¹ts.‘¹⁹t⁰.·</strong></span> <span class='ocrx_word' id='word_1_150' title='bbox 1367 1649 1368 1716; x_wconf 60' lang='lat' dir='ltr'><em>v</em></span> 
     </span>
     <span class='ocr_line' id='line_1_19' title="bbox 200 1717 1368 1863; baseline -0.002 -25"><span class='ocrx_word' id='word_1_151' title='bbox 200 1721 475 1858; x_wconf 49' lang='lat' dir='ltr'><strong>qixini’aulirsalllial.</strong></span> <span class='ocrx_word' id='word_1_152' title='bbox 493 1779 526 1847; x_wconf 76' lang='lat'><strong>4,</strong></span> <span class='ocrx_word' id='word_1_153' title='bbox 545 1717 711 1862; x_wconf 45' lang='lat' dir='ltr'><strong>&amp;idida</strong></span> <span class='ocrx_word' id='word_1_154' title='bbox 730 1785 861 1834; x_wconf 79' lang='lat' dir='ltr'><strong>vexatum</strong></span> <span class='ocrx_word' id='word_1_155' title='bbox 881 1771 964 1834; x_wconf 80' lang='lat' dir='ltr'><strong>fuisse</strong></span> <span class='ocrx_word' id='word_1_156' title='bbox 982 1773 1060 1836; x_wconf 89' lang='lat' dir='ltr'><strong>lsaac</strong></span> <span class='ocrx_word' id='word_1_157' title='bbox 1078 1773 1112 1863; x_wconf 80' lang='lat' dir='ltr'><strong>al)</strong></span> <span class='ocrx_word' id='word_1_158' title='bbox 1133 1718 1322 1838; x_wconf 57' lang='lat' dir='ltr'><strong>lmaeliunoi</strong></span> <span class='ocrx_word' id='word_1_159' title='bbox 1367 1851 1368 1856; x_wconf 7' lang='grc' dir='ltr'>ἵ</span> 
     </span>
     <span class='ocr_line' id='line_1_20' title="bbox 201 1849 1368 1935; baseline 0 -21"><span class='ocrx_word' id='word_1_160' title='bbox 201 1853 278 1935; x_wconf 85' lang='lat' dir='ltr'><strong>quod</strong></span> <span class='ocrx_word' id='word_1_161' title='bbox 298 1851 392 1934; x_wconf 86' lang='lat' dir='ltr'><strong>gladio</strong></span> <span class='ocrx_word' id='word_1_162' title='bbox 409 1862 438 1910; x_wconf 89' lang='lat' dir='ltr'><strong>et</strong></span> <span class='ocrx_word' id='word_1_163' title='bbox 455 1849 484 1910; x_wconf 84' lang='lat' dir='ltr'><strong>vi</strong></span> <span class='ocrx_word' id='word_1_164' title='bbox 503 1861 608 1910; x_wconf 72' lang='lat' dir='ltr'><strong>minata</strong></span> <span class='ocrx_word' id='word_1_165' title='bbox 629 1871 658 1908; x_wconf 89' lang='grc' dir='ltr'><strong>ιιι</strong></span> <span class='ocrx_word' id='word_1_166' title='bbox 678 1863 743 1910; x_wconf 84' lang='lat' dir='ltr'><strong>eunt</strong></span> <span class='ocrx_word' id='word_1_167' title='bbox 761 1851 890 1925; x_wconf 88' lang='lat' dir='ltr'><strong>saeviret,</strong></span> <span class='ocrx_word' id='word_1_168' title='bbox 911 1850 960 1910; x_wconf 89' lang='lat' dir='ltr'><strong>sed</strong></span> <span class='ocrx_word' id='word_1_169' title='bbox 978 1851 1109 1930; x_wconf 85' lang='lat' dir='ltr'><strong>qulaDer</strong></span> <span class='ocrx_word' id='word_1_170' title='bbox 1127 1851 1240 1932; x_wconf 82' lang='lat' dir='ltr'><strong>gratiam</strong></span> <span class='ocrx_word' id='word_1_171' title='bbox 1260 1854 1323 1914; x_wconf 81' lang='lat' dir='ltr'><strong>sutb-</strong></span> <span class='ocrx_word' id='word_1_172' title='bbox 1367 1873 1368 1888; x_wconf 37' lang='lat' dir='ltr'><strong>t</strong></span> 
     </span>
     <span class='ocr_line' id='line_1_21' title="bbox 201 1903 1368 2008; baseline -0.001 -17"><span class='ocrx_word' id='word_1_173' title='bbox 201 1949 334 2001; x_wconf 88' lang='lat' dir='ltr'><strong>sannaus,</strong></span> <span class='ocrx_word' id='word_1_174' title='bbox 358 1935 481 1989; x_wconf 85' lang='lat' dir='ltr'><strong>tentaret</strong></span> <span class='ocrx_word' id='word_1_175' title='bbox 506 1924 565 1996; x_wconf 85' lang='lat' dir='ltr'><strong>eius</strong></span> <span class='ocrx_word' id='word_1_176' title='bbox 584 1923 667 1984; x_wconf 85' lang='lat' dir='ltr'><strong>fidem</strong></span> <span class='ocrx_word' id='word_1_177' title='bbox 686 1925 859 1986; x_wconf 88' lang='lat' dir='ltr'><strong>subvertere.</strong></span> <span class='ocrx_word' id='word_1_178' title='bbox 896 1925 989 1988; x_wconf 86' lang='lat' dir='ltr'><strong>Porro</strong></span> <span class='ocrx_word' id='word_1_179' title='bbox 1009 1925 1057 1986; x_wconf 80' lang='lat' dir='ltr'><strong>tas</strong></span> <span class='ocrx_word' id='word_1_180' title='bbox 1076 1926 1239 1987; x_wconf 69' lang='lat' dir='ltr'><strong>tentationes</strong></span> <span class='ocrx_word' id='word_1_181' title='bbox 1261 1951 1324 2008; x_wconf 89' lang='lat' dir='ltr'><strong>per-</strong></span> <span class='ocrx_word' id='word_1_182' title='bbox 1367 1903 1368 1964; x_wconf 75' lang='lat' dir='ltr'><strong>l</strong></span> 
     </span>
     <span class='ocr_line' id='line_1_22' title="bbox 237 1999 1322 2083; baseline 0.002 -19"><span class='ocrx_word' id='word_1_183' title='bbox 237 2025 296 2066; x_wconf 88' lang='lat' dir='ltr'><strong>ssus</strong></span> <span class='ocrx_word' id='word_1_184' title='bbox 315 2015 358 2068; x_wconf 89' lang='lat' dir='ltr'><strong>est</strong></span> <span class='ocrx_word' id='word_1_185' title='bbox 376 2001 467 2063; x_wconf 82' lang='lat' dir='ltr'><strong>David</strong></span> <span class='ocrx_word' id='word_1_186' title='bbox 485 1999 619 2082; x_wconf 89' lang='lat' dir='ltr'><strong>primum,</strong></span> <span class='ocrx_word' id='word_1_187' title='bbox 638 2001 740 2082; x_wconf 70' lang='lat' dir='ltr'><strong>deinde</strong></span> <span class='ocrx_word' id='word_1_188' title='bbox 762 2001 889 2064; x_wconf 83' lang='lat' dir='ltr'><strong>Christus</strong></span> <span class='ocrx_word' id='word_1_189' title='bbox 909 2003 981 2083; x_wconf 89' lang='lat' dir='ltr'><strong>ipse,</strong></span> <span class='ocrx_word' id='word_1_190' title='bbox 996 2008 1043 2065; x_wconf 65' lang='lat' dir='ltr'><strong>‘ne</strong></span> <span class='ocrx_word' id='word_1_191' title='bbox 1063 2003 1111 2064; x_wconf 76' lang='lat' dir='ltr'><strong>dra</strong></span> <span class='ocrx_word' id='word_1_192' title='bbox 1129 2003 1250 2064; x_wconf 85' lang='lat' dir='ltr'><strong>novitate</strong></span> <span class='ocrx_word' id='word_1_193' title='bbox 1271 2027 1322 2066; x_wconf 90' lang='lat' dir='ltr'><strong>nos</strong></span> 
     </span>
     <span class='ocr_line' id='line_1_23' title="bbox 191 2023 1320 2161; baseline -0.004 -17"><span class='ocrx_word' id='word_1_194' title='bbox 191 2023 287 2146; x_wconf 56' lang='lat' dir='ltr'><strong>leodic</strong></span> <span class='ocrx_word' id='word_1_195' title='bbox 313 2080 434 2142; x_wconf 80' lang='lat' dir='ltr'><strong>nimium</strong></span> <span class='ocrx_word' id='word_1_196' title='bbox 457 2089 591 2142; x_wconf 84' lang='lat' dir='ltr'><strong>terreant</strong></span> <span class='ocrx_word' id='word_1_197' title='bbox 635 2077 737 2157; x_wconf 83' lang='lat' dir='ltr'><strong>Neque</strong></span> <span class='ocrx_word' id='word_1_198' title='bbox 760 2077 837 2142; x_wconf 87' lang='lat' dir='ltr'><strong>enim</strong></span> <span class='ocrx_word' id='word_1_199' title='bbox 863 2101 901 2144; x_wconf 88' lang='lat' dir='ltr'><strong>un</strong></span> <span class='ocrx_word' id='word_1_200' title='bbox 923 2084 987 2142; x_wconf 67' lang='lat' dir='ltr'><strong>aar!</strong></span> <span class='ocrx_word' id='word_1_201' title='bbox 1007 2079 1128 2146; x_wconf 71' lang='lat' dir='ltr'><strong>deertnt</strong></span> <span class='ocrx_word' id='word_1_202' title='bbox 1148 2080 1240 2160; x_wconf 87' lang='lat' dir='ltr'><strong>impii,</strong></span> <span class='ocrx_word' id='word_1_203' title='bbox 1277 2082 1320 2161; x_wconf 86' lang='lat' dir='ltr'><strong>qui</strong></span> 
     </span>
     <span class='ocr_line' id='line_1_24' title="bbox 200 2101 1368 2230; baseline -0.002 -8"><span class='ocrx_word' id='word_1_204' title='bbox 200 2158 304 2222; x_wconf 87' lang='lat' dir='ltr'><strong>nostris</strong></span> <span class='ocrx_word' id='word_1_205' title='bbox 328 2155 446 2220; x_wconf 85' lang='lat' dir='ltr'><strong>miseriis</strong></span> <span class='ocrx_word' id='word_1_206' title='bbox 473 2153 617 2215; x_wconf 84' lang='lat' dir='ltr'><strong>insultent.</strong></span> <span class='ocrx_word' id='word_1_207' title='bbox 664 2155 702 2214; x_wconf 86' lang='lat' dir='ltr'><strong>Et</strong></span> <span class='ocrx_word' id='word_1_208' title='bbox 725 2153 782 2216; x_wconf 81' lang='lat' dir='ltr'><strong>ltoc</strong></span> <span class='ocrx_word' id='word_1_209' title='bbox 809 2167 852 2216; x_wconf 89' lang='lat' dir='ltr'><strong>cst</strong></span> <span class='ocrx_word' id='word_1_210' title='bbox 876 2101 1006 2217; x_wconf 73' lang='lat' dir='ltr'><strong>sollenne</strong></span> <span class='ocrx_word' id='word_1_211' title='bbox 1027 2157 1145 2216; x_wconf 88' lang='lat' dir='ltr'><strong>Satanae</strong></span> <span class='ocrx_word' id='word_1_212' title='bbox 1170 2158 1321 2230; x_wconf 80' lang='lat' dir='ltr'><strong>artificium,</strong></span> <span class='ocrx_word' id='word_1_213' title='bbox 1367 2203 1368 2220; x_wconf 49' lang='grc' dir='ltr'>ι</span> 
     </span>
     <span class='ocr_line' id='line_1_25' title="bbox 200 2231 1317 2319; baseline -0.004 -21"><span class='ocrx_word' id='word_1_214' title='bbox 200 2236 310 2319; x_wconf 85' lang='lat' dir='ltr'><strong>quoties</strong></span> <span class='ocrx_word' id='word_1_215' title='bbox 328 2255 388 2296; x_wconf 91' lang='lat' dir='ltr'><strong>nou</strong></span> <span class='ocrx_word' id='word_1_216' title='bbox 406 2234 484 2294; x_wconf 87' lang='lat' dir='ltr'><strong>adest</strong></span> <span class='ocrx_word' id='word_1_217' title='bbox 501 2231 584 2292; x_wconf 87' lang='lat' dir='ltr'><strong>nobis</strong></span> <span class='ocrx_word' id='word_1_218' title='bbox 603 2233 681 2292; x_wconf 84' lang='lat' dir='ltr'><strong>Dens</strong></span> <span class='ocrx_word' id='word_1_219' title='bbox 701 2253 754 2312; x_wconf 90' lang='lat' dir='ltr'><strong>pro</strong></span> <span class='ocrx_word' id='word_1_220' title='bbox 774 2247 851 2307; x_wconf 89' lang='lat' dir='ltr'><strong>voto,</strong></span> <span class='ocrx_word' id='word_1_221' title='bbox 870 2233 919 2292; x_wconf 89' lang='lat' dir='ltr'><strong>sed</strong></span> <span class='ocrx_word' id='word_1_222' title='bbox 937 2232 1066 2293; x_wconf 83' lang='lat' dir='ltr'><strong>auxilium</strong></span> <span class='ocrx_word' id='word_1_223' title='bbox 1084 2253 1166 2293; x_wconf 89' lang='lat' dir='ltr'><strong>suurn</strong></span> <span class='ocrx_word' id='word_1_224' title='bbox 1184 2234 1317 2314; x_wconf 79' lang='lat' dir='ltr'><strong>paulisper</strong></span> 
     </span>
     <span class='ocr_line' id='line_1_26' title="bbox 201 2307 1368 2390; baseline -0.008 -13"><span class='ocrx_word' id='word_1_225' title='bbox 201 2313 336 2389; x_wconf 67' lang='lat' dir='ltr'><strong>occultat,</strong></span> <span class='ocrx_word' id='word_1_226' title='bbox 353 2311 486 2382; x_wconf 87' lang='lat' dir='ltr'><strong>obiicere,</strong></span> <span class='ocrx_word' id='word_1_227' title='bbox 506 2330 559 2369; x_wconf 87' lang='lat' dir='ltr'><strong>nos</strong></span> <span class='ocrx_word' id='word_1_228' title='bbox 575 2307 674 2369; x_wconf 79' lang='lat' dir='ltr'><strong>frustra</strong></span> <span class='ocrx_word' id='word_1_229' title='bbox 687 2329 821 2390; x_wconf 78' lang='lat' dir='ltr'><strong>sperasse,</strong></span> <span class='ocrx_word' id='word_1_230' title='bbox 841 2309 918 2387; x_wconf 85' lang='lat' dir='ltr'><strong>quasi</strong></span> <span class='ocrx_word' id='word_1_231' title='bbox 937 2309 1012 2368; x_wconf 90' lang='lat' dir='ltr'><strong>irrita</strong></span> <span class='ocrx_word' id='word_1_232' title='bbox 1031 2311 1067 2369; x_wconf 87' lang='lat' dir='ltr'><strong>sit</strong></span> <span class='ocrx_word' id='word_1_233' title='bbox 1084 2309 1143 2376; x_wconf 78' lang='lat' dir='ltr'><strong>cius</strong></span> <span class='ocrx_word' id='word_1_234' title='bbox 1165 2313 1317 2390; x_wconf 86' lang='lat' dir='ltr'><strong>promissio.</strong></span> <span class='ocrx_word' id='word_1_235' title='bbox 1367 2321 1368 2330; x_wconf 60' lang='lat'>¹</span> 
     </span>
     <span class='ocr_line' id='line_1_27' title="bbox 275 2381 1317 2468; baseline -0.004 -20"><span class='ocrx_word' id='word_1_236' title='bbox 275 2393 324 2452; x_wconf 80' lang='lat' dir='ltr'><strong>dli.</strong></span> <span class='ocrx_word' id='word_1_237' title='bbox 366 2391 410 2449; x_wconf 80' lang='lat' dir='ltr'><strong>Tre</strong></span> <span class='ocrx_word' id='word_1_238' title='bbox 431 2391 485 2466; x_wconf 82' lang='lat' dir='ltr'><strong>qai</strong></span> <span class='ocrx_word' id='word_1_239' title='bbox 506 2381 682 2445; x_wconf 71' lang='lat' dir='ltr'><strong>destinabas</strong></span> <span class='ocrx_word' id='word_1_240' title='bbox 704 2387 852 2462; x_wconf 78' lang='lat' dir='ltr'><strong>templum.</strong></span> <span class='ocrx_word' id='word_1_241' title='bbox 912 2385 1049 2446; x_wconf 82' lang='lat' dir='ltr'><strong>Vanitatis</strong></span> <span class='ocrx_word' id='word_1_242' title='bbox 1072 2399 1194 2468; x_wconf 85' lang='lat' dir='ltr'><strong>arguunt</strong></span> <span class='ocrx_word' id='word_1_243' title='bbox 1218 2385 1317 2448; x_wconf 84' lang='lat' dir='ltr'><strong>Christi</strong></span> 
     </span>
     <span class='ocr_line' id='line_1_28' title="bbox 109 2461 1342 2556; baseline -0.002 -30"><span class='ocrx_word' id='word_1_244' title='bbox 109 2497 117 2508; x_wconf 90' lang='lat'><em>·</em></span> <span class='ocrx_word' id='word_1_245' title='bbox 199 2464 453 2556; x_wconf 54' lang='lat' dir='ltr'><strong>doctrinamquia</strong></span> <span class='ocrx_word' id='word_1_246' title='bbox 471 2462 617 2537; x_wconf 79' lang='lat' dir='ltr'><strong>virtutem,</strong></span> <span class='ocrx_word' id='word_1_247' title='bbox 637 2478 720 2552; x_wconf 76' lang='lat' dir='ltr'><strong>quarn</strong></span> <span class='ocrx_word' id='word_1_248' title='bbox 739 2462 792 2553; x_wconf 73' lang='lat' dir='ltr'><strong>sihi</strong></span> <span class='ocrx_word' id='word_1_249' title='bbox 810 2461 941 2536; x_wconf 76' lang='lat' dir='ltr'><strong>asseruit,</strong></span> <span class='ocrx_word' id='word_1_250' title='bbox 960 2463 1122 2553; x_wconf 70' lang='lat' dir='ltr'><strong>nuncdum</strong></span> <span class='ocrx_word' id='word_1_251' title='bbox 1141 2481 1256 2556; x_wconf 72' lang='lat' dir='ltr'><strong>necesse</strong></span> <span class='ocrx_word' id='word_1_252' title='bbox 1271 2475 1318 2537; x_wconf 84' lang='lat' dir='ltr'><strong>est,</strong></span> <span class='ocrx_word' id='word_1_253' title='bbox 1340 2531 1342 2538; x_wconf 32' lang='lat'><strong>¹</strong></span> 
     </span>
     <span class='ocr_line' id='line_1_29' title="bbox 199 2541 1320 2696; baseline 0 -21"><span class='ocrx_word' id='word_1_254' title='bbox 199 2541 708 2696; x_wconf 52' lang='lat' dir='ltr'><strong>illidiliiiiiditsalsslll</strong></span> <span class='ocrx_word' id='word_1_255' title='bbox 725 2541 1320 2695; x_wconf 65' lang='lat' dir='ltr'><strong>tt?..titt..“tt.‘lt⁰tt&#39;.tttttt</strong></span> 
     </span>
     <span class='ocr_line' id='line_1_30' title="bbox 198 2683 1368 2774; baseline 0 -23"><span class='ocrx_word' id='word_1_256' title='bbox 198 2691 309 2752; x_wconf 84' lang='lat' dir='ltr'><strong>veritas.</strong></span> <span class='ocrx_word' id='word_1_257' title='bbox 335 2692 464 2751; x_wconf 79' lang='lat' dir='ltr'><strong>&#39;Dixerat</strong></span> <span class='ocrx_word' id='word_1_258' title='bbox 485 2683 626 2765; x_wconf 63' lang='lat' dir='ltr'><strong>Chritus,</strong></span> <span class='ocrx_word' id='word_1_259' title='bbox 662 2691 808 2751; x_wconf 88' lang='lat' dir='ltr'><strong>Destruite</strong></span> <span class='ocrx_word' id='word_1_260' title='bbox 825 2691 959 2774; x_wconf 85' lang='lat' dir='ltr'><strong>templdm</strong></span> <span class='ocrx_word' id='word_1_261' title='bbox 978 2693 1052 2766; x_wconf 79' lang='lat' dir='ltr'><strong>ltoc,¹</strong></span> <span class='ocrx_word' id='word_1_262' title='bbox 1078 2704 1108 2752; x_wconf 89' lang='lat' dir='ltr'><strong>ct</strong></span> <span class='ocrx_word' id='word_1_263' title='bbox 1125 2691 1218 2752; x_wconf 89' lang='lat' dir='ltr'><strong>triduo</strong></span> <span class='ocrx_word' id='word_1_264' title='bbox 1236 2693 1319 2754; x_wconf 86' lang='lat' dir='ltr'><strong>susci·</strong></span> <span class='ocrx_word' id='word_1_265' title='bbox 1367 2715 1368 2718; x_wconf 43' lang='lat'>¹</span> 
     </span>
     <span class='ocr_line' id='line_1_31' title="bbox 198 2767 1368 2864; baseline -0.002 -34"><span class='ocrx_word' id='word_1_266' title='bbox 198 2769 265 2831; x_wconf 63' lang='lat' dir='ltr'><strong>mbo</strong></span> <span class='ocrx_word' id='word_1_267' title='bbox 294 2769 395 2849; x_wconf 68' lang='lat' dir='ltr'><strong>ipsuni&#39;</strong></span> <span class='ocrx_word' id='word_1_268' title='bbox 451 2767 545 2830; x_wconf 78' lang='lat' dir='ltr'><strong>Nunc·</strong></span> <span class='ocrx_word' id='word_1_269' title='bbox 564 2767 639 2827; x_wconf 90' lang='lat' dir='ltr'><strong>inter</strong></span> <span class='ocrx_word' id='word_1_270' title='bbox 666 2769 764 2828; x_wconf 86' lang='lat' dir='ltr'><strong>ruinae</strong></span> <span class='ocrx_word' id='word_1_271' title='bbox 793 2768 928 2864; x_wconf 65' lang='lat' dir='ltr'><strong>principia</strong></span> <span class='ocrx_word' id='word_1_272' title='bbox 959 2789 1123 2848; x_wconf 85' lang='lat' dir='ltr'><strong>praecocem</strong></span> <span class='ocrx_word' id='word_1_273' title='bbox 1152 2767 1318 2850; x_wconf 83' lang='lat' dir='ltr'><strong>triumphum</strong></span> <span class='ocrx_word' id='word_1_274' title='bbox 1367 2785 1368 2856; x_wconf 60' lang='lat' dir='ltr'><strong>p</strong></span> 
     </span>
     <span class='ocr_line' id='line_1_32' title="bbox 197 2841 1368 2931; baseline -0.003 -23"><span class='ocrx_word' id='word_1_275' title='bbox 197 2856 328 2931; x_wconf 83' lang='lat' dir='ltr'><strong>agentes,</strong></span> <span class='ocrx_word' id='word_1_276' title='bbox 353 2843 440 2906; x_wconf 89' lang='lat' dir='ltr'><strong>tridui</strong></span> <span class='ocrx_word' id='word_1_277' title='bbox 461 2863 570 2902; x_wconf 86' lang='lat' dir='ltr'><strong>moram</strong></span> <span class='ocrx_word' id='word_1_278' title='bbox 594 2863 655 2904; x_wconf 90' lang='lat' dir='ltr'><strong>non</strong></span> <span class='ocrx_word' id='word_1_279' title='bbox 678 2857 848 2924; x_wconf 83' lang='lat' dir='ltr'><strong>exspectant.</strong></span> <span class='ocrx_word' id='word_1_280' title='bbox 893 2841 1027 2908; x_wconf 68' lang='lat' dir='ltr'><strong>fatiscit</strong></span> <span class='ocrx_word' id='word_1_281' title='bbox 1050 2843 1199 2925; x_wconf 58' lang='lat' dir='ltr'><strong>improprii</strong></span> <span class='ocrx_word' id='word_1_282' title='bbox 1219 2858 1315 2906; x_wconf 90' lang='lat' dir='ltr'><strong>contra</strong></span> <span class='ocrx_word' id='word_1_283' title='bbox 1367 2879 1368 2926; x_wconf 59' lang='lat' dir='ltr'><strong>p</strong></span> 
     </span>
    </p>
   </div>
   <div class='ocr_carea' id='block_1_4' title="bbox 196 2917 1368 3170">
    <p class='ocr_par' dir='ltr' id='par_1_4' title="bbox 196 2917 1368 3170">
     <span class='ocr_line' id='line_1_33' title="bbox 197 2917 1368 3002; baseline -0.002 -18"><span class='ocrx_word' id='word_1_284' title='bbox 197 2945 296 2985; x_wconf 87' lang='lat' dir='ltr'><strong>ornnes</strong></span> <span class='ocrx_word' id='word_1_285' title='bbox 315 2921 373 2984; x_wconf 90' lang='lat' dir='ltr'><strong>Dei</strong></span> <span class='ocrx_word' id='word_1_286' title='bbox 386 2919 459 2982; x_wconf 80' lang='lat' dir='ltr'><strong>filios</strong></span> <span class='ocrx_word' id='word_1_287' title='bbox 478 2917 639 2996; x_wconf 81' lang='lat' dir='ltr'><strong>insolentia,</strong></span> <span class='ocrx_word' id='word_1_288' title='bbox 662 2921 728 2982; x_wconf 84' lang='lat' dir='ltr'><strong>dura</strong></span> <span class='ocrx_word' id='word_1_289' title='bbox 748 2933 894 3001; x_wconf 85' lang='lat' dir='ltr'><strong>praetextu</strong></span> <span class='ocrx_word' id='word_1_290' title='bbox 914 2919 1002 2982; x_wconf 88' lang='lat' dir='ltr'><strong>crucis</strong></span> <span class='ocrx_word' id='word_1_291' title='bbox 1020 2943 1098 3002; x_wconf 89' lang='lat' dir='ltr'><strong>spem</strong></span> <span class='ocrx_word' id='word_1_292' title='bbox 1119 2920 1134 2979; x_wconf 85' lang='lat' dir='ltr'>f</span> <span class='ocrx_word' id='word_1_293' title='bbox 1181 2943 1225 2982; x_wconf 89' lang='lat' dir='ltr'><strong>rae</strong></span> <span class='ocrx_word' id='word_1_294' title='bbox 1243 2921 1315 2982; x_wconf 87' lang='lat' dir='ltr'><strong>vitae</strong></span> <span class='ocrx_word' id='word_1_295' title='bbox 1367 2931 1368 2964; x_wconf 64' lang='lat' dir='ltr'><strong>l</strong></span> 
     </span>
     <span class='ocr_line' id='line_1_34' title="bbox 196 2933 1315 3170; baseline -0.004 -110"><span class='ocrx_word' id='word_1_296' title='bbox 196 3001 250 3062; x_wconf 91' lang='lat' dir='ltr'><strong>illis</strong></span> <span class='ocrx_word' id='word_1_297' title='bbox 268 3000 428 3079; x_wconf 79' lang='lat' dir='ltr'><strong>praecidere</strong></span> <span class='ocrx_word' id='word_1_298' title='bbox 443 2993 599 3057; x_wconf 70' lang='lat' dir='ltr'><strong>&#39;conantori</strong></span> <span class='ocrx_word' id='word_1_299' title='bbox 640 2997 696 3058; x_wconf 87' lang='lat' dir='ltr'><strong>Ubi</strong></span> <span class='ocrx_word' id='word_1_300' title='bbox 721 2996 877 3076; x_wconf 81' lang='lat' dir='ltr'><strong>(inquiant)</strong></span> <span class='ocrx_word' id='word_1_301' title='bbox 899 2997 943 3059; x_wconf 88' lang='lat' dir='ltr'><strong>illa</strong></span> <span class='ocrx_word' id='word_1_302' title='bbox 967 3011 1009 3058; x_wconf 84' lang='lat' dir='ltr'><strong>est</strong></span> <span class='ocrx_word' id='word_1_303' title='bbox 1035 2933 1315 3170; x_wconf 50' lang='lat' dir='ltr'><strong>immoQoria,</strong></span> 
     </span>
    </p>
   </div>
   <div class='ocr_carea' id='block_1_5' title="bbox 93 3071 1368 4424">
    <p class='ocr_par' dir='ltr' id='par_1_5' title="bbox 93 3071 1368 4424">
     <span class='ocr_line' id='line_1_35' title="bbox 197 3071 1368 3156; baseline -0.002 -18"><span class='ocrx_word' id='word_1_304' title='bbox 197 3099 280 3156; x_wconf 85' lang='lat' dir='ltr'><strong>quarn</strong></span> <span class='ocrx_word' id='word_1_305' title='bbox 296 3077 432 3138; x_wconf 89' lang='lat' dir='ltr'><strong>&#39;homines</strong></span> <span class='ocrx_word' id='word_1_306' title='bbox 455 3073 537 3134; x_wconf 74' lang='lat' dir='ltr'><strong>stult!</strong></span> <span class='ocrx_word' id='word_1_307' title='bbox 562 3073 668 3134; x_wconf 84' lang='lat' dir='ltr'><strong>creduli</strong></span> <span class='ocrx_word' id='word_1_308' title='bbox 683 3071 815 3134; x_wconf 76' lang='lat' dir='ltr'><strong>&#39;iactanti</strong></span> <span class='ocrx_word' id='word_1_309' title='bbox 844 3088 930 3155; x_wconf 82' lang='lat' dir='ltr'><strong>quum</strong></span> <span class='ocrx_word' id='word_1_310' title='bbox 957 3075 1065 3136; x_wconf 83' lang='lat' dir='ltr'><strong>iaceant</strong></span> <span class='ocrx_word' id='word_1_311' title='bbox 1089 3077 1118 3136; x_wconf 84' lang='lat' dir='ltr'><strong>le</strong></span> <span class='ocrx_word' id='word_1_312' title='bbox 1249 3076 1317 3136; x_wconf 82' lang='lat' dir='ltr'><strong>biles</strong></span> <span class='ocrx_word' id='word_1_313' title='bbox 1367 3111 1368 3124; x_wconf 47' lang='grc' dir='ltr'>ι</span> 
     </span>
     <span class='ocr_line' id='line_1_36' title="bbox 197 3150 1316 3246; baseline 0.001 -34"><span class='ocrx_word' id='word_1_314' title='bbox 197 3163 228 3212; x_wconf 90' lang='lat' dir='ltr'><strong>et</strong></span> <span class='ocrx_word' id='word_1_315' title='bbox 246 3154 385 3246; x_wconf 81' lang='lat' dir='ltr'><strong>despecti,</strong></span> <span class='ocrx_word' id='word_1_316' title='bbox 403 3151 448 3214; x_wconf 89' lang='lat' dir='ltr'><strong>alii</strong></span> <span class='ocrx_word' id='word_1_317' title='bbox 468 3150 593 3210; x_wconf 86' lang='lat' dir='ltr'><strong>tenuiter</strong></span> <span class='ocrx_word' id='word_1_318' title='bbox 612 3150 754 3226; x_wconf 71' lang='lat' dir='ltr'><strong>victitent,</strong></span> <span class='ocrx_word' id='word_1_319' title='bbox 780 3150 825 3210; x_wconf 89' lang='lat' dir='ltr'><strong>alii</strong></span> <span class='ocrx_word' id='word_1_320' title='bbox 844 3152 895 3212; x_wconf 89' lang='lat' dir='ltr'><strong>sub</strong></span> <span class='ocrx_word' id='word_1_321' title='bbox 915 3151 1056 3213; x_wconf 86' lang='lat' dir='ltr'><strong>continuis</strong></span> <span class='ocrx_word' id='word_1_322' title='bbox 1069 3152 1252 3234; x_wconf 55' lang='lat' dir='ltr'><strong>*languoribus</strong></span> <span class='ocrx_word' id='word_1_323' title='bbox 1270 3174 1316 3213; x_wconf 88' lang='lat' dir='ltr'><strong>ac-</strong></span> 
     </span>
     <span class='ocr_line' id='line_1_37' title="bbox 185 3227 1368 3313; baseline 0.003 -24"><span class='ocrx_word' id='word_1_324' title='bbox 185 3243 250 3308; x_wconf 82' lang='lat' dir='ltr'><strong>&#39;gre</strong></span> <span class='ocrx_word' id='word_1_325' title='bbox 266 3252 387 3313; x_wconf 73' lang='lat' dir='ltr'><strong>animam</strong></span> <span class='ocrx_word' id='word_1_326' title='bbox 403 3228 527 3303; x_wconf 82' lang='lat' dir='ltr'><strong>traltant,</strong></span> <span class='ocrx_word' id='word_1_327' title='bbox 552 3227 670 3308; x_wconf 75' lang='lat' dir='ltr'><strong>atiiper</strong></span> <span class='ocrx_word' id='word_1_328' title='bbox 692 3227 821 3310; x_wconf 83' lang='lat' dir='ltr'><strong>sugaset</strong></span> <span class='ocrx_word' id='word_1_329' title='bbox 843 3228 935 3290; x_wconf 83' lang='lat' dir='ltr'><strong>exsilia</strong></span> <span class='ocrx_word' id='word_1_330' title='bbox 956 3229 1123 3306; x_wconf 79' lang='lat' dir='ltr'><strong>iactentur,¹</strong></span> <span class='ocrx_word' id='word_1_331' title='bbox 1136 3229 1181 3289; x_wconf 87' lang='lat' dir='ltr'><strong>alii</strong></span> <span class='ocrx_word' id='word_1_332' title='bbox 1206 3229 1235 3288; x_wconf 90' lang='lat' dir='ltr'><strong>in</strong></span> <span class='ocrx_word' id='word_1_333' title='bbox 1255 3251 1314 3290; x_wconf 89' lang='lat' dir='ltr'><strong>car-</strong></span> <span class='ocrx_word' id='word_1_334' title='bbox 1367 3283 1368 3292; x_wconf 70' lang='grc'>,</span> 
     </span>
     <span class='ocr_line' id='line_1_38' title="bbox 192 3303 1317 3387; baseline -0.003 -21"><span class='ocrx_word' id='word_1_335' title='bbox 192 3303 309 3366; x_wconf 59' lang='lat' dir='ltr'><strong>‘ceribus</strong></span> <span class='ocrx_word' id='word_1_336' title='bbox 327 3306 486 3376; x_wconf 86' lang='lat' dir='ltr'><strong>tabescant,</strong></span> <span class='ocrx_word' id='word_1_337' title='bbox 513 3303 559 3365; x_wconf 87' lang='lat' dir='ltr'><strong>alii</strong></span> <span class='ocrx_word' id='word_1_338' title='bbox 578 3304 717 3364; x_wconf 85' lang='lat' dir='ltr'><strong>combusti</strong></span> <span class='ocrx_word' id='word_1_339' title='bbox 738 3303 910 3366; x_wconf 66' lang='lat' dir='ltr'><strong>insinuem</strong></span> <span class='ocrx_word' id='word_1_340' title='bbox 929 3304 1099 3387; x_wconf 81' lang='lat' dir='ltr'><strong>redigantur.</strong></span> <span class='ocrx_word' id='word_1_341' title='bbox 1137 3307 1252 3366; x_wconf 82' lang='lat' dir='ltr'><strong>Siccos</strong></span> <span class='ocrx_word' id='word_1_342' title='bbox 1273 3327 1317 3364; x_wconf 86' lang='lat' dir='ltr'><strong>ex-</strong></span> 
     </span>
     <span class='ocr_line' id='line_1_39' title="bbox 197 3379 1317 3460; baseline -0.002 -16"><span class='ocrx_word' id='word_1_343' title='bbox 197 3383 298 3444; x_wconf 81' lang='lat' dir='ltr'><strong>coecat</strong></span> <span class='ocrx_word' id='word_1_344' title='bbox 319 3399 451 3460; x_wconf 85' lang='lat' dir='ltr'><strong>praesens</strong></span> <span class='ocrx_word' id='word_1_345' title='bbox 475 3379 584 3441; x_wconf 83' lang='lat' dir='ltr'><strong>externi</strong></span> <span class='ocrx_word' id='word_1_346' title='bbox 608 3379 727 3440; x_wconf 89' lang='lat' dir='ltr'><strong>hominis</strong></span> <span class='ocrx_word' id='word_1_347' title='bbox 753 3381 843 3440; x_wconf 87' lang='lat' dir='ltr'><strong>nostri</strong></span> <span class='ocrx_word' id='word_1_348' title='bbox 870 3390 954 3441; x_wconf 76' lang='lat' dir='ltr'><strong>curru</strong></span> <span class='ocrx_word' id='word_1_349' title='bbox 974 3385 1027 3456; x_wconf 92' lang='lat' dir='ltr'><strong>tio,</strong></span> <span class='ocrx_word' id='word_1_350' title='bbox 1053 3393 1087 3441; x_wconf 87' lang='lat' dir='ltr'><strong>ut</strong></span> <span class='ocrx_word' id='word_1_351' title='bbox 1109 3403 1186 3460; x_wconf 88' lang='lat' dir='ltr'><strong>spem</strong></span> <span class='ocrx_word' id='word_1_352' title='bbox 1212 3381 1317 3442; x_wconf 84' lang='lat' dir='ltr'><strong>futurae</strong></span> 
     </span>
     <span class='ocr_line' id='line_1_40' title="bbox 195 3400 1317 3540; baseline -0.001 -21"><span class='ocrx_word' id='word_1_353' title='bbox 195 3457 271 3519; x_wconf 83' lang='lat' dir='ltr'><strong>vitae</strong></span> <span class='ocrx_word' id='word_1_354' title='bbox 295 3457 488 3518; x_wconf 79' lang='lat' dir='ltr'><strong>renovationis</strong></span> <span class='ocrx_word' id='word_1_355' title='bbox 517 3477 616 3518; x_wconf 84' lang='lat' dir='ltr'><strong>vanam</strong></span> <span class='ocrx_word' id='word_1_356' title='bbox 643 3469 672 3516; x_wconf 90' lang='lat' dir='ltr'><strong>et</strong></span> <span class='ocrx_word' id='word_1_357' title='bbox 697 3455 840 3518; x_wconf 85' lang='lat' dir='ltr'><strong>ridiculam</strong></span> <span class='ocrx_word' id='word_1_358' title='bbox 868 3465 927 3518; x_wconf 75' lang='lat' dir='ltr'><strong>esse</strong></span> <span class='ocrx_word' id='word_1_359' title='bbox 951 3400 1091 3540; x_wconf 48' lang='lat' dir='ltr'><strong>ligant„</strong></span> <span class='ocrx_word' id='word_1_360' title='bbox 1115 3459 1317 3522; x_wconf 61' lang='lat' dir='ltr'><strong>Nob&#39;usautenr</strong></span> 
     </span>
     <span class='ocr_line' id='line_1_41' title="bbox 195 3531 1315 3618; baseline -0.003 -22"><span class='ocrx_word' id='word_1_361' title='bbox 195 3533 419 3613; x_wconf 69' lang='lat' dir='ltr'><strong>exspectandum</strong></span> <span class='ocrx_word' id='word_1_362' title='bbox 428 3545 478 3594; x_wconf 81' lang='lat' dir='ltr'><strong>¹est</strong></span> <span class='ocrx_word' id='word_1_363' title='bbox 501 3531 630 3612; x_wconf 87' lang='lat' dir='ltr'><strong>promissi</strong></span> <span class='ocrx_word' id='word_1_364' title='bbox 655 3531 771 3592; x_wconf 88' lang='lat' dir='ltr'><strong>aedificii</strong></span> <span class='ocrx_word' id='word_1_365' title='bbox 800 3546 939 3614; x_wconf 80' lang='lat' dir='ltr'><strong>maturum</strong></span> <span class='ocrx_word' id='word_1_366' title='bbox 963 3547 1086 3616; x_wconf 83' lang='lat' dir='ltr'><strong>tempus,</strong></span> <span class='ocrx_word' id='word_1_367' title='bbox 1120 3532 1315 3618; x_wconf 51' lang='lat' dir='ltr'><strong>afflindignc</strong></span> 
     </span>
     <span class='ocr_line' id='line_1_42' title="bbox 194 3607 1368 3692; baseline 0.001 -20"><span class='ocrx_word' id='word_1_368' title='bbox 194 3609 356 3692; x_wconf 75' lang='lat' dir='ltr'><strong>ferendum,</strong></span> <span class='ocrx_word' id='word_1_369' title='bbox 381 3609 405 3669; x_wconf 93' lang='lat' dir='ltr'><strong>si</strong></span> <span class='ocrx_word' id='word_1_370' title='bbox 427 3629 502 3691; x_wconf 81' lang='lat' dir='ltr'><strong>nunc</strong></span> <span class='ocrx_word' id='word_1_371' title='bbox 524 3607 615 3678; x_wconf 76' lang='lat' dir='ltr'><strong>crucifi</strong></span> <span class='ocrx_word' id='word_1_372' title='bbox 639 3609 711 3667; x_wconf 86' lang='lat' dir='ltr'><strong>imur</strong></span> <span class='ocrx_word' id='word_1_373' title='bbox 729 3629 793 3669; x_wconf 86' lang='lat' dir='ltr'><strong>curn</strong></span> <span class='ocrx_word' id='word_1_374' title='bbox 819 3609 957 3686; x_wconf 71' lang='lat' dir='ltr'><strong>Christo,</strong></span> <span class='ocrx_word' id='word_1_375' title='bbox 972 3623 1004 3672; x_wconf 90' lang='lat' dir='ltr'><strong>ut</strong></span> <span class='ocrx_word' id='word_1_376' title='bbox 1027 3611 1240 3674; x_wconf 69' lang='lat' dir='ltr'><strong>resurrectonis</strong></span> <span class='ocrx_word' id='word_1_377' title='bbox 1260 3611 1317 3673; x_wconf 88' lang='lat' dir='ltr'><strong>eius</strong></span> <span class='ocrx_word' id='word_1_378' title='bbox 1367 3609 1368 3618; x_wconf 67' lang='grc'>’</span> 
     </span>
     <span class='ocr_line' id='line_1_43' title="bbox 154 3627 1368 3772; baseline -0.001 -24"><span class='ocrx_word' id='word_1_379' title='bbox 154 3697 159 3704; x_wconf 81' lang='grc'><strong>“</strong></span> <span class='ocrx_word' id='word_1_380' title='bbox 192 3689 294 3772; x_wconf 81' lang='lat' dir='ltr'><strong>postea</strong></span> <span class='ocrx_word' id='word_1_381' title='bbox 313 3685 399 3748; x_wconf 71' lang='lat' dir='ltr'><strong>amus</strong></span> <span class='ocrx_word' id='word_1_382' title='bbox 422 3695 579 3748; x_wconf 86' lang='lat' dir='ltr'><strong>consortes.</strong></span> <span class='ocrx_word' id='word_1_383' title='bbox 617 3627 654 3746; x_wconf 61' lang='lat' dir='ltr'><strong>ila·</strong></span> <span class='ocrx_word' id='word_1_384' title='bbox 677 3685 775 3744; x_wconf 70' lang='lat' dir='ltr'><strong>lilius</strong></span> <span class='ocrx_word' id='word_1_385' title='bbox 790 3689 854 3745; x_wconf 73' lang='lat' dir='ltr'><strong>Dar·</strong></span> <span class='ocrx_word' id='word_1_386' title='bbox 873 3709 914 3747; x_wconf 73' lang='lat' dir='ltr'><strong>esa</strong></span> <span class='ocrx_word' id='word_1_387' title='bbox 953 3683 1023 3748; x_wconf 72' lang='lat' dir='ltr'><strong>&#39;l&#39;al&#39;e</strong></span> <span class='ocrx_word' id='word_1_388' title='bbox 1047 3688 1205 3756; x_wconf 56' lang='lat' dir='ltr'><strong>aChr&#39;&amp;</strong></span> <span class='ocrx_word' id='word_1_389' title='bbox 1235 3699 1315 3749; x_wconf 86' lang='lat' dir='ltr'><strong>oter·</strong></span> <span class='ocrx_word' id='word_1_390' title='bbox 1367 3679 1368 3734; x_wconf 83' lang='lat' dir='ltr'><strong>l</strong></span> 
     </span>
     <span class='ocr_line' id='line_1_44' title="bbox 192 3711 1368 3851; baseline -0.003 -25"><span class='ocrx_word' id='word_1_391' title='bbox 192 3769 249 3828; x_wconf 87' lang='lat' dir='ltr'><strong>tiae</strong></span> <span class='ocrx_word' id='word_1_392' title='bbox 267 3783 333 3826; x_wconf 84' lang='lat' dir='ltr'><strong>suae</strong></span> <span class='ocrx_word' id='word_1_393' title='bbox 351 3763 552 3851; x_wconf 76' lang='lat' dir='ltr'><strong>documentum</strong></span> <span class='ocrx_word' id='word_1_394' title='bbox 571 3761 688 3844; x_wconf 83' lang='lat' dir='ltr'><strong>exigunt</strong></span> <span class='ocrx_word' id='word_1_395' title='bbox 705 3761 792 3842; x_wconf 87' lang='lat' dir='ltr'><strong>impii,</strong></span> <span class='ocrx_word' id='word_1_396' title='bbox 810 3774 843 3822; x_wconf 85' lang='lat' dir='ltr'><strong>nt</strong></span> <span class='ocrx_word' id='word_1_397' title='bbox 860 3784 893 3824; x_wconf 90' lang='lat' dir='ltr'><strong>se</strong></span> <span class='ocrx_word' id='word_1_398' title='bbox 910 3763 1013 3826; x_wconf 78' lang='lat' dir='ltr'><strong>lliiiurn</strong></span> <span class='ocrx_word' id='word_1_399' title='bbox 1023 3764 1088 3827; x_wconf 85' lang='lat' dir='ltr'><strong>Dei</strong></span> <span class='ocrx_word' id='word_1_400' title='bbox 1098 3711 1250 3844; x_wconf 62' lang='lat' dir='ltr'><strong>probando</strong></span> <span class='ocrx_word' id='word_1_401' title='bbox 1271 3765 1316 3824; x_wconf 86' lang='lat' dir='ltr'><strong>Fi·</strong></span> <span class='ocrx_word' id='word_1_402' title='bbox 1367 3789 1368 3848; x_wconf 62' lang='lat' dir='ltr'><strong>p</strong></span> 
     </span>
     <span class='ocr_line' id='line_1_45' title="bbox 194 3837 1317 3916; baseline -0.002 -14"><span class='ocrx_word' id='word_1_403' title='bbox 194 3838 246 3906; x_wconf 87' lang='lat' dir='ltr'><strong>lios</strong></span> <span class='ocrx_word' id='word_1_404' title='bbox 266 3837 323 3914; x_wconf 89' lang='lat' dir='ltr'><strong>Dei</strong></span> <span class='ocrx_word' id='word_1_405' title='bbox 342 3860 402 3902; x_wconf 85' lang='lat' dir='ltr'><strong>esse</strong></span> <span class='ocrx_word' id='word_1_406' title='bbox 424 3837 540 3898; x_wconf 80' lang='lat' dir='ltr'><strong>desinat.</strong></span> <span class='ocrx_word' id='word_1_407' title='bbox 585 3839 647 3902; x_wconf 83' lang='lat' dir='ltr'><strong>llac</strong></span> <span class='ocrx_word' id='word_1_408' title='bbox 670 3839 696 3900; x_wconf 87' lang='lat' dir='ltr'><strong>le</strong></span> <span class='ocrx_word' id='word_1_409' title='bbox 718 3859 734 3898; x_wconf 87' lang='lat' dir='ltr'><strong>e</strong></span> <span class='ocrx_word' id='word_1_410' title='bbox 759 3839 887 3903; x_wconf 83' lang='lat' dir='ltr'><strong>induerat</strong></span> <span class='ocrx_word' id='word_1_411' title='bbox 910 3841 1209 3916; x_wconf 68' lang='lat' dir='ltr'><strong>surrentinorum,</strong></span> <span class='ocrx_word' id='word_1_412' title='bbox 1232 3853 1267 3910; x_wconf 70' lang='lat' dir='ltr'><strong>,et</strong></span> <span class='ocrx_word' id='word_1_413' title='bbox 1288 3841 1317 3900; x_wconf 94' lang='lat' dir='ltr'><strong>in</strong></span> 
     </span>
     <span class='ocr_line' id='line_1_46' title="bbox 136 3855 1368 3992; baseline -0.002 -13"><span class='ocrx_word' id='word_1_414' title='bbox 136 3963 140 3968; x_wconf 85' lang='lat'><em>-</em></span> <span class='ocrx_word' id='word_1_415' title='bbox 194 3919 331 3979; x_wconf 88' lang='lat' dir='ltr'><strong>mundum</strong></span> <span class='ocrx_word' id='word_1_416' title='bbox 349 3915 544 3990; x_wconf 88' lang='lat' dir='ltr'><strong>descenderat,</strong></span> <span class='ocrx_word' id='word_1_417' title='bbox 568 3927 600 3976; x_wconf 88' lang='lat' dir='ltr'><strong>ut</strong></span> <span class='ocrx_word' id='word_1_418' title='bbox 620 3855 754 3978; x_wconf 59' lang='lat' dir='ltr'><strong>sacriicio</strong></span> <span class='ocrx_word' id='word_1_419' title='bbox 774 3917 874 3977; x_wconf 88' lang='lat' dir='ltr'><strong>mortis</strong></span> <span class='ocrx_word' id='word_1_420' title='bbox 893 3937 958 3977; x_wconf 87' lang='lat' dir='ltr'><strong>suae</strong></span> <span class='ocrx_word' id='word_1_421' title='bbox 977 3911 1172 3992; x_wconf 77' lang='lat' dir='ltr'><strong>reconciliaret</strong></span> <span class='ocrx_word' id='word_1_422' title='bbox 1190 3917 1318 3978; x_wconf 86' lang='lat' dir='ltr'><strong>homines</strong></span> <span class='ocrx_word' id='word_1_423' title='bbox 1367 3975 1368 3984; x_wconf 66' lang='grc'>,</span> 
     </span>
     <span class='ocr_line' id='line_1_47' title="bbox 194 3992 1319 4074; baseline -0.003 -19"><span class='ocrx_word' id='word_1_424' title='bbox 194 3997 260 4055; x_wconf 87' lang='lat' dir='ltr'><strong>D&#39;eo</strong></span> <span class='ocrx_word' id='word_1_425' title='bbox 280 3993 365 4053; x_wconf 86' lang='lat' dir='ltr'><strong>Patri.</strong></span> <span class='ocrx_word' id='word_1_426' title='bbox 403 3993 482 4074; x_wconf 73' lang='lat' dir='ltr'><strong>Ergo</strong></span> <span class='ocrx_word' id='word_1_427' title='bbox 502 4003 534 4052; x_wconf 89' lang='lat' dir='ltr'><strong>ut</strong></span> <span class='ocrx_word' id='word_1_428' title='bbox 552 3992 730 4052; x_wconf 64' lang='lat' dir='ltr'><strong>FiliumDei</strong></span> <span class='ocrx_word' id='word_1_429' title='bbox 748 4003 913 4070; x_wconf 86' lang='lat' dir='ltr'><strong>praestaret,</strong></span> <span class='ocrx_word' id='word_1_430' title='bbox 938 4013 1052 4054; x_wconf 86' lang='lat' dir='ltr'><strong>neccsse</strong></span> <span class='ocrx_word' id='word_1_431' title='bbox 1072 3993 1169 4054; x_wconf 87' lang='lat' dir='ltr'><strong>habuit</strong></span> <span class='ocrx_word' id='word_1_432' title='bbox 1185 3993 1217 4052; x_wconf 89' lang='lat' dir='ltr'><strong>in</strong></span> <span class='ocrx_word' id='word_1_433' title='bbox 1235 4014 1319 4055; x_wconf 86' lang='lat' dir='ltr'><strong>cruce</strong></span> 
     </span>
     <span class='ocr_line' id='line_1_48' title="bbox 193 4067 1317 4164; baseline -0.003 -32"><span class='ocrx_word' id='word_1_434' title='bbox 193 4069 327 4148; x_wconf 75' lang='lat' dir='ltr'><strong>pendere:</strong></span> <span class='ocrx_word' id='word_1_435' title='bbox 363 4071 449 4133; x_wconf 86' lang='lat' dir='ltr'><strong>Nunc</strong></span> <span class='ocrx_word' id='word_1_436' title='bbox 465 4068 582 4148; x_wconf 80' lang='lat' dir='ltr'><strong>reprobi</strong></span> <span class='ocrx_word' id='word_1_437' title='bbox 602 4067 647 4127; x_wconf 90' lang='lat' dir='ltr'><strong>isti</strong></span> <span class='ocrx_word' id='word_1_438' title='bbox 664 4069 718 4128; x_wconf 89' lang='lat' dir='ltr'><strong>sibi</strong></span> <span class='ocrx_word' id='word_1_439' title='bbox 740 4068 809 4128; x_wconf 89' lang='lat' dir='ltr'><strong>loco</strong></span> <span class='ocrx_word' id='word_1_440' title='bbox 826 4069 890 4128; x_wconf 77' lang='lat' dir='ltr'><strong>Filii</strong></span> <span class='ocrx_word' id='word_1_441' title='bbox 908 4070 964 4129; x_wconf 85' lang='lat' dir='ltr'><strong>Dei</strong></span> <span class='ocrx_word' id='word_1_442' title='bbox 983 4069 1046 4130; x_wconf 88' lang='lat' dir='ltr'><strong>lore</strong></span> <span class='ocrx_word' id='word_1_443' title='bbox 1065 4069 1173 4164; x_wconf 71' lang='lat' dir='ltr'><strong>negant</strong></span> <span class='ocrx_word' id='word_1_444' title='bbox 1191 4071 1317 4132; x_wconf 83' lang='lat' dir='ltr'><strong>Redem-</strong></span> 
     </span>
     <span class='ocr_line' id='line_1_49' title="bbox 193 4143 1319 4222; baseline 0.003 -20"><span class='ocrx_word' id='word_1_445' title='bbox 193 4156 322 4222; x_wconf 85' lang='lat' dir='ltr'><strong>plorem,</strong></span> <span class='ocrx_word' id='word_1_446' title='bbox 341 4144 396 4203; x_wconf 84' lang='lat' dir='ltr'><strong>nisi</strong></span> <span class='ocrx_word' id='word_1_447' title='bbox 412 4166 428 4204; x_wconf 91' lang='lat' dir='ltr'><strong>a</strong></span> <span class='ocrx_word' id='word_1_448' title='bbox 445 4165 530 4204; x_wconf 89' lang='lat' dir='ltr'><strong>cruce</strong></span> <span class='ocrx_word' id='word_1_449' title='bbox 549 4143 719 4204; x_wconf 89' lang='lat' dir='ltr'><strong>descendens</strong></span> <span class='ocrx_word' id='word_1_450' title='bbox 740 4145 872 4204; x_wconf 90' lang='lat' dir='ltr'><strong>mandato</strong></span> <span class='ocrx_word' id='word_1_451' title='bbox 891 4143 982 4206; x_wconf 84' lang='lat' dir='ltr'><strong>Patris</strong></span> <span class='ocrx_word' id='word_1_452' title='bbox 1000 4157 1159 4221; x_wconf 82' lang='lat' dir='ltr'><strong>renuntiet,</strong></span> <span class='ocrx_word' id='word_1_453' title='bbox 1179 4165 1212 4210; x_wconf 82' lang='lat' dir='ltr'><strong>ac</strong></span> <span class='ocrx_word' id='word_1_454' title='bbox 1229 4145 1319 4208; x_wconf 81' lang='lat' dir='ltr'><strong>scele-</strong></span> 
     </span>
     <span class='ocr_line' id='line_1_50' title="bbox 93 4217 1318 4301; baseline 0.004 -27"><span class='ocrx_word' id='word_1_455' title='bbox 93 4285 105 4297; x_wconf 32' lang='lat' dir='ltr'>f</span> <span class='ocrx_word' id='word_1_456' title='bbox 193 4239 257 4298; x_wconf 85' lang='lat' dir='ltr'><strong>rum</strong></span> <span class='ocrx_word' id='word_1_457' title='bbox 277 4217 435 4298; x_wconf 73' lang='lat' dir='ltr'><strong>expiatione</strong></span> <span class='ocrx_word' id='word_1_458' title='bbox 452 4219 559 4280; x_wconf 78' lang='lat' dir='ltr'><strong>valerd&#39;</strong></span> <span class='ocrx_word' id='word_1_459' title='bbox 563 4217 643 4291; x_wconf 88' lang='lat' dir='ltr'><strong>iussa,</strong></span> <span class='ocrx_word' id='word_1_460' title='bbox 662 4232 810 4297; x_wconf 81' lang='lat' dir='ltr'><strong>personam</strong></span> <span class='ocrx_word' id='word_1_461' title='bbox 829 4219 882 4280; x_wconf 89' lang='lat' dir='ltr'><strong>sibi</strong></span> <span class='ocrx_word' id='word_1_462' title='bbox 894 4220 1031 4281; x_wconf 80' lang='lat' dir='ltr'><strong>&#39;divinitus</strong></span> <span class='ocrx_word' id='word_1_463' title='bbox 1049 4221 1207 4301; x_wconf 82' lang='lat' dir='ltr'><strong>impositam</strong></span> <span class='ocrx_word' id='word_1_464' title='bbox 1227 4233 1318 4282; x_wconf 85' lang='lat' dir='ltr'><strong>exuat.</strong></span> 
     </span>
     <span class='ocr_line' id='line_1_51' title="bbox 192 4290 1368 4410; baseline 0.01 -58"><span class='ocrx_word' id='word_1_465' title='bbox 192 4290 254 4352; x_wconf 84' lang='lat' dir='ltr'><strong>Nos</strong></span> <span class='ocrx_word' id='word_1_466' title='bbox 272 4305 343 4354; x_wconf 86' lang='lat' dir='ltr'><strong>tero</strong></span> <span class='ocrx_word' id='word_1_467' title='bbox 362 4293 428 4356; x_wconf 80' lang='lat' dir='ltr'><strong>ltine</strong></span> <span class='ocrx_word' id='word_1_468' title='bbox 448 4294 598 4372; x_wconf 85' lang='lat' dir='ltr'><strong>discamus,</strong></span> <span class='ocrx_word' id='word_1_469' title='bbox 618 4293 701 4354; x_wconf 83' lang='lat' dir='ltr'><strong>fidem</strong></span> <span class='ocrx_word' id='word_1_470' title='bbox 719 4306 846 4410; x_wconf 52' lang='lat' dir='ltr'><strong>appiam</strong></span> <span class='ocrx_word' id='word_1_471' title='bbox 865 4295 1045 4382; x_wconf 72' lang='lat' dir='ltr'><strong>confirmare,</strong></span> <span class='ocrx_word' id='word_1_472' title='bbox 1064 4298 1141 4376; x_wconf 86' lang='lat' dir='ltr'><strong>quod</strong></span> <span class='ocrx_word' id='word_1_473' title='bbox 1160 4297 1245 4374; x_wconf 72' lang='lat' dir='ltr'><strong>Filius</strong></span> <span class='ocrx_word' id='word_1_474' title='bbox 1259 4295 1318 4359; x_wconf 88' lang='lat' dir='ltr'><strong>Dei</strong></span> <span class='ocrx_word' id='word_1_475' title='bbox 1367 4311 1368 4364; x_wconf 74' lang='lat' dir='ltr'><strong>l</strong></span> 
     </span>
     <span class='ocr_line' id='line_1_52' title="bbox 532 4383 1171 4424; baseline 0 0"><span class='ocrx_word' id='word_1_476' title='bbox 532 4405 534 4408; x_wconf 93' lang='lat'>-</span> <span class='ocrx_word' id='word_1_477' title='bbox 906 4413 909 4418; x_wconf 94' lang='lat'><strong>.</strong></span> <span class='ocrx_word' id='word_1_478' title='bbox 1160 4383 1171 4424; x_wconf 91' lang='lat' dir='ltr'><strong>t</strong></span> 
     </span>
    </p>
   </div>
   <div class='ocr_carea' id='block_1_6' title="bbox 0 0 1402 4774">
    <p class='ocr_par' dir='ltr' id='par_1_6' title="bbox 0 0 1402 4774">
     <span class='ocr_line' id='line_1_53' title="bbox 0 0 1402 4774; baseline 0 3"><span class='ocrx_word' id='word_1_479' title='bbox 0 0 1402 4774; x_wconf 95' lang='lat' dir='ltr'><strong> </strong></span> 
     </span>
    </p>
   </div>
  </div>
 </body>
</html>
