2790 4764
183 223 241 286 126
460 217 569 279 sect.
590 217 655 277 XV.
699 198 786 280 tnsu‘s
806 232 847 275 na
867 231 1039 280 ntscnnm.

183 377 252 440 Non
270 367 426 454 expostulat
441 377 541 450 aperte
561 363 690 430 Christus
709 368 740 427 in
759 387 811 429 suo
832 388 984 450 responso,
1012 369 1062 432 sed
1079 367 1193 452 oblique
1212 370 1240 432 in
1255 371 1312 433 ho-

137 483 144 492 ·
183 451 288 515 minem
306 459 488 528 retorquens,
513 443 589 536 quod
608 465 755 524 perperam
773 445 893 520 dixerat,
917 445 1015 528 culpae
1033 468 1098 508 enm
1117 447 1258 531 coarguit,
1283 459 1312 510 et

183 530 219 590 de
242 522 402 608 quaerendo
426 521 552 582 remedio
575 520 716 582 admonet.
755 520 877 582 Perinde
902 522 978 586 enim
1002 521 1077 586 ualet
1090 524 1152 586 *ista
1175 545 1243 586 exce
1261 523 1312 599 tio,

183 608 312 684 ripales
330 599 454 670 credere,
474 597 530 658 acsi
548 595 670 670 dixisset,
688 599 735 657 Tn
753 617 800 657 me
818 610 911 690 togas,
929 610 962 659 ut
976 600 1138 662 subveniam
1155 621 1228 680 quoa
1259 620 1315 682 po·

182 692 260 742 tero:
283 674 360 766 atqui
377 671 574 736 inexhaustum
592 672 704 734 virtutis
722 671 833 734 sontem
851 696 882 735 ιιι
900 695 947 735 me
965 677 1104 757 reperies,
1125 677 1252 738 simodo
1272 674 1315 736 al-

182 757 256 818 feras
273 763 337 815 satus
356 747 476 830 amplam
494 747 558 826 fidei
576 767 743 810 mensnram.
774 749 851 810 Hine
865 749 960 833 colligi
975 763 1071 832 potest
1084 752 1157 814 utilis
1177 753 1317 827 doctrina,

182 851 253 914 quae
277 827 467 890 communiter
488 823 522 888 ad
548 846 602 887 nos
624 845 724 886 ornnes
746 825 867 908 patebit,
890 847 951 887 non
974 841 1049 890 stare
1072 849 1126 908 per
1149 829 1318 922 Dominum3

178 905 334 989 quominus
356 902 433 988 larga
456 902 599 964 bonorrun
622 901 736 964 ubertas
759 903 794 966 ab
818 903 880 987 ipso
898 903 933 965 ad
952 925 1005 966 nos
1023 907 1159 986 profluat,
1182 906 1233 968 sed
1251 906 1320 968 fider

180 995 297 1046 nostrae
319 978 458 1065 angustiis
480 1000 541 1042 esse
556 977 772 1117 imputandum,
799 981 875 1060 qnod
899 981 1032 1064 guttatim
1055 992 1166 1042 tantum
1192 982 1319 1046 distillat:

180 1059 242 1123 imo
261 1080 308 1122 sae
329 1080 345 1120 e
363 1078 401 1118 ne
419 1067 528 1141 guttam
548 1056 596 1138 qui
616 1077 662 1116 em
684 1077 739 1117 nos
755 1057 874 1134 sentire,
897 1057 962 1138 quia
985 1057 1162 1120 incredulitas
1187 1080 1240 1122 cor
1262 1079 1321 1120 no-

182 1144 273 1199 strum
292 1080 423 1198 obstruit.
469 1135 583 1195 Frustra
601 1144 695 1193 antem
713 1131 759 1196 hic
778 1135 889 1214 quidam
907 1133 999 1219 arguti
1019 1155 1078 1196 esse
1097 1133 1216 1212 solunt,
1238 1136 1321 1216 quasi

182 1213 313 1280 Christus
331 1210 483 1294 significet,
507 1229 591 1292 posse
613 1207 758 1296 bominenl
781 1231 797 1270 a
820 1231 851 1276 se
874 1211 936 1348 ἰῗεο
960 1211 1089 1286 credere,
1113 1209 1224 1291 quando
1246 1211 1321 1271 nihil

182 1291 258 1354 aliud
276 1289 303 1354 ei
321 1285 502 1372 propositum
519 1284 582 1360 suit,
602 1307 685 1366 qnam
703 1286 822 1350 reiicere
841 1287 871 1348 in
910 1287 1018 1350 omines
1036 1287 1150 1370 inopiae
1167 1305 1235 1350 suae
1256 1285 1321 1348 cul-

182 1389 261 1452 pam,
285 1364 394 1448 quoties
412 1363 469 1424 Dei
487 1361 620 1424 uirtutem
638 1384 687 1426 sua
704 1361 900 1428 incredulitate
919 1375 1080 1426 extenuant.

258 1445 306 1506 23.
349 1443 458 1502 Omnia
472 1441 630 1518 possibilia
648 1439 786 1502 credenti.
824 1442 893 1502 Non
916 1441 1031 1502 dubium
1056 1452 1113 1518 est,
1139 1439 1207 1522 quin
1231 1439 1321 1504 Chri-

183 1533 243 1584 stus
261 1518 314 1582 sibi
332 1519 446 1578 aPatre
464 1515 609 1578 bonorum
624 1517 751 1578 omnium
765 1513 968 1598 plenitudinem
987 1517 1078 1578 datam
1098 1538 1159 1580 esse
1177 1517 1319 1591 docuerit,

183 1619 238 1660 nec
251 1617 342 1658 secus
364 1592 534 1674 sperandum
558 1612 618 1654 esse
642 1613 711 1654 ase
735 1613 794 1654 uno
814 1593 932 1673 quodvis
957 1593 1048 1654 auxilii
1069 1615 1158 1676 genus
1177 1615 1260 1675 quam
1284 1615 1320 1655 ex

183 1675 243 1756 ipsa
261 1672 318 1734 Dei
335 1691 433 1746 manu,
453 1669 512 1730 acsi
528 1667 655 1744 dixisset,
676 1671 800 1730 Tantum
822 1669 948 1744 confide,
968 1681 999 1732 et
1016 1669 1188 1751 impetrabis.
1233 1670 1320 1746 Quo-

157 1787 161 1798 ·
183 1750 271 1812 modo
287 1758 382 1810 autem
400 1745 507 1827 quidvis
525 1745 658 1842 impetret
675 1745 757 1822 fides,
779 1743 864 1826 paulo
882 1757 950 1828 post
964 1747 1128 1808 uidebimus.

259 1827 307 1887 24.
349 1825 455 1893 stada,
481 1823 612 1883 Domine.
650 1823 785 1882 Testatur
804 1841 835 1882 se
854 1821 983 1896 credere,
1004 1833 1146 1884 ettamen
1165 1845 1196 1884 se
1214 1821 1320 1884 fatetur

182 1899 372 1963 incredulum:
402 1919 559 1980 quanquam
577 1895 710 1961 videntur
727 1895 795 1958 haec
814 1897 871 1958 duo
890 1917 1027 1979 pugnare,
1045 1919 1131 1958 nemo
1150 1910 1245 1960 tamen
1265 1910 1319 1968 est,

223 1977 311 2038 'non
328 1977 403 2040 idern
422 1975 453 2036 in
472 1995 504 2036 se
523 1971 690 2056 experiatur.
728 1973 802 2034 Nam
821 1995 910 2055 quum
928 1995 1065 2054 nusquam
1083 1974 1210 2055 perlecta
1228 1987 1320 2036 exstet

223 2076 265 2131 es,
284 2053 412 2136 sequitur
430 2073 466 2112 ex
504 2061 564 2112 arte
583 2068 644 2111 esse
661 2048 832 2111 incredulos:
857 2049 897 2111 sic
916 2061 1009 2110 umen
1029 2071 1083 2131 pro
1101 2071 1149 2110 sua
1165 2051 1319 2134 indulgen·

183 2133 223 2193 tia
241 2130 324 2192 nobis
343 2129 468 2213 ignoscit
516 2149 578 2204 eus,
601 2137 634 2186 ut
652 2126 687 2186 ab
707 2127 809 2210 exiguo
827 2125 893 2188 fidei
911 2124 1026 2187 modulo
1046 2147 1100 2187 nos
1119 2127 1215 2190 fideles
1234 2127 1320 2190 aesti-

184 2221 254 2270 met.
291 2209 430 2268 Nostrum
446 2203 555 2266 interea
575 2213 619 2265 est
636 2200 733 2264 sedulo
751 2213 883 2266 excutere
901 2200 1070 2264 infidelitatis
1088 2201 1226 2296 reliquias,
1246 2225 1320 2284 quae

185 2283 318 2348 innohis
336 2282 468 2358 haerent,
492 2291 525 2340 ut
544 2301 608 2341 eum
626 2277 679 2340 illu
699 2279 851 2354 luctemur,
872 2299 906 2340 ac
924 2289 1023 2362 p'etere
1041 2300 1058 2339 a
1074 2279 1200 2340 Domino
1219 2290 1253 2338 ut
1272 2299 1321 2339 eas
1380 2319 1381 2326 ι

186 2363 324 2446 corrigat:
350 2359 461 2442 quoties
481 2357 566 2420 etiam
588 2354 745 2417 laboramus
769 2353 801 2416 in
823 2355 874 2418 bac
912 2375 999 2437 ugna,
1024 2355 1057 2416 ad
1077 2376 1141 2416 eum
1161 2353 1321 2437 confugere

185 2451 219 2500 ut
240 2449 399 2504 succurrat.
439 2434 471 2497 Si
491 2433 583 2518 probe
609 2431 807 2526 expendimus,
852 2377 911 2496 uti

206 2517 305 2592 ateb‘it,
324 2512 506 2596 paucissimos
525 2531 587 2572 esse
604 2531 663 2601 qun·
672 2504 819 2572 excellenti
832 2455 891 2572 lte
909 2505 1041 2589 polleant,
1063 2508 1157 2589 paneis
1176 2529 1238 2574 esse
1256 2528 1319 2570 me·

119 2601 124 2632 ¹
215 2610 325 2666 ocrem,
350 2589 488 2672 plurimos
504 2599 599 2650 autem
619 2607 719 2670 exigua
737 2607 869 2668 mensura
888 2605 949 2648 esse
968 2582 1119 2668 praeditos.
1145 2589 1150 2598 “

923 2431 1022 2512 cuique
1046 2433 1140 2494 datum
1163 2433 1212 2507 sit,
1236 2431 1320 2496 facile

270 2897 371 2989 (146.)
413 2901 586 3000 Mam.
608 2899 709 2966 xv11.
731 2897 805 2963 ‘tlt
833 2899 927 2964 Tunc
952 2900 1141 2968 accedentes
1168 2897 1317 2986 discipuli

184 3007 227 3077 acl
241 3011 346 3076 lesum
362 3024 515 3083 seorsum,
537 3001 693 3076 dixerunt,
716 3001 826 3088 Quare
848 3023 908 3068 nos
930 3023 997 3070 non
1019 3007 1181 3091 potuimus
1204 3005 1316 3068 eiicere

183 3113 286 3180 illudi
328 3111 381 3177 20.
403 3109 492 3174 lesus
515 3115 618 3172 autent
640 3104 718 3171 dixit
738 3104 811 3182 illis,
835 3105 969 3193 Propter
990 3107 1242 3172 incredulitatem
1263 3127 1317 3170 ve·

184 3226 295 3282 stram:
322 3217 426 3282 Arnen
448 3211 569 3300 quippo
589 3206 663 3282 dico
685 3206 789 3285 vobis,
813 3211 840 3273 si
861 3207 1002 3274 habeant
1025 3209 1122 3278 lidem
1144 3213 1226 3274 siout
1247 3231 1317 3294 gra*

138 3361 142 3368 -
183 3329 261 3383 num
284 3320 418 3406 sinapis,
435 3313 559 3385 ¹clitella
581 3312 681 3376 monti
703 3311 790 3388 hnic,
819 3311 970 3404 Densigra
992 3312 1067 3378 hinc
1090 3311 1181 3390 illuc,
1210 3321 1241 3378 et
1262 3314 1317 3376 ani·

184 3419 302 3508 grabit:
334 3437 395 3485 nec
423 3419 592 3506 qnicqnarn
619 3412 820 3502 impossibile
847 3418 907 3480 erit
935 3413 1040 3480 vobis.
1080 3417 1133 3480 21.
1163 3413 1229 3480 Sed
1256 3413 1317 3480 boc

185 3544 286 3612 genus
307 3530 376 3587 nnn
397 3517 574 3608 egreditur,
600 3520 664 3584 nisi
685 3533 745 3606 per
766 3514 983 3604 precationem
1004 3527 1036 3584 et
1055 3519 1220 3585 ieiunium.

268 3723 407 3797 Mane.
428 3725 492 3801 tx„
523 3725 577 3792 28.
606 3725 648 3792 Et
669 3727 772 3812 'quum
799 3733 884 3790 esset
909 3725 1070 3810 ingressus
1099 3723 1245 3803 doraum,
1272 3719 1317 3787 di·

186 3831 302 3922 scipuli
328 3829 414 3899 illine
443 3827 681 3914 interrogabant
708 3841 780 3891 curn
807 3847 966 3906 seorsum,
980 3917 982 3922 Ι
996 3827 1066 3896 Cur
1087 3849 1149 3892 nos
1170 3839 1239 3895 non
1260 3847 1315 3912 poe

185 3941 306 4007 tuimur
327 3937 445 4001 eiicere
465 3932 581 3998 illurn?-
615 3933 668 3997 29.
690 3931 732 3998 Et
754 3929 830 3995 dixit
850 3927 929 4006 illis,
958 3931 1029 3996 Hoc
1050 3939 1150 4018 genus
1171 3927 1262 3996 nulla
1284 3939 1315 3994 re

186 4048 293 4123 potest
314 4040 414 4120 exire,
439 4032 582 4130 rrisi‘pcr
602 4037 818 4122 precationem
840 4041 872 4099 et
892 4033 1054 4099 ieiunium.
1156 4049 1157 4052 ’
1378 4011 1379 4030 ’

271 4241 371 4310 LUC.
391 4243 496 4312 XVll.
538 4229 570 4306 5.
595 4240 637 4305 Et
658 4237 808 4304 dixerunt
831 4223 980 4325 Apostoli
1000 4237 1157 4317 Domino,-
1185 4229 1315 4321 Adauge

189 4329 286 4402 nota
311 4341 419 4414 iidem.
468 4345 500 4414 6.
526 4343 615 4410 Dixit
642 4353 747 4409 autern
766 4343 943 4432 Dominus,
971 4341 1007 4408 Si
1033 4338 1192 4406 haberetis
1220 4337 1314 4406 fidens
