2804 4762
193 233 250 300 tte
459 189 571 290 stiur.
591 227 672 286 xvt.
711 203 786 287 tren
805 241 839 286 m
857 241 1048 288 mnnsanntt.

193 383 315 448 sutton
334 381 470 444 cundoet.
508 377 623 437 Suoama
641 385 734 438 antem
754 389 811 451 est,
827 377 934 438 nemini
952 391 1079 460 paratam
1100 394 1159 437 esse
1179 377 1307 436 corenam

194 457 321 552 pisinni
347 457 471 540 legitime
494 451 660 544 certarepit,
684 473 716 541 ae
741 453 892 541 praecipue
916 458 1060 548 neminem
1082 456 1155 546 vitae
1182 464 1210 512 ct
1232 451 1309 588 “Fi

193 535 299 596 tunt·
317 531 382 593 iore
400 540 570 598 consortem,
588 545 642 589 nrsr
659 547 707 609 qur
726 547 886 606 passionum
905 537 934 588 et
952 545 1051 593 mortis
1069 551 1161 592 socrus
1177 540 1245 589 ante
1264 549 1310 590 ne·

193 611 241 673 rit.
291 610 326 668 ln
351 606 469 667 nomine
492 605 645 696 baptismi,
671 602 745 662 ratio
770 602 951 682 metaphorae
977 621 1043 740 apte
1068 618 1188 670 constat:
1216 604 1310 666 scimur
1381 645 1382 662 ι

142 735 146 756 ,
193 680 269 747 enim
287 682 424 763 baptismo
444 675 478 740 ad
496 703 537 740 sur
550 678 622 738 abne
659 679 774 754 tionenr,
791 678 826 738 ad
844 689 971 739 veterem
1011 683 1134 744 ominem
1151 681 1244 744 crucifi
1265 701 1313 739 en-

193 763 275 833 dum,
299 757 420 839 denique
439 756 474 818 ad
494 755 584 818 crucis
603 765 632 816 to
645 757 777 816 erantiam
795 755 898 816 initiari
918 754 1021 818 fideles.
1060 759 1096 816 In
1115 779 1188 822 voce
1213 703 1314 818 calicis

192 836 308 896 dubium
328 847 386 912 est,
408 855 444 894 an
464 832 498 893 ad
516 851 609 892 sacrae
632 852 738 894 coenae
763 832 925 928 mysterium
947 829 1070 894 alluserit
1087 835 1246 912 Dominus,
1267 834 1315 896 sed

192 912 257 993 qnia
275 911 401 974 nondum
420 910 449 970 in
468 929 519 969 ttsu
537 919 605 970 tunc
624 921 692 985 erat,
711 909 860 988 simplicius
877 905 1003 990 aecipcr'e
1022 908 1097 969 malo
1116 931 1169 990 pro
1189 931 1317 973 mensura

108 1039 111 1050 .
192 987 388 1063 afflictionum,
462 1007 489 1044 m
511 987 590 1046 Deus
609 986 711 1068 cuique
729 987 833 1050 delinit.
871 987 944 1046 Nam
983 986 1027 1045 uia
1046 985 1106 1045 eius
1125 998 1168 1045 est
1192 1009 1246 1066 pro
1265 1007 1318 1047 suo

193 1067 314 1131 arbitrio
332 1007 459 1146 singtilis³
473 1061 623 1143 imponere
646 1085 725 1123 suum
751 1084 837 1137 onus,
864 1005 1096 1144 quemadmodum
1119 1063 1319 1140 paterfamilias

215 1146 341 1206 ortiones
363 1140 438 1200 inter
458 1159 526 1199 snos
544 1135 686 1200 distribuit
706 1161 738 1200 ac
757 1141 890 1222 partitur,
913 1140 977 1201 ideo
996 1139 1096 1214 dicitnr
1115 1136 1229 1198 calicem
1249 1141 1320 1200 dare

155 1289 162 1296 ,
194 1163 353 1280 bibentum.
392 1213 545 1275 Caeterum
566 1215 607 1276 his
624 1215 718 1277 verbis
737 1237 796 1276 non
814 1215 934 1297 vulgarit
952 1215 1045 1277 subest
1056 1212 1209 1275 consolatio
1230 1215 1264 1272 ad
1275 1217 1321 1274 le-

194 1293 324 1358 niendam
350 1291 651 1368 crucisxacerhitatem,
677 1293 744 1352 dum
767 1293 848 1358 inea
869 1289 997 1354 Christus
1021 1312 1051 1352 se
1073 1288 1153 1350 nobis
1178 1287 1320 1370 adiungit.

197 1373 275 1448 Quid
294 1369 368 1430 enim
387 1367 475 1448 magis
493 1365 617 1448 optabile
642 1389 726 1449 quam
745 1369 839 1429 omnia
857 1369 961 1430 habere
984 1391 1048 1430 cum
1065 1366 1136 1430 Filio
1154 1365 1210 1425 Dei
1234 1385 1319 1449 com-

189 1445 306 1512 monia?
328 1444 368 1506 sic
387 1444 463 1504 enim
481 1443 523 1515 tit,
542 1455 576 1502 ut
594 1465 665 1524 quae
703 1445 773 1506 rima
791 1445 886 1526 specie
904 1445 1051 1507 mortifera
1068 1453 1214 1538 apparent,
1233 1439 1319 1501 nohis

151 1535 156 1542 “
195 1525 295 1586 cedant
314 1521 345 1592 in
364 1519 482 1580 salutem
502 1520 633 1581 etritarn.
674 1465 733 1596 Cui
753 1541 823 1582 vero
835 1541 948 1600 prorsus
967 1543 983 1582 a
1003 1541 1087 1583 cruce
1105 1518 1237 1582 rmmdnis
1256 1537 1321 1578 esse

195 1600 287 1684 cupit,
311 1596 454 1678 quomodo
478 1595 552 1655 inter
572 1595 679 1656 Christi
698 1595 847 1688 discipulos
871 1597 1046 1673 censebitur,
1069 1599 1116 1678 qui
1143 1597 1202 1672 eins
1226 1593 1322 1676 bapti-

196 1691 286 1738 smum
305 1671 399 1733 subire
418 1672 629 1732 recusatum
649 1673 705 1731 hoc
724 1669 793 1732 nihrl
810 1671 882 1731 aliud
905 1684 955 1746 est,
975 1694 1059 1764 φιιιιιι
1078 1695 1108 1732 se
1127 1693 1143 1731 a
1165 1672 1261 1752 primis
1271 1693 1322 1731 ru-

194 1749 324 1814 dimentis
349 1747 515 1808 subducere,
553 1747 613 1806 Iam
636 1767 704 1806 vero
719 1748 839 1827 ·qnoties
863 1745 992 1826 baptismi
1016 1749 1049 1808 fit
1072 1747 1196 1820 mentio,
1223 1748 1323 1807 veniat

193 1825 481 1898 nobisinmentem,
501 1823 552 1882 hac
571 1821 634 1903 lege
654 1843 707 1882 nos
727 1843 786 1882 esse
805 1823 957 1902 baptizatos
976 1833 1006 1881 et
1025 1824 1055 1881 in
1074 1824 1150 1882 hunc
1169 1822 1267 1898 finem,
1287 1834 1323 1882 ut

194 1902 316 1962 berneris
335 1898 438 1958 nostris
462 1919 529 1958 crux
548 1893 710 1959 adhaereat„
730 1897 832 1973 ‘Quod
853 1897 974 1958 Ioannes
998 1907 1028 1956 et
1046 1897 1181 1960 Iacobus.
1193 1909 1252 1957 mm
1272 1918 1321 1958 se-

186 1991 261 2037 ·cure
280 1977 399 2048 iactant,
409 1993 447 2034 -se
466 1971 669 2034 adhibendum
691 1972 804 2034 calicem
824 1994 884 2035 esse
904 1983 1027 2054 paratos,
1046 1974 1076 2032 in
1096 1993 1133 2034 eo
1152 1973 1322 2055 perspicitur

187 2052 284 2115 earnis
295 2051 473 2112 confidentia:
493 2069 557 2109 nam
576 2058 654 2110 extra
671 2048 793 2122 telorum
804 2049 907 2110 iactum
918 2047 1046 2111 ridemur
1064 2048 1133 2109 nihil
1150 2069 1320 2131 nonposse.

186 2131 237 2190 'tle
255 2128 337 2209 p'aulo
356 2139 422 2210 post
440 2125 526 2208 turpis
546 2138 663 2208 eventus
685 2145 785 2186 eornm
802 2128 985 2202 temeritatem
997 2125 1124 2187 'deterrita
1147 2124 1204 2186 hoc
1223 2139 1324 2198 tamen·

114 2215 119 2231 ¹
153 2245 158 2258 ι
192 2205 247 2266 luit
265 2207 295 2266 in
313 2205 366 2266 illis
385 2205 467 2279 honi,
487 2203 563 2284 quod
581 2201 614 2263 ad
633 2215 779 2284 utramque
800 2215 906 2266 sortem
925 2203 1012 2284 parati
1031 2223 1064 2264 se
1082 2203 1117 2264 ad
1138 2223 1253 2264 crucem
1273 2201 1319 2263 le-

191 2282 307 2362 rendatn
326 2280 497 2342 obtulerunt

230 2427 234 2433 ,
267 2363 315 2422 23.
353 2360 495 2419 Poculum
514 2357 631 2436 quidem
640 2377 743 2416 meum.
785 2323 860 2432 Quia
877 2355 945 2418 disci
964 2354 1002 2415 uli
1021 2367 1110 2429 erant,
1129 2367 1244 2418 necesse
1257 2367 1319 2414 erat

191 2437 327 2518 magistro
345 2433 525 2518 configurari.
560 2433 721 2512 llenuutiat
738 2445 831 2494 autem
849 2431 902 2493 illis
922 2377 1064 2510 Cbristtts,
1089 2435 1165 2514 quod
1190 2432 1316 2492 futurum

193 2523 250 2584 est,
274 2524 307 2570 ut
325 2533 357 2572 se
377 2509 593 2591 adpatientianr
616 2521 792 2647 compprent,
817 2531 849 2570 ac
868 2509 1059 2570 subduorum
1083 2509 1229 2569 hominum
1247 2527 1316 2588 per-

192 2607 262 2646 sona
283 2605 349 2646 suos
370 2607 468 2646 omnes
486 2585 644 2666 alloquitur.
710 2608 754 2646 am
778 2586 831 2664 etsi
855 2584 936 2646 multi
961 2586 1057 2647 fideles
1081 2596 1133 2647 suo
1158 2587 1232 2658 sato,
1255 2603 1316 2643 non

192 2660 325 2746 violenta,
344 2682 398 2720 nec
416 2662 589 2743 sanguinaria
607 2675 702 2722 morte
720 2663 878 2736 intereunt,
902 2660 1032 2722 omnibus
1050 2673 1145 2722 tamen
1163 2680 1316 2722 commune
1381 2713 1382 2742 3

193 2747 236 2795 est
256 2735 351 2812 (sicuti
360 2737 461 2800 Paulus
480 2737 608 2816 adlinm.
621 2741 649 2812 8,
668 2741 715 2801 29.
734 2739 833 2813 docet)
857 2739 1029 2800 eonlhrmari
1047 2739 1080 2798 ad
1092 2737 1198 2797 Christi
1213 2735 1314 2818 imagi·
1381 2753 1382 2796 t

192 2831 267 2873 nem.
290 2812 390 2904 Itaque
408 2823 468 2872 tota
485 2813 543 2874 vita
561 2819 629 2874 oves
648 2826 714 2874 sunt
731 2815 892 2876 mactatioui
903 2815 1061 2876 destinatae.
1085 2815 1205 2872 Nonest
1216 2833 1315 2870 mcum
1381 2809 1382 2882 l

154 2920 168 2930 ν
191 2890 274 2948 dore.
310 2884 391 2978 ‚llrhil
409 2888 466 2978 hoc
486 2907 623 2978 responso
642 2889 693 2950 sibi
714 2882 840 2952 Christus
860 2891 994 2972 derogat,
1018 2890 1065 2951 sed
1084 2900 1189 2947 tantum
1212 2888 1314 2946 admo-

190 2975 251 3038 taet,
270 2964 385 3036 minime
405 2963 489 3024 luisse
505 2976 664 3025 rnrunctum
682 2965 734 3028 sibi
752 2967 861 3028 aPatre
879 2967 934 3028 hoc
952 2988 1062 3042 munus,
1080 2975 1112 3024 ut
1129 2963 1229 3043 cuique
1240 2983 1316 3053 prq-

182 3039 279 3118 1.priam
299 3052 333 3100 et‘
346 3039 502 3100 distinctam
522 3042 615 3100 sedem
643 3042 677 3100 in·
694 3063 784 3132 regno
804 3043 950 3104 coelorum
973 3043 1100 3126 assignet.
1138 3039 1225 3098 Venit
1247 3059 1315 3118 qut·
1381 3099 1382 3106 ,

191 3118 264 3190 dem,
286 3128 320 3176 ut
337 3120 401 3177 suos
414 3135 519 3180 ,omnes
538 3113 684 3198 colligeret
702 3142 731 3186 m,
755 3121 838 3182 vitam
850 3129 1003 3194 aeternam,
1021 3119 1069 3182 sed
1088 3115 1168 3177 nohis
1179 3115 1314 3176 sulficere

190 3190 299 3268 dehet,
316 3193 392 3284 quod
411 3193 546 3275 sanguine
565 3190 624 3255 eius
644 3194 721 3274 parta
741 3197 893 3258 haereditas
910 3195 969 3268 ¹uos
989 3207 1091 3256 manet
1130 3192 1197 3268 Quo
1217 3201 1313 3254 autem

225 3269 278 3326 adu
296 3269 341 3329 ahi
359 3291 443 3349 supra
460 3268 527 3328 alios
547 3269 701 3347 emineant,
720 3293 812 3351 neque
833 3286 958 3332 nostrum
976 3284 1017 3334 est
1034 3271 1190 3407 inrpuirere,
1215 3289 1312 3352 neque
1381 3295 1382 3312 ι

202 3355 272 3434 Ιιειιι
286 3357 311 3403 ιι·
322 3345 437 3436 Christo
455 3343 540 3404 uobis
557 3348 684 3426 patelieri
703 3343 804 3422 voluit,
829 3349 877 3408 sed
901 3349 1042 3442 usquead
1061 3350 1185 3408 utimam
1204 3347 1312 3408 revela·

187 3429 299 3478 ttouem
315 3421 433 3480 differri.
471 3422 556 3482 Nunc
580 3435 707 3484 tenemus
727 3424 833 3484 Christi
858 3427 1013 3485 consilium.
1051 3427 1151 3506 Neque
1171 3423 1260 3504 enim*
1274 3424 1311 3484 de

185 3515 236 3554 sua
255 3507 394 3573 potestate
414 3497 457 3556 hic
477 3497 610 3577 disputat,
629 3502 676 3562 scd
695 3512 802 3560 tantum
818 3503 948 3582 reputari
965 3501 1038 3578 vult,
1059 3510 1195 3582 quorsum,
1212 3501 1309 3559 missus

118 3583 120 3588 '
169 3571 273 3630 oiueeit
291 3593 307 3631 a
326 3573 419 3646 Patre,
439 3583 467 3634 et
485 3575 551 3653 quid
569 3597 635 3636 suae
655 3577 799 3638 vocationi
808 3579 966 3639 conveniat.
1005 3580 1132 3659 Ideoque
1150 3575 1185 3636 ab
1204 3569 1307 3636 arcano

186 3648 244 3708 Dei
261 3645 377 3709 consilio
396 3649 549 3712 iniunctam
567 3651 621 3722 sibi
640 3654 760 3715 docendi
778 3655 917 3714 rationem
929 3655 1069 3714 discernit.
1109 3651 1192 3714 Utilis
1211 3655 1306 3712 admo-

186 3723 436 3801 nitio,¹utsobrie
454 3741 551 3805 sapere
571 3729 719 3806 diseamus,
738 3751 791 3792 nec
808 3749 993 3812 perrumpere
1012 3751 1148 3792 conemur
1165 3729 1195 3788 iu
1216 3729 1304 3788 abdita

82 3825 86 3836 ⁴
186 3801 242 3860 Dei
260 3801 407 3936 mpsteria,
430 3823 462 3862 ac
480 3805 644 3882 praesertim
664 3803 701 3866 ne
718 3807 748 3867 in
767 3807 932 3868 excutiendo
954 3807 1063 3870 loturae
1082 3808 1157 3868 ritae
1179 3817 1251 3882 statu
1268 3803 1304 3862 si-

184 3889 255 3937 mus·
266 3900 284 3936 u
296 3873 337 3938 tda
356 3878 470 3939 modum
486 3880 606 3941 curiosi:
626 3882 758 3944 nondum
778 3885 859 3946 enim,
871 3885 1019 3965 apparuit,¹
1037 3883 1102 3966 qnid
1122 3883 1237 3954 erimus,
1255 3879 1301 3938 do·

183 3971 237 4009 uec
255 3973 308 4013 nos
328 3956 405 4015 Deus
430 3954 481 4024 sihi
500 3955 650 4018 reddiderit
668 3959 767 4021 similes
793 3963 839 4034 (1:
857 3961 900 4021 Io.
920 3963 954 4032 3,
973 3959 1029 4036 2.).
1076 3960 1227 4022 Caeterum
1250 3975 1302 4012 no-

182 4027 297 4088 tandum
317 4044 367 4106 est,
386 4029 578 4114 aequalitatem
597 4051 656 4094 non
676 4037 759 4095 statui
776 4037 915 4097 intetDei
932 4035 1013 4111 filios,
1030 4039 1176 4128 postquam
1197 4029 1303 4110 recepti

182 4097 288 4184 iperiut
306 4107 335 4177 in
353 4109 504 4170 chelestem
523 4107 650 4191 gloriam,
671 4111 720 4172 sed
738 4114 830 4193 petius
848 4114 962 4250 sinpulis
979 4113 1109 4197 promitti
1128 4131 1193 4172 eum
1211 4109 1304 4170 hono·
1381 4147 1382 4152 ι

182 4189 220 4227 ‘¹⁸
233 4182 364 4280 heredum,
384 4187 418 4248 at
438 4201 520 4268 quem
537 4197 655 4248 aeream
677 4188 733 4248 Dei
754 4187 871 4254 consilio
911 4189 1021 4251 estium
1040 4201 1117 4252 suut.
1202 4215 1212 4231 ι

610 4355 622 4372 ιι
652 4331 719 4376 ddi-i
761 4349 768 4374 l
815 4357 825 4370 t·
867 4365 871 4374 ι
934 4365 939 4374 .
