2804 4762
231 91 248 150 t

187 243 246 308 ιω
457 235 567 300 SECT.
586 235 668 298 Μ
708 251 783 300 mn
800 253 836 298 nt
854 253 1047 302 musaeu.

190 389 263 458 nuta
277 389 432 482 pecttione
451 385 557 520 uulpit,
577 397 755 476 quantopere
773 387 860 507 uetitisp
875 391 1108 484 cavendumest,
1124 389 1173 452 uti
1191 393 1308 483 suppetit

187 473 597 626 attentassent
608 477 854 598 rtttffttttt
869 465 1006 618 altit?
1017 469 1208 626 diffidi
1222 491 1316 640 'iiis'

188 633 217 682 et
235 617 289 680 late
308 615 423 688 emittat,
443 613 495 672 uisi
514 615 625 702 spiritus
638 613 821 675 modestiaee
835 615 918 676 coelo
936 619 1095 702 restinguat
1106 622 1267 683 humentem
1283 646 1309 684 m

188 694 334 760 hominum
357 702 457 752 natura
475 687 642 768 superbiam.

261 771 309 834 tt.
348 767 454 837 Scitis,
496 765 556 823 uod
569 768 718 845 principes
740 770 876 850 gentium
897 768 1085 831 dominentur
1108 777 1180 836 tttts.
1219 776 1309 836 Primo
1390 797 1395 812 ·’

188 843 294 908 dicitur
312 863 362 907 eos
381 841 415 906 ad
433 787 736 919 colummannus,
757 856 789 904 ut
807 863 931 906 seorsum
949 865 998 906 eos
1007 847 1180 932 obiurgaret.
1204 853 1310 914 Deinde

188 923 255 986 hinc
274 920 445 1007 colligimus,
470 939 556 1000 quum
575 939 624 982 eos
642 939 707 982 suae
725 919 881 1002 cupiditatis
903 919 1037 1004 puderet,
1059 945 1120 984 nou
1159 929 1229 989 alam
1247 949 1312 1010 que-

189 1012 249 1066 stos
268 1021 339 1078 esse,
357 997 407 1060 sed
426 995 501 1078 quasi
514 1015 634 1086 'raucum
653 1017 781 1082 murmur
800 995 884 1060 luisse
902 997 1058 1074 subortum,
1078 1011 1108 1060 et
1127 947 1199 1064 ciam
1214 1027 1312 1065 unum-

190 1099 275 1162 quem
315 1097 331 1138 e
354 1093 385 1138 se
403 1069 565 1156 praetulisse
589 1071 655 1134 alus.
694 1073 788 1135 Porro
811 1094 871 1134 non
891 1075 1059 1156 generaliter
1081 1075 1205 1154 disserit,
1231 1103 1312 1162 quam

190 1155 277 1218 morti
291 1175 337 1216 era
351 1151 387 1214 sit
405 1147 488 1234 pestis
508 1145 641 1222 ambitio,
665 1147 713 1212 sed
732 1149 894 1232 simpliciter
911 1151 1059 1225 admonet,
1083 1151 1151 1211 nihil
1169 1174 1230 1214 esse
1245 1157 1313 1217 stul-

190 1233 246 1294 tius
264 1253 345 1314 qpam
364 1227 400 1288 de
418 1223 506 1286 nihilo
525 1243 661 1306 pugnare.
700 1225 833 1288 Ostendit
854 1226 929 1288 euim
947 1227 1102 1309 primatum,
1121 1229 1169 1308 qui
1181 1233 1313 1293 commi·
1389 1228 1393 1247 '

191 1311 235 1372 nis
254 1309 328 1368 inter
346 1305 419 1386 ipsos
438 1319 519 1362 causa
531 1312 599 1375 erat,
617 1301 647 1362 iu
666 1323 756 1386 regno
775 1324 827 1364 suo
848 1303 953 1365 nullum
962 1323 1031 1366 esse.
1069 1303 1213 1364 Falluntur
1231 1308 1313 1389 erg'o,

192 1377 362 1476 quidictum
381 1380 435 1440 hoc
455 1375 488 1436 ad
497 1395 604 1468 omues
620 1377 685 1470 pios
703 1379 862 1462 promiscue
873 1381 1034 1457 extendunt,
1053 1403 1139 1473 quum
1150 1391 1258 1441 tantum
1277 1405 1312 1442 ex

190 1453 820 1621 itt?lt⁰ttilttttttl⁶tltitt
835 1457 1137 1615 iali‘iuil’aliinii
1151 1457 1313 1609 ittet
1394 1601 1395 1612 ,

127 1639 130 1648 ¹
211 1612 267 1676 uod
284 1607 411 1672 destinati
428 1616 523 1678 erant,¹
537 1605 634 1666 munds
651 1607 774 1688 imperiis
796 1607 853 1667 nr'
882 1608 1089 1674 alfinehabeat.
1128 1612 1234 1672 Fateor
1252 1610 1313 1692 qui-
1394 1633 1395 1642 ¹

211 1709 270 1760 em,
295 1697 357 1750 tam
379 1681 412 1745 ad
435 1681 560 1762 privatos
586 1680 713 1744 homines
737 1705 819 1766 quam
843 1683 877 1746 ad
902 1705 985 1768 reges
1014 1695 1044 1745 et
1067 1687 1242 1768 magistratus
1285 1709 1313 1748 a-

190 1777 252 1856 iere
274 1763 347 1856 hasne
363 1758 534 1848 doctrinam:
550 1757 625 1845 'quia
647 1766 732 1848 nemo
753 1759 788 1849 'in
808 1759 916 1850 Christi
934 1781 1024 1842 grege
1041 1763 1165 1852 'censeri‘
1179 1709 1313 1838 meretilr,
1345 1809 1347 1817 Α

190 1861 244 1978 tt*
260 1831 789 1978 t¹¹tttlalt¹¹¹¹ltttrtttittt
806 1833 1007 1971 titiant.
1020 1835 1174 1972 ”litt
1190 1852 1315 1993 itti

189 2013 304 2066 verum,
322 1990 370 2054 sed
392 1983 498 2048 Christi
518 1983 662 2048 consilium
683 1985 728 2061 (ut
745 1983 815 2062 dixi>
835 1987 901 2062 suit,
927 1985 1067 2068 spirituale
1085 1986 1226 2050 Ecclesiae
1247 2011 1314 2052 suae

190 2067 318 2152 regimen
336 2087 353 2128 a
370 2061 489 2126 terrenis
508 2060 631 2140 imperiis
649 2060 818 2134 discernere,
838 2081 874 2122 ne
892 2062 1028 2146 alpostoli
1045 2063 1145 2125 aulicas
1159 2066 1261 2147 gratias
1278 2067 1313 2126 ad

191 2166 222 2214 te
236 2143 435 2210 tmusierrents
457 2157 522 2198 nam
541 2153 573 2200 ut
591 2137 706 2220 quisque
724 2138 799 2200 iuter
817 2160 947 2231 proceres
965 2159 982 2200 a
999 2139 1114 2226 regibus
1132 2153 1255 2216 amatur,
1277 2143 1312 2203 ad

192 2241 263 2304 opes
288 2233 318 2282 et
333 2215 521 2310 praelectores
545 2211 715 2354 compendit.
755 2213 882 2278 Christus
905 2227 998 2306 autem
1016 2217 1147 2278 Pastores
1170 2219 1312 2309 Ecclesiae
1396 2297 1397 2302 η

187 2291 1311 2462 stetittuta‘’rat‘ttntttattuttatta:
1396 2431 1397 2436 ψ

191 2451 352 2525 terminant,
371 2447 436 2530 quia
456 2443 637 2507 Christusne
660 2457 689 2505 et
707 2445 764 2505 suis
785 2443 924 2526 discipulis
943 2466 1004 2506 esse
1021 2445 1137 2507 similest
1160 2469 1246 2528 quum
1263 2446 1330 2522 fiat,

190 2521 236 2588 iric
257 2519 436 2608 comparatio,
454 2541 514 2584 non
532 2521 608 2583 iuter
655 2521 800 2582 hristianos
819 2533 848 2582 et
865 2521 998 2603 profanos
1015 2519 1153 2598 homines,
1170 2523 1218 2584 sed
1236 2523 1310 2584 inter

189 2599 291 2662 elficit.
329 2597 412 2662 Adde
434 2597 510 2678 quod
532 2606 672 2667 nontam
697 2597 842 2659 homiuum
866 2619 1000 2678 personas
1023 2598 1308 2680 respexit'Christus,

189 2697 272 2756 quam
291 2673 433 2738 Ecclesiae
449 2693 515 2734 suae
532 2688 643 2738 statum.
680 2673 756 2736 Fieri
773 2674 849 2734 enim
862 2686 973 2756 posset,
998 2686 1031 2735 ut
1049 2675 1096 2756 qui
1114 2675 1178 2757 pagi
1197 2675 1240 2736 vel
1259 2697 1307 2735 ur-

189 2747 233 2812 itis
251 2751 304 2812 erit
322 2749 464 2822 dominus,
487 2751 567 2814 droul
590 2749 711 2824 docendi
752 2769 846 2832 uoque
871 2761 972 2812 munus
996 2763 1117 2834 urgente
1143 2753 1308 2812 necessitate

190 2825 281 2890 obeat.
319 2825 377 2886 Sed
386 2824 500 2910 Christo
521 2825 667 2901 satisfuit,
686 2771 751 2906 quid
770 2826 843 2886 ierat
861 2849 961 2888 munus
970 2827 1171 2908 Apostolicum,
1192 2839 1222 2887 et
1240 2829 1313 2908 quid'

190 2903 225 2967 ab
245 2921 280 2966 eo
300 2897 419 2964 alienum
438 2899 482 2973 sit,
501 2914 630 2964 tractare.
671 2901 827 2992 Quaeritur
844 2915 946 2980 tamen,
966 2925 1015 2964 cur
1035 2899 1170 2975 Christus,
1189 2903 1237 2982 qni
1256 2925 1310 2964 or-

191 2981 268 3046 dines
289 2979 319 3042 in
328 2975 452 3040 Ecclesia
471 2975 619 3040 distinctos
637 2977 838 3054 instrtuit,'ltoc
859 2979 924 3040 loco
943 2979 1040 3062 gradus
1057 2997 1154 3037 omnes
1165 2977 1307 3058 repudiet.

190 3057 310 3118 Videtur
331 3054 405 3118 euim
423 3053 463 3114 sic
481 3072 578 3115 omnes
596 3055 726 3130 deiicere,
744 3051 791 3115 vel
810 3053 907 3116 saltem
926 3055 1000 3116 inter
1018 3073 1180 3134 coaequare,
1198 3067 1230 3114 ut
1237 3053 1309 3114 nul-

188 3131 231 3196 lus
249 3153 333 3214 supra
355 3129 422 3194 elios
443 3127 571 3190 excellat:
592 3131 669 3212 atqui
693 3129 780 3214 longe
804 3129 876 3192 aliud
900 3130 984 3194 dictat
1005 3141 1119 3191 naturae
1144 3129 1227 3190 ratio.
1266 3133 1308 3194 Et

187 3207 288 3270 Paulus
307 3207 447 3270 Ecclesiae
461 3206 588 3290 regimen
607 3205 767 3276 duibens
786 3207 825 3272 sie
843 3209 917 3269 varia
935 3205 1085 3280 ministeria
1105 3219 1251 3284 recenset,
1272 3223 1308 3272 ut

187 3282 370 3378 Apostolatus
388 3281 507 3366 dignitas
528 3281 655 3360 superior
669 3283 706 3345 sit'
724 3285 871 3344 Pastorum
894 3284 1000 3345 olficio:
1024 3296 1053 3344 et
1067 3283 1252 3346 Timotheum
1272 3307 1307 3347 ac

186 3359 283 3420 Tutum
305 3360 377 3422 haud
398 3357 482 3420 dubie
503 3381 537 3420 cx
546 3361 601 3422 Dei
618 3360 748 3421 mandato
759 3381 824 3420 cum
831 3361 997 3422 auctoritate
1012 3360 1071 3422 aliis
1079 3379 1206 3441 praeesse
1213 3361 1306 3424 iubet.

185 3434 373 3514 Respondes,
397 3436 420 3496 si
438 3433 545 3518 singula
563 3436 674 3518 penitus
694 3435 860 3512 excutimus,
882 3457 964 3520 reges
981 3436 996 3496 i'
1011 3458 1057 3498 sos
1074 3457 1135 3496 non
1153 3437 1225 3498 iuste
1249 3459 1306 3499 nec

186 3508 308 3592 legitime
327 3509 479 3585 dominari,
499 3513 552 3574 nisi
570 3513 702 3576 serviant:
726 3511 762 3572 in.
775 3511 829 3584 hoc
848 3526 941 3574 tamen
959 3458 1076 3574 diEerre
1090 3535 1201 3578 -rnuuus
1220 3514 1305 3606 Apo-

185 3585 313 3650 stolicunr
333 3605 349 3646 a
366 3597 481 3648 terreno
499 3590 665 3670 principatu,
685 3588 760 3670 quod
778 3609 860 3681 reges
880 3601 910 3650 et
925 3591 1099 3676 magistratus
1119 3610 1168 3650 sua
1184 3603 1304 3652 servatus

160 3676 243 3726 *nott
261 3661 388 3744 impedit,
406 3665 554 3742 prontinus
569 3666 720 3746 imperent,
738 3677 768 3726 et
786 3666 898 3744 quadem
916 3689 980 3727 curn
996 3688 1040 3726 nra
1082 3665 1145 3727 ilico
1153 3665 1303 3746 splendore
1396 3715 1397 3722 ,

183 3751 220 3834 et⁸
231 3758 333 3822 pompa
350 3737 492 3874 emiueput
510 3762 593 3836 supra
611 3741 761 3834 subditos·
783 3743 831 3804 Sic
847 3743 954 3834 Dayid,
979 3744 1038 3804 Fue
1076 3741 1128 3816 'as,
1152 3741 1245 3832 etalii
1263 3744 1301 3803 si·
1395 3745 1397 3832 i

179 3817 1299 3985 atctat,'trittatstataaaaterasistratus

178 3965 307 4032 hernttio
324 3965 467 4030 mtrttate
487 3969 620 4047 admittit,
679 3971 703 4032 ia
722 3971 885 4032 Pectoribus
904 3969 973 4033 nihil
988 3971 1050 4054 plus
1070 3971 1197 4035 christu
1215 3971 1297 4029 detu-
1396 4037 1397 4044 p

176 4039 215 4116 lit,
238 4067 320 4126 quero
338 4056 372 4106 ut
390 4043 508 4125 ministgi
527 4047 590 4124 sint,
609 4069 625 4108 a
663 4046 769 4108 caninio
787 4060 880 4110 autem
899 4069 1012 4130 prorsus
1035 4047 1200 4110 abstineant.
1238 4045 1298 4104 llic

172 4133 288 4242 guoque
306 4124 461 4184 notandum
482 4136 541 4214 cst,
552 4124 639 4210 magis
655 4123 691 4184 de
709 4139 743 4181 re
759 4124 820 4203 ipsa
837 4125 974 4203 quamde
992 4125 1099 4217 aflectu
1119 4121 1215 4184 haberi
1233 4141 1299 4182 ser·

170 4199 457 4338 nttttafttttt
471 4197 931 4356 iltfittttt'tt‘ttt
945 4201 1301 4359 Etutam

168 4339 268 4396 ''ml'‘
285 4345 489 4422 dominicum.
527 4353 606 4436 Ergo
624 4370 711 4436 quum
729 4360 865 4432 utrosque
881 4351 1002 4420 ists
1018 4353 1195 4426 metunt,
1214 4373 1300 4415 sern-
