2796 4774
150 251 220 315 t⁰¹
359 247 472 315 SEC'l'.
494 247 579 314 xm.
619 263 786 338 amoses
805 257 847 314 nr
865 263 1070 316 ammonas.
1155 265 1159 286 ·

151 420 217 491 gno
243 399 322 469 Dei.
360 395 413 469 16.
439 401 483 470 m
508 389 580 491 lp'ae
607 401 686 472 dixit
711 404 757 484 ei,
783 403 890 470 llomo
917 403 1046 492 quidam
1073 395 1282 494 apparaverat

150 523 285 577 coenam
310 524 469 594 maguam,
501 515 534 572 et
558 508 687 573 vocavit
714 503 846 586 multos,
890 507 942 574 17.
973 507 1129 598 Misitquc
1155 525 1311 574 servum«

28 675 34 688 ,
72 681 78 690 ,
149 626 244 676 sunm
264 605 346 676 bora
365 628 500 690 coenae,
519 617 556 674 ut
575 605 694 676 diceret
712 610 867 685 invitatis,
888 609 1019 676 Venite:
1046 612 1122 698 quia
1142 611 1204 678 iarn
1225 630 1283 698 pa-

148 717 217 778 rata
243 720 317 776 sunt
344 711 461 779 omnia.
511 708 564 778 18.
591 708 633 774 Et
655 719 835 800 ‘coeperunt
862 711 957 776 simul
983 732 1096 784 omnes
1122 732 1283 779 excusare.

147 811 274 880 Primus
296 810 374 880 dixit
395 813 440 893 ei,
460 811 568 880 villam
589 814 664 892 emi,
686 820 718 896 et
738 801 870 880 necesse
892 825 941 881 est
961 813 1041 880 mihi
1063 817 1161 894 exire,
1183 825 1214 882 et
1234 815 1284 880 vi-

146 912 226 982 dere
246 913 346 982 ssiam:
367 935 450 1005 rogo
471 925 517 997 te,
536 913 621 984 habe
640 936 693 984 me
714 925 905 985 excusatum.
947 917 1000 984 19.
1027 916 1070 984 Et
1092 915 1173 986 alter
1194 916 1282 998 dixit,
1388 929 1389 934 ’

146 1018 227 1104 luga
246 1015 346 1086 boum
368 1021 431 1088 emi
449 1021 609 1110 quinque,
637 1027 670 1085 ct
690 1040 732 1086 eo
753 1019 796 1086 ad
815 1017 1020 1110 probandum
1040 1018 1109 1086 illa:
1138 1041 1221 1108 rogo
1241 1031 1283 1100 te,

146 1117 235 1219 habe
252 1143 305 1188 me
325 1132 518 1192 excusatum.
559 1121 613 1189 20.
634 1121 677 1190 Et
691 1121 774 1190 alius
790 1121 886 1208 dixit,
898 1122 1040 1190 Uxorem
1052 1121 1138 1201 duxi,
1160 1133 1191 1188 et
1204 1121 1284 1188 ideo

145 1242 214 1295 nou
235 1245 369 1314 possum
389 1229 511 1295 venire.
551 1225 604 1293 ill.
625 1226 668 1293 Et
688 1210 836 1294 reversus¹
857 1247 971 1293 servus
989 1226 1184 1292 renuntiavit
1203 1225 1284 1290 haec

146 1325 280 1396 domiuo
302 1336 373 1398 erio.
417 1330 512 1396 Tunc
532 1330 631 1396 iratus
653 1327 880 1417 paterfamilias
903 1324 980 1394 dixit
1001 1349 1096 1395 servo
1122 1348 1197 1406 suo,
1222 1327 1284 1393 Exi

146 1431 212 1498 cito
232 1431 268 1498 iu
288 1429 411 1526 plateas
432 1440 465 1498 et
485 1433 575 1502 vicos
596 1429 702 1500 urbis:
723 1451 883 1521 pauperes
906 1451 944 1497 ac
966 1417 1109 1510 debiles,
1130 1426 1283 1496 claudos-

144 1551 211 1618 que
232 1541 264 1604 et
283 1552 402 1602 coecos
422 1532 487 1600 buc
506 1533 667 1602 introduc.
708 1535 761 1602 22.
789 1535 832 1602 Et
852 1533 896 1600 ait
917 1555 1041 1614 scmus,
1063 1533 1214 1612 Domine,
1234 1531 1283 1598 fa-

88 1679 130 1725 „
145 1641 234 1726 ctum
253 1644 311 1715 est,
334 1645 369 1703 ut
389 1639 559 1726 imperasti,
580 1647 612 1706 et
633 1635 739 1703 adhuc
759 1635 853 1703 locus
875 1644 951 1704 est.
976 1635 1029 1701 23.
1051 1635 1094 1703 Et
1114 1638 1158 1703 ait
1180 1635 1284 1702 domi-

47 1770 50 1776 ·
89 1805 91 1810 .
146 1757 209 1809 nun
231 1757 344 1824 servo,
365 1738 428 1806 Exi
448 1741 483 1808 iu
503 1742 572 1806 vias
595 1748 626 1807 et
647 1759 757 1828 sepes,
779 1748 811 1808 et
832 1737 989 1828 compelle
1010 1740 1141 1820 intrare,
1166 1749 1203 1806 ut
1223 1741 1283 1804 im-

141 1835 270 1928 pleatur
297 1840 413 1908 demus
438 1863 518 1910 mea.
560 1841 614 1910 24.
638 1841 726 1909 Dico
753 1843 837 1908 enim
862 1839 973 1921 vobis,
1003 1839 1093 1929 quod
1115 1847 1212 1910 nemo
1232 1843 1282 1908 vi·

143 1961 255 2012 romum
274 1941 414 2022 illorum,
435 1945 493 2034 qui
512 1945 620 2011 vocati
641 1951 724 2024 suut,
744 1939 884 2034 gustabit
904 1963 1037 2012 coenam
1059 1965 1172 2012 ineam.

160 2145 163 2154 ,
219 2085 323 2150 ttauh
342 2082 371 2151 1.
408 2088 451 2149 m
469 2087 645 2180 respondem
660 2088 757 2150 leena.
791 2085 918 2149 Teneai
927 2085 1085 2150 Matthaeus
1103 2085 1177 2150 banc
1195 2107 1281 2170 para-

142 2158 238 2226 bolam
260 2163 364 2228 recitat
386 2161 464 2226 inter
487 2163 557 2227 ahos
584 2170 732 2230 ammones
755 2183 772 2225 a
796 2162 914 2226 Christo
937 2163 990 2224 sub
1016 2161 1146 2224 ultimum
1170 2163 1279 2226 Pascha

142 2237 265 2316 habitos,
283 2239 347 2322 quia
364 2249 461 2302 tamen
480 2239 590 2303 nullium
606 2240 736 2324 designat
754 2239 981 2318 tempus,1.ucas
1001 2249 1095 2300 autem
1114 2240 1219 2302 diserte
1237 2239 1281 2300 al-

142 2315 245 2393 lirmat,
264 2337 351 2400 mum
369 2316 560 2392 discumberet
576 2317 608 2380 in
622 2315 879 2392 mensanarisaei
898 2316 939 2379 sic
953 2314 1100 2396 loquutum
1115 2335 1183 2392 esse,
1203 2315 1282 2376 hunc

75 2427 78 2432 ,
142 2394 238 2476 potius
257 2393 387 2456 ordinem
405 2415 436 2458 se
502 2393 594 2458 ristun
613 2405 665 2457 est
693 2395 788 2456 Poma
807 2390 872 2471 quia
885 2389 1022 2456 Matthaei
1042 2391 1189 2454 eonsilium
1209 2403 1280 2472 erat,

142 2471 302 2534 ostendere·
314 2470 416 2552 quihus
436 2416 583 2536 ducentis
603 2469 634 2533 iu
656 2480 811 2534 extremam
830 2465 938 2530 rabiem
956 2465 1068 2544 accensi
1092 2478 1185 2529 essent
1208 2466 1280 2528 scri·
1387 2529 1388 2558 ,

142 2543 210 2621 bae,
228 2546 306 2606 inter
323 2548 439 2608 odiosos
457 2549 517 2608 cius
536 2551 684 2608 sermones
703 2543 780 2606 bunc
802 2563 915 2624 quoque
933 2542 1104 2622 tempestive
1121 2541 1229 2626 posuit,
1249 2553 1280 2604 et
1324 2591 1336 2616 ,

141 2620 174 2678 in
193 2631 359 2681 contextum
377 2621 506 2696 inseruit,
525 2623 660 2703 neglecto
677 2619 816 2703 temporis
836 2619 945 2682 ordine.
974 2619 1105 2682 Notanda
1125 2631 1280 2696 astantem

141 2697 245 2756 Lucae
265 2695 405 2770 auretio,
430 2697 528 2788 quod,
542 2719 629 2776 quum
650 2715 723 2756 unus
743 2717 778 2758 ex
797 2695 925 2760 convivis
944 2695 1070 2770 dixisset,
1093 2695 1192 2758 beatos
1217 2715 1279 2760 esse
1387 2723 1388 2728 ¹

183 2769 190 2784 ⁸
211 2791 315 2862 panem
334 2771 489 2831 comedunt
507 2792 537 2830 m
557 2791 649 2856 regno
659 2771 724 2845 Dei,
745 2769 875 2832 Christus
894 2769 960 2830 inde
974 2771 1084 2834 Iudaeis
1105 2771 1279 2854 exprobran-

141 2791 194 2910 diis
212 2843 421 2930 ingratitudinis
441 2845 624 2907 occasionem
643 2845 803 2926 sumpserit.
843 2844 1014 2926 Quanquam
1038 2857 1132 2908 autem
1151 2848 1197 2908 vix
1214 2867 1278 2910 cre-

141 2920 228 2990 dibile
247 2932 303 2997 est,
327 2921 470 2982 Pharisaei
488 2921 632 3012 hospitem
655 2932 685 2982 et
706 2921 829 3002 amicum
852 2921 928 2982 serio
951 2921 1062 3002 pietatis
1086 2921 1194 2984 aflectu
1212 2945 1279 2986 eru-

140 2999 216 3080 pisse
233 2997 264 3060 in
285 2997 358 3060 hane
377 3017 493 3072 vocem,
518 2997 587 3058 nubi
604 3010 702 3059 tamen
721 3016 781 3058 nou
799 2995 912 3058 videtur
933 3017 995 3059 esse
1013 2997 1208 3076 subsannatio,
1228 3000 1278 3061 sed

141 3085 175 3136 ut
192 3074 322 3137 homines
340 3073 479 3136 mediocri
501 3072 556 3135 fide
579 3073 679 3148 tincti,
703 3094 757 3135 nec
770 3070 866 3166 palam
884 3071 976 3153 impii,
1001 3095 1101 3136 secure
1125 3075 1201 3136 inter
1223 3096 1279 3156 po·
1386 3069 1387 3142 ξ

141 3149 211 3230 cula,
222 3154 258 3213 de
276 3151 334 3214 vita
351 3162 466 3214 aeterna
484 3150 592 3286 persice
611 3149 714 3226 solent,
735 3148 873 3226 emstimo,
892 3149 999 3210 abhoc
1013 3149 1129 3214 homine
1141 3151 1277 3212 iniectum
1348 3191 1352 3198 ·
1386 3175 1387 3226 ,

140 3226 229 3296 luisse
247 3247 410 3291 sermonem
428 3227 464 3288 de
497 3238 579 3288 utura
599 3226 787 3301 beatitudine,
810 3237 843 3286 ut
860 3225 983 3288 vicissim
1003 3225 1105 3308 aliquid
1124 3249 1140 3288 a
1160 3227 1278 3290 Christo

140 3300 266 3367 eliceret.
304 3297 343 3366 Et
362 3303 449 3367 verba
469 3304 527 3366 eius
545 3303 685 3377 indicant,
705 3302 774 3363 nibil
793 3302 849 3364 nisi
869 3324 992 3366 crassum
1011 3324 1044 3366 ac
1063 3314 1200 3366 terrestre
1219 3303 1278 3384 spi-

140 3399 229 3439 rasse:
253 3401 291 3441 ne
331 3402 347 3442 e
370 3379 447 3442 enim
465 3379 660 3461 metaphorice
679 3381 786 3441 Panem
806 3379 891 3441 edere
913 3379 982 3439 dixit
1001 3400 1055 3472 pro
1074 3380 1143 3442 Frui
1161 3381 1277 3440 aeterna

139 3453 241 3537 gloria,
259 3402 330 3517 soiu
318 3455 431 3518 ridetur
440 3456 593 3518 somniasse
603 3451 701 3517 nesciri
717 3475 801 3536 quem
820 3467 924 3517 statum
938 3455 1014 3518 teliu
1033 3475 1130 3518 rerum
1149 3455 1277 3516 omnimn

42 3535 43 3542 ’
140 3529 287 3612 opulentia
304 3531 452 3594 refertum.
491 3535 596 3594 Sensus
615 3545 713 3594 umen
726 3544 778 3607 est,
797 3531 896 3594 beatos
916 3532 981 3593 fore
999 3531 1051 3622 qui
1065 3553 1138 3613 pane
1149 3531 1206 3594 Dei
1224 3551 1277 3594 ve-

139 3617 264 3684 scentur,
306 3619 434 3687 ostquam
452 3607 523 3670 filios
543 3629 609 3670 suos
628 3609 659 3670 in
677 3630 798 3692 regnum
818 3631 899 3668 suum
918 3607 1074 3691 collegerit.
1385 3663 1386 3670 ,

194 3685 243 3766 ,2.
267 3627 373 3744 rimata
384 3685 509 3761 foetum
528 3697 575 3746 est
594 3707 717 3767 regnum
736 3687 888 3745 coelorum.
930 3683 1175 3759 Quemadmodum
1188 3685 1277 3764 Spar·
1332 3689 1335 3693 '

138 3770 222 3832 tanus
240 3757 288 3820 ille
307 3758 377 3820 olim
397 3761 479 3838 dixit,
500 3762 795 3834 Atheniensesscire,
816 3772 983 3839 quaerecta
1003 3771 1110 3833 essent,
1130 3759 1276 3822 seducite

140 3835 250 3911 lacere,
273 3835 317 3900 ita
335 3835 512 3901 hie'Iudaeis
536 3838 665 3902 Christus
693 3837 859 3919 exprobrat,
884 3834 1038 3916 praeclaras
1062 3835 1175 3914 quidem
1196 3836 1275 3917 ipso's

139 3913 176 3974 de
195 3933 288 4004 regno
298 3911 354 3974 Dei
373 3933 459 3975 voees
479 3916 573 3989 edere,
594 3915 644 3976 sed
663 3915 729 3974 doru
749 3934 798 3976 eos
817 3914 852 3972 ad
872 3933 902 3972 se
921 3912 1047 3996 benigne
1067 3924 1096 3974 et
1113 3912 1284 3974 humaniter
1308 3931 1310 3940 ¹

139 3987 220 4050 Deus
239 3987 349 4064 invitat,
369 3991 555 4072 contemptim
574 4013 605 4052 se
623 4011 757 4082 respuere
776 3989 836 4048 eius
854 3988 981 4072 gratiam.
1019 3990 1120 4069 Neque
1132 3989 1208 4048 enirn
1220 3990 1274 4049 du-

140 4063 219 4126 bium
238 4076 289 4142 est,
309 4066 378 4145 quin
396 4065 516 4128 Iudaeos
535 4067 703 4126 nominatim
721 4065 901 4147 perstringat,
922 4077 955 4125 ut
962 4064 1060 4125 melius
1091 4064 1273 4146 ateltitpaulo
1286 4100 1299 4108 »
1384 4049 1385 4078 ¹

137 4152 215 4220 post.
256 4141 410 4202 Caeterum
428 4140 484 4203 boc
503 4163 519 4203 a
537 4143 615 4204 Lura
633 4142 731 4203 dillert
749 4141 916 4214 Matthaeus,
936 4142 1012 4221 quod
1030 4087 1131 4202 muitas
1151 4141 1273 4202 circum-

142 4218 257 4278 stantias
268 4219 407 4310 exprimit,
430 4211 511 4279 “uum
530 4217 578 4281 ille
597 4219 755 4280 summatim
773 4229 803 4279 et
820 4217 851 4278 in
870 4237 977 4300 genere
995 4229 1105 4278 tanturn
1123 4237 1272 4352 rerndpro-

142 4303 239 4371 ponat.
284 4293 332 4356 Sre
357 4239 517 4358 Matibaeus
541 4316 558 4355 a
585 4317 655 4378 rege
681 4294 792 4378 nuptias
819 4292 868 4354 filii
899 4294 1051 4356 celebratas
1080 4293 1164 4352 luisse
1208 4293 1280 4352 reim·

141 4368 216 4447 apud
238 4367 344 4433 Lucam
362 4372 527 4454 s'unpliciter
544 4373 578 4436 lit
595 4371 720 4438 convivii
737 4371 856 4435 mentio.
888 4371 947 4435 'llle
964 4369 1057 4453 plures
1074 4387 1173 4440 servos
1192 4389 1272 4431 com-
