2804 4762
156 263 218 334 hle
318 261 431 330 secr.
449 261 548 336 ml
584 243 838 334 cananaeorum
855 259 1131 328 memnnrronss.

160 422 217 489 Sin
237 428 270 488 ct
286 415 448 486 vastaris
469 411 599 503 quidem
621 416 780 504 apparetis
800 375 984 484 hominihus
1005 417 1096 486 iusti:
1123 416 1214 484 intus
1236 437 1298 483 au·

159 534 223 594 tem
243 521 332 612 pleni
352 521 430 588 eatis
447 516 582 588 fictione
602 527 635 586 ct
654 517 828 606 iniquitate

244 681 345 752 LUC.
366 681 422 748 xl.
465 681 518 749 Ω.
539 679 606 750 Sed
625 703 685 748 rac
705 667 800 748 voltis
820 679 1009 761 Phariteeis,
1030 681 1105 770 quia
1127 677 1298 753 decimatis.

159 786 319 854 mentham
341 795 372 852 et
392 792 503 862 rutam,
524 793 556 849 et
577 781 715 871 quodvis
737 783 821 861 olus,
842 792 873 847 et
893 785 1071 871 praeteritis
1093 782 1249 851 iudicium
1263 793 1323 852 eta

28 975 32 983 ¹
161 892 324 963 caritatem
349 886 425 954 Dei
470 885 562 954 Haeo
587 887 730 975 oportuit
755 885 889 964 iacere,
906 895 937 952 et
962 876 1018 952 illa
1041 907 1109 953 non
1136 889 1296 954 omittere.

160 991 283 1074 (Paulo
299 992 398 1076 port.)
441 989 494 1056 tt.
519 987 592 1052 Vae
616 985 711 1054 vohis
739 985 871 1056 Serihae
899 997 931 1056 et
950 988 1114 1056 Pharisaei
1139 987 1298 1078 hypocri-

160 1105 221 1176 tae,
242 1095 319 1182 qnia
339 1095 416 1160 eatis
435 1100 473 1158 ut
493 1099 706 1173 momunenta,
727 1111 811 1180 quae
829 1111 900 1162 uon
919 1099 1084 1182 apparent,
1102 1093 1297 1168 ethomines

83 1287 87 1296 ι
161 1193 360 1267 ambulantes
380 1213 441 1286 per
462 1214 501 1264 ea
520 1195 678 1264 annunt
904 1208 911 1220 ·

236 1405 329 1472 taut
345 1405 377 1470 io
394 1403 492 1470 acrdtis
507 1403 634 1470 Christus
652 1404 760 1481 ritiunr,
778 1423 836 1485 quo
853 1401 984 1466 laborant
1001 1423 1101 1468 omnes
1118 1401 1298 1490 hypocritae,
1374 1387 1379 1401 ’

159 1482 239 1570 quod
256 1484 285 1544 in
304 1481 389 1558 rehus
406 1482 520 1551 minutis
538 1482 619 1546 ralde
637 1481 725 1547 seduli
743 1480 800 1544 sint
817 1491 847 1543 et
864 1482 948 1557 anxii,
967 1481 1113 1564 praecipua
1131 1493 1224 1545 autem
1234 1483 1297 1543 Le·

162 1561 206 1646 gis
236 1559 326 1642 capita
353 1559 516 1652 negligant·
563 1559 621 1621 Hie
648 1559 765 1621 morhrus
788 1557 918 1620 omnihus
943 1556 1004 1619 sere
1027 1558 1143 1620 saeculis
1166 1570 1196 1620 et
1218 1559 1297 1640 apud

162 1647 526 1804 εἴιῗιανιξξιῗιξιΐιειιιᾜιιιι
547 1711 659 1792 placare
680 1723 707 1773 st
746 1712 828 1772 uerit.
918 1709 962 1770 uia
987 1711 1063 1772 enim
1082 1711 1161 1801 omui
1179 1733 1298 1793 prorsus

160 1777 220 1852 hei
237 1789 374 1870 obsequio
391 1809 422 1850 se
440 1808 561 1850 extruere
580 1797 732 1869 nequeunt,
751 1787 787 1846 ad
806 1787 862 1848 hoc
880 1787 1033 1850 secandum
1051 1787 1207 1850 remedium
1223 1809 1298 1850 con.

85 1913 87 1921 ,
161 1865 193 1928 l'u
215 1866 291 1942 'nnt,
314 1876 348 1926 ut
365 1865 538 1964 gravissimas
557 1863 681 1928 oliensas
700 1861 779 1924 nihili
797 1857 1030 1926 carnutensium
1053 1865 1201 1926 redimant.
1244 1865 1297 1926 Sic

182 1941 190 1958 ⁶
211 1963 287 2004 emus
308 1941 391 2004 hodae
409 1941 548 2026 Papistas,
572 1963 659 2021 quum
677 1939 919 2034 transgrediantur
935 1957 1042 2002 summa
1061 1941 1118 2004 Dei
1137 1953 1298 2033 praecepta,
1395 1995 1396 1998 ,

161 2017 243 2082 valde
269 2017 401 2082 ardenter
427 2018 462 2079 in
485 2017 521 2078 l'r'
543 2015 594 2076 idis
617 2037 784 2078 ceremoniis
807 2028 944 2102 satagere.
1000 2015 1078 2080 ’Νὴ
1103 2017 1117 2076 i
1139 2030 1195 2079 rtur
1217 2017 1296 2079 lictio
1332 2051 1334 2055 ·

162 2115 240 2158 nuuc
267 2114 283 2156 a
308 2093 425 2158 Christo
453 2115 536 2177 repre
558 2093 668 2156 cuditur
692 2093 723 2152 in
747 2093 858 2169 scribis,
887 2092 935 2172 qui
959 2090 991 2152 in
1016 2091 1141 2156 solven'
1178 2093 1295 2154 decimis

162 2169 243 2234 valde
262 2171 356 2240 ,seduli
380 2183 410 2234 et
433 2167 603 2264 scrupulosi,
634 2168 784 2251 praecipua
807 2169 893 2251 Legis
916 2167 1006 2250 capita
1028 2191 1126 2252 parurn
1149 2169 1293 2234 manant
1395 2189 1396 2248 ς

162 2249 257 2312 Porro
276 2261 307 2312 ut
317 2247 424 2312 melius
443 2248 688 2331 putidameorum
705 2246 924 2318 ostentationem
944 2245 1077 2322 traducat,
1094 2265 1153 2306 non
1163 2243 1229 2306 dicit
1238 2265 1294 2327 ge-

162 2324 298 2388 neraliter
322 2323 442 2388 decimas
464 2324 593 2401 solvisse,
620 2322 671 2385 sed
697 2323 843 2400 menthae,
865 2321 974 2398 anethi,
998 2334 1080 2404 atque
1103 2322 1152 2398 (ut
1171 2319 1291 2381 hahetur

129 2399 134 2412 ⁸
162 2423 178 2467 a
199 2403 236 2464 ud
255 2401 375 2478 Lucam)
395 2401 514 2466 ruinris
534 2400 627 2472 oleris,
645 2411 678 2460 ut
695 2399 812 2466 minino
832 2394 976 2480 dispendio
994 2419 1088 2462 rarum
1104 2396 1211 2480 pietatis
1228 2406 1289 2456 stu·

193 2501 240 2542 mn
259 2489 444 2542 ostentarent.
504 2477 581 2554 Quia
601 2490 697 2538 tamm
717 2473 845 2540 Christus
863 2475 1041 2558 praecipuam
1059 2474 1143 2560 Legis
1158 2470 1291 2534 iustitiam

162 2553 195 2616 in
211 2553 401 2616 misericordia
433 2553 536 2618 iudicio
555 2566 584 2615 et
601 2555 656 2614 fide
674 2552 785 2628 statuit,
801 2552 894 2633 primo
913 2551 1065 2614 ridendum
1083 2549 1292 2632 est,‘quid·pm

22 2659 26 2668 ·
109 2697 118 2719 ⁹
162 2629 213 2698 has
236 2649 322 2693 voces
347 2597 496 2712 intelligat:
536 2629 713 2704 deinde-cur
736 2625 861 2692 omiserit
881 2625 984 2710 prioris
1008 2627 1119 2710 tabulae
1138 2637 1311 2711 praecepta,-

35 2723 41 2746 1
163 2701 291 2793 quaepad
308 2703 364 2764 Dei
384 2704 489 2764 cultum
508 2706 778 2787 proprie'spectant,
796 2705 873 2784 quasi
912 2704 980 2766 ictas
1000 2703 1121 2766 caritatis
1142 2703 1242 2767 officiis
1260 2703 1295 2764 sit

98 2851 105 2866 ι
162 2776 291 2870 inienor.
328 2780 477 2840 Indicium
495 2802 549 2916 pro
568 2782 706 2862 aequitate
723 2781 769 2844 vel
787 2726 956 2873 rectitudine
974 2779 1118 2914 ace'piturd
1139 2801 1195 2858 qua
1213 2783 1246 2841 lit
1264 2790 1296 2840 ιιι
1394 2849 1395 2868 ¹

163 2854 704 3016 tlt‘'n‘tllttttttrittiga
718 2854 1296 3019 tttgt'ttltsstttltt{utilit

164 3030 217 3074 suo
235 3007 368 3080 iratribus
387 3029 560 3085 succurrere,
579 3008 674 3070 levare
693 3009 810 3072 consilio
828 3008 874 3071 rel
894 3032 914 3072 o
934 3010 992 3072 ihus
1008 3025 1135 3082 miseros,
1151 3005 1228 3076 tueri
1244 3026 1294 3068 eos

163 3085 213 3166 qui
233 3085 336 3148 iniuste
352 3095 530 3168 premuntur,
549 3098 577 3146 et
595 3085 626 3145 in
646 3071 981 3166 communehtmranrtcd
992 3081 1121 3145 conlerre
1139 3080 1292 3158 facrdtatee
1394 3157 1395 3162 η

164 3161 265 3242 quihus
307 3161 427 3228 raeditus
450 3171 501 3224 est
558 3161 642 3224 Fides
664 3161 735 3226 nihil
752 3163 826 3224 aliud
847 3176 892 3224 est
910 3185 991 3246 quam
1010 3161 1115 3232 sincera
1135 3157 1292 3241 megrim,
1394 3167 1395 3188 ¹

165 3185 306 3316 nequid
319 3251 425 3316 astate,
457 3259 495 3299 ne
518 3237 583 3320 quid
609 3237 746 3301 malitiose
764 3239 809 3302 rel
827 3261 880 3328 per
898 3238 1008 3302 insidias
1028 3247 1167 3330 tentetur,
1191 3229 1241 3298 sed
1259 3247 1292 3294 ut
1394 3245 1395 3322 ᾗ

164 3319 262 3376 mutua
281 3313 357 3377 inter
375 3333 475 3377 omnes
492 3312 650 3396 simplicitas
670 3315 799 3397 colatur,
812 3335 866 3394 qua
884 3317 926 3380 sin
967 3315 1102 3376 haecum
1122 3333 1169 3398 agr
1187 3311 1291 3386 uolunt
1394 3329 1395 3368 ι

157 3387 263 3465 'Itaque
282 3411 388 3452 summa
406 3392 491 3474 Legis
510 3391 545 3452 ad
564 3391 708 3456 caritatem
728 3391 860 3454 refertur.
941 3393 986 3454 cio
1026 3391 1140 3451 uosdam
1158 3387 1223 3449 fidei
1241 3407 1292 3447 no-

164 3483 230 3601 mutpp
249 3461 329 3529 aliter
348 3468 535 3604 ipteppretari,
554 3478 588 3532 ιιι
605 3488 657 3548 per
675 3467 873 3550 synecdochen
894 3413 1291 3550 comprehenderamus

164 3559 180 3600 c
224 3559 284 3601 um:
325 3563 355 3602 se

163 3627 229 3676 nam
251 3613 395 3678 caritatem
419 3619 465 3680 hic
489 3613 617 3696 resocat,
646 3619 768 3700 ideoque
790 3620 915 3701 priorem
940 3620 1064 3684 tabulam
1088 3624 1147 3679 non
1175 3616 1289 3698 attingit.

162 3692 226 3752 Nec
245 3691 337 3754 obstat
357 3697 432 3772 quod
451 3697 524 3775 apud
542 3697 650 3759 Lucam
669 3718 721 3776 pro
743 3693 798 3756 fide
818 3695 936 3760 hahetur
950 3715 1035 3759 amor
1053 3695 1122 3756 Dei:
1148 3694 1289 3754 consilhrua

77 3817 80 3824 .
163 3767 239 3859 enirp
261 3769 369 3831 Christi
392 3769 445 3836 luit
464 3773 625 3852 ostendere,
653 3772 722 3852 qnid
741 3775 890 3852 praecipue
906 3775 948 3840 im
958 3775 999 3837 Le
1022 3793 1103 3834 esua
1123 3769 1289 3834 Domana

162 3843 246 3906 nobis
272 3845 373 3927 exigat.
432 3848 505 3909 Satis
528 3869 598 3910 vero
622 3861 723 3910 notum
743 3862 796 3924 est,
814 3851 931 3932 'Legem
950 3845 979 3910 in
1038 3870 1065 3909 as
1084 3845 1193 3910 tabulas
1214 3845 1288 3910 trisse

84 3949 115 3992 ‚·
163 3917 335 3996 distinctam,
364 3925 540 4004 utprlmum
564 3923 733 4005 quinties,
763 3938 862 4005 postea
887 3927 951 4018 quid
972 3921 1133 3987 hominihus
1152 3919 1287 3994 debeatur,

162 3999 334 4058 ostenderet.
373 4000 460 4078 Apud
481 4001 585 4060 Lucam
606 4011 723 4077 utraque
742 4023 806 4082 pars
826 4001 999 4082 exprnnitur,
1020 3997 1076 4064 acsi
1093 3995 1286 4064 dicerctChri-

164 4079 232 4145 stus,
253 4073 307 4136 huc
327 4075 446 4142 marinae
466 4076 573 4153 Legem
593 4075 726 4150 tendere,
745 4088 778 4136 ιιι
796 4079 890 4144 Deum
906 4100 1047 4152 amemus,
1066 4096 1132 4158 erga
1151 4075 1286 4158 proximos

163 4162 233 4204 vero
256 4151 336 4230 acqui
360 4151 444 4209 simus
469 4171 501 4208 ac
525 4147 732 4208 misericordes.
791 4151 948 4216 Matthaeus
972 4151 1059 4213 altera
1083 4164 1194 4214 tanturn
1216 4153 1287 4230 parte

164 4229 314 4304 contentus
337 4223 403 4283 tuit:
439 4243 532 4314 neque
551 4219 700 4280 absurdum
720 4237 764 4284 est
782 4227 1014 4296 caritatisollicia
1030 4228 1128 4287 vocari
1148 4225 1289 4308 praecipua

161 4285 248 4376 ¹¹⁸6ss
265 4298 470 4385 P⁸Pflffr‚quum
489 4317 555 4385 ipsa·
568 4293 668 4383 teritos
686 4299 810 4388 aPaulo
832 4315 951 4364 vocetur
968 4302 1054 4384 Legis
1074 4303 1229 4384 perfectior
1254 4301 1289 4364 si·
1393 4319 1394 4364 l

165 4369 223 4417 eutr
242 4364 306 4424 alrhr
324 4371 401 4445 drcrt,
418 4373 528 4451 Legem
546 4367 664 4455 impleri,
683 4393 706 4432 ιι
725 4373 865 4458 diligimus
885 4377 1028 4457 proximos
1048 4378 1287 4456 (Rom.13,lll,).

473 1647 544 1714 ant,
566 1647 597 1698 ut
618 1636 709 1698 maior
746 1655 790 1698 ιιι
808 1633 955 1696 hominum
972 1633 1150 1710 defunctorie
1168 1634 1297 1698 leviculis

441 3543 523 3612 sistus
543 3564 595 3606 suo
615 3565 695 3604 more
709 3545 816 3605 ‘serium
836 3542 1124 3612 eramentsanctitetls
1143 3539 1178 3606 ad
1194 3541 1290 3607 frattr-

1082 4705 1087 4714 '
1203 4705 1218 4738 0
