2790 4764
139 255 197 317 rao
420 253 530 317 SECT.
548 255 616 316 XV.
655 269 744 319 rnsus
763 272 804 318 ur
824 271 994 320 nuscanum

139 405 220 480 dum,
242 415 277 464 ut
294 401 407 488 fulgore
424 403 468 496 sui
487 402 635 488 Evangelii
655 405 806 470 absorbeat
823 407 956 474 scintillas
975 407 1048 484 illas,
1073 425 1144 500 quae
1161 405 1270 467 in'Ve-

138 483 194 544 teri
216 481 401 542 Testameuto
423 481 574 542 meabant.
632 483 685 543 Est
708 483 784 544 euim
808 483 861 546 Sol
883 484 1019 562 iustitiae,
1048 506 1126 547 curus
1150 484 1272 544 adventu

120 555 239 642 'plenus
258 555 347 626 illuxit
365 555 433 617 dies.
465 557 562 638 Atque
581 555 651 618 haec
668 557 819 634 ratioest,
842 581 894 621 cur
913 559 1068 644 Apostolus
1088 559 1162 622 didat
1199 560 1272 619 rimo

138 634 173 696 ad
191 633 340 696 Hebraeos
359 631 461 714 capite,
478 633 582 709 Deum
602 633 650 714 qui
667 634 736 694 olim
754 635 935 697 multifariam
954 636 1105 718 multisque
1118 581 1208 698 moris
1226 634 1274 695 lo-

177 721 241 772 utus
259 719 321 772 erat
338 730 392 792 per
411 709 576 792 Prophetas,
595 709 748 772 novissime
765 711 913 793 loquutum
933 734 994 774 esse
1012 713 1044 772 in
1062 713 1168 774 dilecto
1186 711 1273 772 Filio.

137 732 271 867 Puenique
298 806 360 846 non
388 783 481 850 minus
504 785 590 848 hodie
613 786 644 846 in
673 787 754 882 laege
780 800 810 850 et
833 791 890 850 Pro
910 788 982 850 hetia
1007 789 1119 850 auditur
1143 788 1273 851 Christus

137 883 221 946 quam
238 861 269 921 in
288 859 444 945 Evangelio
462 883 530 938 suo,
555 873 589 922 ut
605 883 693 944 penes
712 886 805 946 ipsum
823 865 878 926 resi
899 876 944 926 eat
962 864 1092 947 Magistri
1111 864 1274 941 auctoritas,

137 938 373 1022 quemadmodum
392 959 453 1000 eam
470 939 524 1000 sibi
543 938 594 999 uni
615 937 739 1002 vindicat
758 940 991 1019 (natutae).
1021 943 1115 1002 Porro
1136 941 1178 1002 ius
1190 961 1274 1002 suum

137 1014 244 1078 salutm
267 1035 328 1078 non
353 1015 480 1092 obtinet,
512 1015 581 1096 quin
603 1015 703 1076 sileant
722 1037 821 1080 omnes
839 1018 976 1080 humanae
995 1016 1117 1102 linguae.
1173 1017 1274 1091 Quare

138 1103 172 1154 ut
190 1112 246 1154 nos
264 1091 316 1154 sub
336 1113 386 1155 sua
404 1091 533 1154 doctrina
545 1091 706 1168 contineat,
726 1093 859 1175 quicquid
882 1094 1037 1156 commenti
1051 1105 1117 1154 sunt
1134 1093 1275 1166 homines,

137 1168 285 1252 prosterni
304 1179 334 1232 et
352 1168 504 1232 concidere
522 1189 639 1238 necesse
653 1181 712 1232 est
752 1171 896 1232 Doctores
915 1171 1027 1252 quidem
1046 1168 1170 1262 quotidie
1190 1168 1276 1230 emit-

137 1245 189 1338 tit,
216 1247 266 1309 sed
284 1245 332 1327 qui
351 1266 422 1326 pure
442 1256 472 1307 et
490 1245 566 1305 bona
584 1243 640 1305 fide
656 1245 806 1327 proferant
825 1247 901 1327 quod
919 1247 955 1308 ab
975 1267 1011 1308 eo
1030 1243 1190 1318 didicerint,
1210 1265 1276 1307 non

210 1323 268 1385 suis
291 1320 485 1384 additamentis
507 1321 693 1414 Evangelium
715 1322 849 1386 inficiant.
906 1325 943 1385 In
965 1343 1089 1399 summa,
1112 1319 1204 1384 nullus
1229 1332 1276 1382 est

138 1344 228 1544 {ditis
237 1397 390 1538 dlicclqsriae
408 1398 524 1472 doctor,
544 1397 599 1459 nisr
618 1398 668 1479 qni
687 1411 717 1460 et
736 1398 886 1481 discipulus
907 1411 950 1464 est
969 1398 1089 1476 Christi,
1110 1410 1142 1462 et
1157 1396 1225 1460 alios
1245 1395 1274 1458 ei

162 1495 237 1538 ocen
257 1495 326 1536 oso
352 1485 404 1534 ert.
609 1527 613 1538 ,
670 1535 673 1544 f

215 1554 244 1613 6.
282 1553 325 1610 Et
347 1551 402 1610 hoo
425 1550 539 1610 audito.
578 1550 707 1614 Terrore
729 1551 786 1612 isto
803 1551 921 1646 percelli
938 1553 1019 1616 Deus
1037 1549 1129 1614 voluit
1148 1549 1274 1630 discipu-

137 1626 195 1703 los,
218 1639 251 1687 ut
273 1625 374 1692 melius
397 1626 514 1688 visionis
537 1628 704 1688 memoriam
728 1628 905 1710 imprimeret
924 1650 1025 1690 eorum
1045 1627 1184 1690 cordibus.
1223 1629 1275 1686 ln-

137 1703 192 1765 rim
215 1703 357 1780 videmus,
387 1713 490 1784 quanta
509 1701 546 1763 sit
565 1715 681 1766 naturae
702 1715 816 1766 nostrae
834 1705 992 1782 infirmitas,
1017 1726 1088 1786 quae
1107 1705 1198 1764 audita
1216 1693 1274 1764 Ilei

137 1800 211 1842 voce
234 1779 274 1840 sic
300 1779 467 1861 expavescit.
510 1780 582 1840 Nam
607 1781 683 1862 quod
706 1781 744 1840 im
766 1781 785 1840 ii
807 1779 852 1842 vel
872 1781 1046 1842 subsannant
1066 1802 1139 1856 eam,
1161 1779 1208 1842 vel
1227 1800 1274 1840 se-

137 1876 206 1918 cure
224 1854 382 1938 negligunt,
402 1855 467 1916 ideo
486 1854 519 1916 fit
537 1855 601 1947 quia
620 1858 699 1917 Deus
718 1878 734 1916 e
768 1857 871 1918 caciter
890 1877 938 1918 eos
957 1878 1019 1916 non
1039 1855 1273 1944 compellatxsed

137 1953 253 1994 necesse
278 1944 335 2006 est,
364 1943 397 1991 ut
421 1930 478 1992 Dei
501 1945 642 2006 marcatas,
664 1931 779 1994 shuulac
805 1954 871 1994 eum
894 1932 1044 2008 sentimus,
1074 1953 1126 1992 nos
1152 1932 1272 1994 deiiciat.

140 2007 293 2075 Caetenrm
312 2007 440 2072 Christus
478 2019 617 2070 rostratas
638 2007 749 2092 erigens
769 2007 895 2068 officium
913 2029 996 2070 suunt
1014 2007 1187 2087 exsequitur:
1208 2029 1275 2068 uam

138 2084 202 2146 ideo
222 2085 257 2146 ad
275 2105 329 2148 nos
348 2029 501 2159 descendit,
522 2096 554 2144 ut
573 2105 610 2148 eo
626 2085 698 2146 duce
716 2085 747 2145 in
765 2085 822 2148 Dei
841 2095 1025 2166 conspectum
1044 2084 1185 2165 intrepide
1204 2104 1274 2166 pro-

138 2161 223 2224 deant
245 2159 356 2236 fideles,
384 2181 439 2222 nec
464 2159 579 2241 amplius
603 2160 735 2222 terribilis
758 2147 796 2222 sit
816 2160 869 2221 illis
895 2161 1037 2236 maiestas,
1066 2181 1138 2239 quae
1157 2181 1275 2222 omnem

139 2259 253 2300 earnem
275 2237 380 2318 alioqui
398 2237 565 2300 absumeret.
602 2236 685 2300 Adde
743 2237 781 2299 od
799 2258 859 2298 non
877 2257 1009 2300 sermone
1028 2249 1135 2298 tantum
1155 2257 1204 2298 eos
1225 2257 1275 2295 so-

138 2313 221 2392 latur,
240 2316 290 2376 sed
308 2325 387 2376 tactu
406 2313 491 2376 etiam
510 2312 666 2375 confinnat.
728 2315 786 2376 uod
803 2314 933 2386 dicuntur
950 2314 1064 2374 tandem
1083 2312 1174 2374 solum
1185 2309 1274 2373 Chri-

138 2403 214 2453 stum
229 2391 344 2470 vidisse,
366 2389 422 2450 huc
440 2391 575 2470 pertinet,
595 2390 667 2473 Legi
685 2402 714 2453 et
731 2389 881 2473 Prophetis
899 2401 957 2452 tem
980 2389 1085 2451 oralem
1103 2389 1189 2450 fuisse
1208 2387 1274 2469 glo-

137 2468 222 2544 riam,
249 2479 283 2528 ut
311 2465 387 2530 solus
412 2466 541 2530 christus
569 2467 739 2546 conspicuus
768 2479 890 2528 maneat.
975 2487 1020 2526 am
1047 2477 1080 2526 ut
1107 2465 1161 2528 rite
1185 2464 1275 2526 lllosis

137 2563 226 2624 opera
245 2555 370 2616 utamur,
390 2543 421 2602 in
440 2543 502 2624 ipso
523 2544 695 2606 haerendum
713 2565 774 2604 non
793 2555 849 2618 est,
871 2543 921 2604 sed
939 2544 1028 2612 danda
1049 2563 1150 2624 opera,
1169 2552 1202 2602 ut
1220 2561 1274 2677 qen

137 2617 230 2697 ipsum
248 2639 335 2678 manu
353 2620 487 2679 ducamur
506 2619 541 2682 a'd
560 2617 718 2694 Christum,
748 2617 830 2682 cuius
847 2619 976 2680 minister
994 2631 1038 2680 est
1056 2641 1114 2678 una
1132 2641 1196 2680 cum
1214 2640 1272 2680 aus

138 2693 278 2752 omnibus.
311 2694 530 2754 Accommodari
552 2697 636 2756 etiam
654 2707 750 2776 potest
767 2694 913 2757 historus
932 2697 968 2756 ad
985 2695 1152 2756 daninandas
1175 2715 1272 2756 eorum

137 2767 364 2854 superstitiones,
382 2770 432 2902 qui
453 2769 599 2830 Christum
619 2791 678 2831 non
697 2769 850 2851 Prophetis
870 2783 979 2833 tantum
999 2784 1028 2834 et
1046 2770 1204 2854 Apostolis‚
1224 2770 1273 2831 sed

137 2843 275 2926 gregarris
299 2854 397 2904 sanctu
408 2844 431 2903 is
455 2843 494 2905 ita
516 2847 704 2926 permiscent,
732 2857 765 2904 ut
789 2845 827 2906 sit
852 2839 983 2930 tanqqtirn
1006 2870 1078 2908 unus
1102 2847 1218 2928 quilibet
1237 2867 1271 2907 cx

100 2929 104 2940 “
137 2939 267 2980 numero.
306 2917 394 2998 atqui
419 2919 506 3000 longe
535 2921 618 2980 alium
644 2921 675 2980 in
694 2921 779 2981 linem
800 2921 941 2985 excellunt
960 2925 990 2984 in
1011 2924 1114 2985 sanctis
1133 2923 1187 2985 Dei
1229 2944 1271 2983 ra-

136 2995 206 3070 tlac,
231 3016 314 3076 quam
338 3005 371 3052 ut
394 3005 502 3075 partem
527 2995 643 3058 honoris
668 2995 784 3058 Christo
809 2997 896 3058 debiti
919 3001 954 3060 ad
978 3021 1009 3060 se
1031 3001 1149 3082 rapiant
1194 3003 1272 3061 bons

136 3083 232 3132 autem
250 3069 354 3134 erroris
373 3070 403 3129 in
422 3069 562 3150 discipulis
581 3071 647 3153 ipsis
667 3073 761 3132 notari
778 3085 889 3154 potest:
919 3098 1001 3156 quam
1020 3073 1068 3138 diu
1088 3077 1162 3137 enim
1180 3073 1272 3137 territi

136 3145 255 3207 fuerumt
273 3146 330 3208 Dei
355 3145 513 3220 maiestate,
538 3160 655 3231 vagatae
674 3160 741 3209 sunt
759 3149 790 3210 in
808 3149 969 3230 hominibus
1007 3152 1154 3214 uaerendis
1173 3173 1272 3224 eorum

136 3233 261 3296 montes,
291 3221 344 3312 ubi
360 3233 454 3312 autem
474 3242 523 3312 eos
539 3224 664 3286 suaviter
685 3223 815 3288 Christus
834 3228 939 3304 erexit,
965 3173 1041 3290 sellus
1060 3229 1094 3289 ab
1114 3229 1179 3310 ipsis
1197 3228 1271 3290 visus

137 3306 190 3386 estt
227 3298 301 3361 Nam
321 3321 345 3358 er
363 3308 459 3380 vegeat
468 3319 507 3378 ,ru
527 3299 610 3369 nobis
631 3300 798 3376 consolatio,
818 3325 873 3382 qua
893 3303 1024 3366 Christus
1043 3304 1199 3367 terroribus
1219 3325 1273 3364 no·

136 3381 201 3432 stms
219 3367 358 3450 medetur,
379 3385 549 3438 evanescent
565 3375 644 3440 stulti
665 3399 765 3446 omnes
783 3379 912 3458 allectus,
932 3381 981 3462 qui
999 3401 1053 3444 nos
1073 3382 1127 3452 huc
1140 3381 1206 3443 illuc
1217 3381 1272 3442 dis.

135 3444 266 3514 trahunt,
548 3503 553 3514 ,

597 3553 615 3584 ,.

557 3563 670 3700 itt,

221 3717 339 3802 (tta.)
383 3719 677 3793 adarmavit.
719 3731 750 3794 9.
779 3729 822 3797 Et
837 3744 945 3818 quum
974 3729 1208 3798 descenderent
1232 3728 1274 3796 de

135 3831 259 3904 monta,
293 3826 459 3912 praecepit
487 3826 551 3892 illis
573 3831 678 3910 Iesus,
706 3830 836 3912 dicens,
863 3833 915 3898 Ne
937 3837 990 3904 cui
1012 3834 1154 3904 dixeritis
1175 3835 1274 3900 visio-

135 3943 224 4004 nem,
261 3923 367 3993 doneo
387 3927 493 3994 Filius
516 3929 654 3997 hominis
676 3955 695 3998 a
716 3937 850 4000 mortuis
872 3947 1026 4022 resurgat.
1078 3936 1128 4000 10.
1162 3937 1204 4001 Et
1225 3937 1273 4000 in-

19 4069 22 4082 .
134 4031 382 4123 terrogaverunt
403 4052 476 4096 eum
497 4028 647 4122 discipuli
669 4037 719 4100 sui
745 4033 901 4115 dicentes,
933 4037 1003 4106 Cur
1024 4039 1120 4126 igitur
1141 4037 1273 4104 Scribas

56 4163 61 4170 -
136 4120 259 4209 dicunt,
286 4133 376 4218 quod
396 4133 500 4200 Ellam
524 4145 673 4222 oporteat
692 4140 802 4207 venire
823 4142 931 4226 prius?
979 4142 1030 4207 ll.
1056 4142 1147 4206 lesus
1169 4151 1272 4206 autem

137 4231 339 4342 respondens
363 4236 442 4302 dixit
462 4235 541 4316 illis,
563 4237 652 4304 Elias
673 4239 803 4325 quidem
825 4245 931 4307 veniet
952 4246 1056 4330 prius,
1077 4255 1108 4308 et
1129 4247 1274 4310 restituet

84 4356 87 4375 ·
142 4337 257 4392 onnia.
291 4335 344 4406 12.
368 4340 545 4414 Caeterum
568 4339 641 4412 dico
663 4339 767 4424 vobis,
788 4341 891 4418 Elea
911 4347 974 4416 iam
995 4348 1132 4428 venisse,
1156 4355 1188 4412 et
1204 4367 1271 4416 non

1107 4505 1387 4738 ’ξι
