2804 4762
10 1074 14 1082 ¹
117 1022 204 1080 spem·
220 1006 298 1061 suam
320 1003 412 1080 sanari
434 1001 582 1076 vidissent,
608 1023 676 1062 mox
693 1002 768 1064 idem
786 1011 943 1064 tentassent
962 1003 994 1063 in
1013 1003 1101 1064 tn'hus
1119 1004 1171 1066 reli
1211 1008 1242 1068 ⁹.
1333 1051 1338 1058 -

369 241 450 319 (aaa.
493 205 563 302 nau
585 240 777 303 caecitatum
798 242 1003 322 ammaum.)
1080 201 1087 214 ’
1150 263 1160 290 t
1195 251 1252 312 183

115 461 127 468 ,
196 393 245 454 aa.
288 391 517 474 meermanni
543 393 614 452 aaa.
651 391 773 484 arguta
800 391 854 455 mr
879 377 1020 456 ohanna
1042 395 1116 456 vim
1144 407 1186 458 ea
1213 418 1248 457 a

120 485 212 529 coeco
236 488 296 530 uno
320 479 441 548 quatuor
463 469 564 530 lacere.
616 467 705 561 Atqui
730 491 789 560 erus
814 484 978 533 commento
1000 470 1069 532 nihil
1095 482 1137 532 est
1158 474 1247 556 magis

70 581 80 602 ι
118 543 265 606 frivolum.
306 545 382 620 Quia
405 545 515 607 videbat
538 545 728 641 Evanqehstas
751 569 791 606 ιιι.
804 549 946 611 nonnullis
968 547 1062 610 verbis
1077 547 1245 634 discrepare⁷
1327 561 1330 570 '

118 620 202 680 finxit
220 620 271 680 uni
291 642 378 682 coeco
397 622 426 680 in
444 622 453 680 i
472 643 504 684 so
522 621 600 682 urhis
618 642 748 705 ingressu
767 623 905 685 redditum
928 643 992 686 esse
1011 624 1115 684 visum:
1143 646 1245 686 secun-
1286 677 1290 684 .

118 698 187 758 dum
207 717 278 758 vero
298 709 327 757 et
345 698 416 758 duos
461 699 502 760 ios
519 696 689 758 illuminatos
709 719 782 774 esse,
805 721 894 780 quum
912 699 989 763 illinc
1008 700 1135 766 clauus
1154 701 1244 762 dhaes

117 774 210 834 deret
228 836 230 844 ,
249 772 339 853 Atqui
362 773 599 836 sioconventunt
621 795 720 835 omnes
742 775 979 852 circumstantiae,
1004 788 1037 838 ut
1058 798 1144 837 nemo
1163 797 1245 838 sanus

117 849 217 909 credat
239 849 358 910 diversas
381 849 508 910 historias
531 849 654 909 tractari.
698 851 814 912 Scilicet
822 852 887 987 (im
909 853 961 912 alia
986 839 1131 929 omittaml
1157 875 1245 934 quum

117 925 242 1004 primum
259 924 294 986 ad
312 925 452 987 silentium
470 925 567 987 conati
585 937 680 987 essent
692 927 810 1009 adigere
849 927 929 988 hristi
948 929 1073 1003 comites,
1091 941 1120 990 et
1131 942 1245 1020 praeter

118 1077 177 1138 Sed
194 1076 262 1137 nihil
280 1099 353 1159 opus
373 1090 417 1140 est
434 1077 543 1158 siagqla
562 1078 705 1158 persequi,
729 1099 764 1138 ex
783 1078 882 1158 quihus
900 1089 1004 1159 sponte
1023 1079 1112 1159 quiris
1130 1027 1245 1216 coll&

117 1175 177 1214 rem
196 1175 279 1214 unam
299 1167 328 1215 et
347 1154 464 1218 eandem
485 1153 600 1214 narrari.
637 1155 696 1215 sed
713 1153 838 1215 offendit
853 1154 1049 1235 discrepantia,
1076 1155 1151 1234 quod
1201 1169 1244 1216 at-

117 1229 214 1292 thaeus
240 1242 270 1292 et
292 1232 408 1292 Marcus
428 1229 593 1290 miraculum
616 1227 662 1301 rel
687 1230 718 1292 in
741 1251 804 1290 uno
824 1230 914 1292 coeco
937 1229 1115 1292 vel‘duobus
1140 1232 1244 1308 editum
1284 1281 1298 1290 .

116 1306 201 1366 finisse
220 1306 328 1380 fflcunt,
346 1327 433 1388 quum
453 1303 583 1368 Christus
601 1305 657 1366 iam
669 1327 711 1366 ‘ex
728 1305 801 1368 urhe
820 1325 946 1388 egressum
964 1307 1176 1380 soretaLucas
1194 1327 1244 1366 au·-

114 1396 172 1443 tem
196 1383 225 1444 id
246 1383 353 1442 lactum
372 1403 433 1446 esse
454 1393 675 1458 commemoret,
692 1393 841 1462 antequam
860 1382 890 1442 in
908 1383 1007 1445 urbem
1025 1382 1145 1445 uernat
1183 1384 1245 1443 De·

114 1459 181 1520 inde
199 1459 277 1539 quod
297 1461 410 1518 Marcus
429 1469 460 1518 et
475 1459 565 1518 Lucas
586 1478 646 1518 non
664 1457 719 1518 nisi
736 1459 772 1520 de
791 1479 881 1520 coeco
903 1461 962 1519 'uno
979 1457 1146 1540 loquuntur,
1169 1458 1244 1522 Mal-

112 1536 213 1596 thaeus
237 1553 308 1594 vero
326 1535 398 1594 duos
416 1534 573 1617 coniungit.
611 1534 669 1596 Sed
686 1556 773 1617 quum
791 1534 1122 1620 sciamusshocpassim
1140 1553 1244 1598 occur-
1314 1595 1318 1604 ,

1 1633 2 1636 “
113 1631 183 1670 rere
204 1609 235 1668 in
259 1608 459 1694 Evangelistis‚
486 1621 519 1672 ut
540 1611 571 1671 in
595 1611 692 1672 eadem
717 1610 832 1674 historia
850 1633 924 1702 unus
941 1623 1098 1693 praetereat
1112 1613 1190 1693 quod
1207 1609 1242 1672 ah

113 1683 175 1760 aliis
187 1684 309 1778 eicitur,
333 1695 363 1777 et
383 1709 494 1748 sursum
512 1686 589 1779 quod
606 1687 642 1748 ah
658 1687 842 1779 ‘illis‘tacetur
858 1687 957 1750 clarius
976 1699 1115 1780 exponatq
1135 1707 1243 1780 norum

114 1760 162 1824 vel
185 1761 309 1824 msolens
333 1774 525 1846 inpraesenti
549 1762 613 1825 loco
637 1763 726 1824 videar
754 1783 816 1826 non
836 1763 933 1826 dehet.
981 1765 1046 1848 ligo
1068 1762 1188 1845 quatiens¹
1202 1775 1243 1825 sta

43 1851 49 1860 '
113 1837 254 1913 coniicio,
282 1840 347 1900 dum
372 1839 436 1900 urhi
456 1839 697 1923 appropinquaret
715 1839 856 1911 Christus,
882 1853 1001 1904 coecum
1020 1840 1243 1904 dimanarunt

113 1937 201 1995 quum
229 1936 297 1998 prae
327 1916 446 1998 strepitu
474 1937 534 1978 non
562 1927 636 1978 esset
667 1916 794 1993 auditus,
833 1917 907 1979 mam
936 1916 1077 1980 obsedisse
1104 1917 1133 1979 in
1164 1917 1265 1978 urhis.

1 2007 10 2048 ’.
114 2005 293 2082 egressu‚·et
311 2004 379 2054 tunc
397 1993 512 2056 domuin
528 1990 648 2054 suisse'a
667 1993 785 2054 Christo
803 2005 944 2056 vocatum.
982 1995 1082 2074 ltaque
1099 1994 1204 2071 Lucas,
1219 2013 1243 2052 ‘a

1 2411 3 2425 ·
113 2393 167 2454 per
188 2372 310 2439 discute,
347 2374 449 2438 sotem
475 2373 601 2440 examine
625 2372 657 2431 in
679 2369 736 2432 hoc
762 2373 850 2432 coeco
878 2371 965 2432 luisse
987 2371 1086 2432 usnm.'

109 2088 185 2133 ‚vero
213 2069 353 2159 principio
381 2091 512 2145 exorsus,
546 2090 606 2130 non
656 2089 718 2132 erse
755 2070 813 2129 itur
838 2082 929 2132 totam
958 2070 1163 2146 narrationem,
1193 2071 1242 2130 sed

114 2143 234 2204 transilit
254 2145 362 2208 Christi
385 2145 536 2238 hospitium
554 2145 585 2205 in
599 2090 687 2216 urhe:
711 2145 756 2204 a'‘
776 2147 869 2208 autem
884 2145 943 2208 duo
958 2145 1049 2208 solum
1067 2153 1181 2228 tempus
1199 2139 1254 2205 ‹lt-⁶

113 2219 243 2304 flagrant,
270 2222 347 2304 quod
369 2243 485 2304 proprus
507 2219 645 2282 mhaculo
669 2219 733 2280 suit.
776 2221 950 2300 Coniectura
973 2234 1068 2283 autem
1111 2221 1243 2282 rohahilis

114 2307 166 2372 est,
184 2309 217 2358 ut
234 2318 317 2388 saepe
325 2297 464 2373 Christus,
480 2297 565 2358 fidem
583 2297 730 2356 hominum
747 2295 869 2376 probare
887 2294 998 2371 volens,
1014 2317 1064 2358 eos
1083 2245 1245 2432 iiquautiq·i

1145 2391 1216 2431 econ

112 2449 184 2510 nodi
202 2469 338 2530 perquam
356 2448 444 2508 facilis
464 2459 508 2508 est
526 2446 643 2510 solutio:
662 2465 728 2508 uam
747 2457 777 2506 et
794 2444 859 2518 alibi
876 2445 1005 2521 vidimus,
1023 2467 1111 2506 numu
1129 2443 1256 2528 diemo?

113 2525 226 2584 ariacum
245 2525 382 2584 aaeillarco
401 2535 431 2582 et
448 2524 527 2582 Luca
542 2521 645 2583 referri
662 2533 801 2595 amaran,
818 2521 868 2583 uhi
885 2522 1044 2583 Matthaeus
1061 2522 1133 2586 duos
1152 2521 1245 2583 nomi-

112 2611 178 2672 nat,
203 2597 284 2660 sicuti
303 2598 406 2659 euhoe
423 2597 507 2658 loco..
530 2597 642 2678 'lleqtm
658 2609 755 2658 umen
773 2598 838 2663 ideo
856 2599 933 2662 iuter
951 2619 983 2659 se
1001 2597 1146 2670 dissideat:
1161 2599 1243 2680 quin

112 2675 212 2756 potius
231 2673 383 2755 probabilis
399 2685 444 2736 est
459 2675 629 2751 coniectura,
646 2695 736 2756 quum
755 2674 837 2737 initio
856 2695 959 2737 coecas
977 2697 1049 2738 unus
1059 2674 1243 2760 chorogra-

113 2752 183 2812 tiam
202 2749 380 2832 imploraret,
409 2750 468 2812 eius
488 2749 616 2832 exemplo
636 2762 812 2813 commotum
829 2751 917 2828 inisse
933 2750 1067 2828 alterum,
1089 2766 1174 2834 atque
1193 2756 1243 2828 h'aq
1285 2753 1310 2826 ἰ

115 2828 267 2890 occasione
288 2827 379 2889 visum
401 2827 523 2888 'duobus
536 2848 598 2888 esse
621 2829 770 2892 redditum.
820 2828 868 2889 ue
889 2847 953 2888 uno
974 2849 1044 2890 rero
1065 2829 1243 2892 uatumtto-
1267 2841 1268 2846 ’

113 2905 196 2984 qunti
215 2901 283 2964 sunt
303 2905 416 2964 Marcus
440 2915 470 2976 et
495 2903 601 2977 Lucos,
632 2904 678 2966 vel
702 2904 766 2984 quia
789 2904 978 2979 massutior,
1001 2904 1047 2968 vel
1065 2907 1129 2988 quia
1146 2906 1176 2965 in
1194 2905 1243 2966 illo

113 3002 175 3041 non
199 2979 291 3042 minus
313 2979 425 3064 insigne
448 2979 561 3042 virtutis
584 2979 692 3042 Christi
713 2981 856 3062 specimen
881 2993 941 3042 erat
984 3003 1046 3043 uam
1069 3003 1101 3042 m
1124 2981 1242 3042 duobus

109 3056 206 3118 Certe
224 3069 340 3137 propter
358 3056 498 3118 celebrem
513 3055 645 3116 notitiam
665 3056 776 3120 ridetur
795 3078 859 3118 enm
877 3069 957 3140 praet
987 3057 1040 3120 ‘sse
1056 3061 1176 3130 Marsas,
1197 3057 1245 3136 qui

112 3145 173 3194 ‘tam
196 3132 281 3230 ipsius
305 3153 388 3214 quam
410 3133 497 3214 patris
519 3151 626 3194 nomeu
649 3132 786 3214 exprimit
830 3135 898 3195 Non
921 3134 999 3196 enirn
1020 3133 1068 3196 ael
1089 3131 1245 3194 claritatem

137 3231 236 3284 enecas,
255 3209 302 3271 vel
321 3209 430 3272 divitias
449 3209 640 3270 commendat:
657 3230 723 3268 nam
743 3211 888 3273 mendicus
899 3221 968 3270 'erat
987 3233 1021 3271 ex
1039 3209 1133 3269 infima
1151 3210 1243 3292 plehe.

7 3309 11 3318 ·
89 3355 92 3360 ,
147 3287 200 3348 ode
218 3297 349 3378 appareq·
363 3283 427 3367 qaia
444 3284 532 3370 vulgo
551 3292 620 3344 nota
641 3297 702 3346 erat
715 3285 940 3360 'eiustcalamitas
960 3285 1245 3350 notffiuatutsserrts

2 3736 10 3773 l

115 3362 240 3424 racuhrm
260 3384 290 3422 sn
308 3383 368 3424 eras
386 3379 517 3444 persona.
547 3364 627 3424 Haec
645 3359 714 3421 mihi
732 3361 804 3423 ratio
825 3383 885 3424 esse
924 3361 931 3376 '
951 3362 1024 3438 etur,
1043 3383 1095 3443 cur
1114 3383 1180 3424 eura
1198 3365 1245 3424 scl-

115 3439 175 3500 lum
192 3438 343 3500 nominent
361 3441 479 3504 Marcus.
491 3450 522 3498 et
539 3439 640 3514 Lucas,
658 3439 694 3500 de
713 3439 802 3501 altero
819 3451 881 3498 tace
959 3437 1008 3520 qui
1027 3449 1087 3500 erat
1104 3437 1247 3505 relucta-

116 3513 206 3576 ferior
226 3515 355 3578 accessio.
406 3515 681 3576 Matthaeus-autem
706 3513 832 3586 oculatus
854 3513 947 3596 tastis,¹
963 3537 1001 3592 ne
1024 3515 1100 3608 hunc
1124 3513 1246 3598 quarm

104 3589 242 3674 ¹quamvis
260 3591 348 3674 magis
367 3590 528 3667 obscurum,
547 3591 772 3673 praetenuittere
790 3590 897 3651 voluit:
912 3629 915 3638 ‚
943 3615 947 3634 ·
991 3623 994 3636 ι
1095 3616 1111 3642 ιι

193 3667 241 3730 30.
279 3669 410 3738 Donum,
434 3673 581 3728 ademere.
618 3667 686 3730 Dixi
709 3687 818 3748 nuper,
844 3679 957 3728 matrum
980 3667 1116 3730 clamandi
1134 3667 1171 3728 ah
1188 3685 1257 3726 nno.

119 3763 181 3802 esse
199 3741 316 3823 lactumz
341 3743 392 3804 sed
410 3741 528 3807 alterurn
539 3743 629 3805 laoile
646 3743 757 3824 impulit
770 3741 869 3804 similis
886 3746 1051 3820 ammaus,
1074 3756 1108 3811 ut
1125 3761 1155 3804 sa
1174 3759 1248 3822 quao-

119 3838 176 3897 que
204 3817 378 3899 adiungeret.
434 3823 527 3888 Porro
553 3841 614 3880 non
639 3819 785 3904 vulgarem
807 3819 1085 3884 christortronorm
1107 3818 1249 3892 deterant,

108 3905 250 3988 petentes
276 3891 317 3954 ut‘
331 3893 375 3955 sui
396 3893 526 3957 misertus
547 3908 701 3960 succurrat.
746 3898 896 3958 Persuasos
920 3900 997 3958 enim
1019 3897 1113 3957 suisse'
1124 3903 1249 3975 oportet,

119 3993 151 4032 cn
170 3969 230 4030 eius
248 3989 333 4030 manu
350 3989 410 4032 esse
428 3972 557 4032 auxilium
576 3971 622 4034 vel
640 3969 803 4049 remedium,
822 3995 879 4054 quo
898 3976 1032 4057 egebant:
1051 3967 1204 4050 sedlrnagis
1219 3967 1249 4035 iu

121 4069 157 4108 eo
177 4045 328 4128 spectanda
347 4057 391 4106 est
408 4047 535 4128 ipsorum
553 4046 631 4132 isles,
670 4049 729 4109 uod*
745 4049 877 4116 Messiaon
892 4049 1029 4128 laternum,
1048 4063 1135 4136 quem
1149 4043 1251 4134 sciram

121 4127 178 4188 hoc
201 4120 296 4203 elogio
316 4135 445 4184 notatum
464 4122 549 4187 luisse
568 4127 641 4206 apud
650 4071 788 4186 ludaeos.
822 4127 871 4189 Co
945 4127 1007 4184 'unt
1024 4119 1251 4207 igitur'adChn-

121 4215 211 4275 stum,
238 4218 300 4259 oon
326 4198 414 4259 modo
430 4212 563 4280 tanquam
582 4201 616 4264 ad
634 4203 807 4294 Prophetam
826 4201 927 4282 queml?
950 4213 991 4274 et,
1017 4198 1067 4256 sed
1084 4195 1252 4284 adunicpm

122 4277 217 4340 salotis
235 4289 409 4352 auctorem,
429 4276 478 4358 qai
500 4298 516 4337 a
533 4279 599 4339 Deo
618 4299 773 4360 promissus·
788 4278 888 4338 luerat.
927 4267 1041 4334 Clamo'r
1058 4271 1255 4330 vehmnenttae

4 4409 13 4424 .
111 4354 246 4458 ,allectus
264 4353 479 4458 indictante}
518 4357 592 4419 Nam
613 4376 700 4436 ιιιιιιιιι
719 4353 881 4425 scirenusc
897 4347 970 4428 apud
985 4344 1135 4426 pleroschte
1154 4345 1255 4408 odiose
