2804 4762
88 311 92 324 ¹
209 233 347 311 Ι(126.
385 229 548 314 Responsio
564 227 603 291 de
620 229 827 292 resurrectione
844 231 1050 311 mortuorum.)
1168 237 1253 302 221,
1373 265 1381 288 ¹

99 408 199 463 mauu,
222 385 260 449 'ut
283 387 319 447 de
334 382 394 448 ‘iilis
413 379 443 446 et
461 383 562 446 saara
579 401 678 455 conum
697 384 788 466 capite
807 383 891 446 trium
911 383 971 448 het.
1027 385 1063 448 In
1081 385 1138 448 hoc
1156 390 1229 452 'vere

99 483 237 545 responso
261 463 390 542 Christus
416 459 594 552 peculiariter
619 481 697 523 suam
719 461 838 547 peciam
865 407 1003 528 dtpnstrare
1025 462 1132 544 voluit,
1159 465 1228 528 dum

9 587 14 594 -
101 541 196 624 coegit
215 540 323 630 pudore
343 535 476 602 confusos
494 535 643 602 discedere·
762 633 765 640 Ι

1007 638 1012 646 ι

1204 711 1216 748 i‘

187 819 293 923 (176.)
334 837 446 906 Matth.
458 837 555 908 XXII.
597 833 650 903 28.
672 837 786 904 tritta
808 829 870 926 die¹
885 851 1087 908 accesserunt
1101 839 1142 934 ad
1155 863 1228 908 eum

106 941 291 1022 Sadducaei,
312 947 368 1030 qui
390 942 502 1010 dicunt
521 961 589 1008 non
611 962 682 1006 ease
703 945 982 1010 resurrectionem:
1006 947 1229 1033 etintcrroga-

103 1058 217 1114 verunt
238 1068 323 1126 enm,
373 1047 428 1112 24.
460 1046 629 1121 Dicentur,
652 1041 822 1129 Magister,
847 1045 961 1112 Moses
983 1044 1075 1126 dixit,
1104 1039 1229 1133 siquis

104 1160 245 1218 mortuns
273 1150 378 1216 fuerit·
393 1167 461 1214 non
481 1143 606 1212 habens
626 1141 745 1224 filium,
773 1155 809 1210 ut
829 1132 923 1214 duent
943 1148 1041 1212 irater
1061 1149 1131 1214 eius
1151 1171 1231 1216 uro-
1280 1181 1284 1194 ⁴

79 1243 166 1320 ‘rem
187 1251 285 1334 iliius,
306 1262 338 1317 et
359 1253 491 1316 suscitet
512 1269 620 1314 sennen
641 1245 731 1314 fratri
745 1268 816 1314 suo.
843 1247 896 1317 25.
916 1249 1018 1335 Eram
1030 1249 1232 1340 autemapud
1294 1323 1300 1338 ,

101 1375 161 1425 nos
183 1367 308 1444 septem
329 1353 453 1432 iratres,
475 1359 506 1418 et
526 1352 648 1438 primus
670 1370 769 1416 uxore
792 1349 885 1418 ducta
907 1351 1076 1420 defunctus
1097 1363 1161 1418 este
1193 1373 1234 1420 ae

98 1479 167 1524 uon
185 1455 311 1525 habens
332 1473 451 1532 semen,
471 1451 601 1540 reliquit
621 1473 752 1520 uxorem
774 1475 864 1520 auam
885 1453 976 1524 fratri
991 1475 1062 1523 suo.
1104 1455 1158 1521 26.
1181 1453 1233 1524 st-

99 1561 219 1626 militer
240 1555 400 1624 secundus
422 1565 452 1623 et
472 1558 584 1624 tertius
607 1577 710 1643 usque
731 1553 771 1624 ad
793 1559 970 1644 septimum.
1026 1559 1079 1628 27.
1113 1559 1233 1650 Novis·¹

101 1665 183 1730 sime
206 1671 311 1728 autem
335 1659 476 1728 oninium
498 1657 647 1726 deiuncta
669 1668 718 1725 est
739 1669 770 1726 et
790 1659 914 1728 mulier.
954 1661 1010 1732 28.
1032 1663 1069 1729 In
1090 1683 1234 1754 resurre-

100 1767 212 1832 ctione
233 1785 311 1850 ergo
333 1764 424 1828 cuins
446 1784 465 1827 c
485 1772 606 1850 septem
628 1760 693 1828 iilis
714 1763 773 1828 crit
794 1767 894 1830 uxor?
937 1785 1049 1832 omnes
1071 1769 1155 1834 enim
1176 1767 1233 1834 ha-

99 1863 245 1936 bueruut
272 1888 351 1932 eam.
398 1865 450 1932 29.
484 1861 698 1956 Respondeas
719 1875 823 1934 autem
845 1867 936 1934 Iesus
957 1871 1001 1936 ait
1020 1869 1095 1954 illis,
1136 1872 1233 1938 Erra-

99 1973 150 2052 tis,
170 1972 350 2038 nescientes
372 1967 560 2058 Scripturas,
579 1989 685 2057 neque
706 1970 853 2037 virtutem
873 1969 946 2036 Dei.
989 1973 1041 2043 30.
1069 1975 1107 2040 ln
1127 1997 1234 2042 resur-

99 2077 246 2141 rectione
267 2077 351 2140 euim
370 2095 477 2162 neque
496 2073 731 2138 matrimonium
753 2071 958 2152 contrahunt,
979 2096 1084 2163 neque
1104 2077 1234 2146 elocan-

102 2186 169 2242 tur:
209 2171 267 2242 sed
290 2185 364 2242 sont
384 2177 466 2242 sieut
487 2173 593 2260 angeli
613 2175 676 2240 Dei
698 2177 733 2242 in
755 2173 859 2240 coele.
923 2176 976 2242 31.
1018 2177 1070 2270 De
1091 2201 1235 2246 resurre-

101 2281 212 2347 ctione
237 2299 316 2344 vero
343 2289 542 2344 mortuorum
569 2296 635 2340 nou
656 2275 792 2362 legistis,
816 2276 909 2362 'quod
931 2277 1026 2345 robis
1048 2279 1165 2346 dictum
1187 2291 1236 2351 est

103 2405 123 2448 a
144 2371 230 2461 Deo,
246 2365 302 2469 qui
325 2383 376 2459 ait,
400 2367 472 2446 Ι32.
493 2380 569 2466 Ego.
586 2398 656 2444 sum
677 2379 769 2442 Deus
790 2377 962 2465 Abraham,
984 2389 1016 2442 et
1028 2380 1119 2446 Deus
1136 2385 1235 2465 Isaac,

88 2496 137 2550 ,et
157 2486 250 2553 Deus
272 2482 391 2550 incubi
432 2483 524 2546 Deus
546 2497 614 2544 non
636 2489 685 2560 est
703 2481 794 2546 Deus
817 2490 1024 2560 mortuorum,
1045 2481 1104 2548 sed
1124 2485 1236 2550 viren-

102 2589 193 2654 tium.
251 2583 306 2652 33.
319 2630 321 2639 ·
334 2583 377 2652 Et
398 2605 496 2672 quum
517 2581 682 2648 audissent
701 2581 842 2664 turbae,¹
856 2579 1094 2673 obstupuerunt
1114 2585 1155 2654 de
1177 2585 1236 2654 dot
1286 2617 1290 2624 ·

102 2689 207 2756 ctrina
229 2688 310 2752 Giufi·

191 2881 332 2960 MARC.
353 2891 423 2960 xtt.
453 2891 506 2962 18.
527 2891 569 2958 Et
579 2893 713 2958 veniunt
728 2891 906 2962 Sadducaei
928 2894 969 2962 ad
989 2896 1088 2978 illum,
1110 2901 1167 2987 qui
1188 2899 1236 2965 di-

6 3013 7 3024 ’
103 2987 181 3066 eunt
202 3017 270 3064 nun
292 3013 366 3060 esse
385 2999 669 3065 resurrectionem:
701 2997 1041 3088 interrogaveruntque
1061 3001 1167 3082 illum,
1188 2987 1237 3084 di}

6 3089 7 3168 i
102 3111 223 3181 centes,
267 3099 318 3166 19.
348 3087 547 3187 Praeceptor,
569 3099 681 3194 Moses
703 3103 829 3187 scripsit
849 3102 955 3182 nobis,
977 3108 1005 3170 si
1028 3107 1118 3200 cuius
1139 3104 1237 3172 irater

6 3239 8 3278 ;
102 3203 274 3282 moriatur,
297 3223 336 3266 ac
355 3201 516 3290 relinquat
536 3223 684 3282 uxorem,
707 3223 745 3268 ae
765 3203 887 3272 liberos
909 3227 978 3272 non
998 3205 1173 3294 relinquat,
1200 3220 1237 3278 ut

6 3345 7 3354 κ
103 3308 241 3396 accipiat
261 3305 359 3371 trater
380 3309 448 3372 eius
471 3307 601 3372 uxorem
622 3306 717 3387 illius,
740 3317 771 3372 et
792 3311 923 3376 suscitet
938 3331 1046 3376 semen
1062 3309 1149 3376 iratri
1163 3333 1235 3380 sue.
1285 3310 1287 3319 ’

103 3411 158 3478 20.
179 3399 445 3505 Septem'iratres
465 3407 607 3484 inerunt:
634 3432 673 3474 ae
693 3409 815 3498 primns
836 3415 958 3500 aceepit
979 3434 1121 3494 uxerem,
1141 3414 1237 3503 isque

103 3513 246 3580 moriens
267 3532 334 3578 non
355 3511 483 3598 reliquit
503 3533 620 3578 senten.
666 3511 720 3579 21.
748 3513 790 3579 Et
811 3513 969 3582 secundus
992 3521 1113 3606 accepit
1134 3517 1234 3596 ilium,

104 3637 144 3680 ac
164 3623 309 3678 mortuus
333 3627 389 3694 est,
410 3636 448 3679 ac
468 3635 574 3704 neque
596 3617 665 3704 ipse
686 3617 814 3705 reliquit
835 3639 952 3686 serrren.
994 3619 1037 3686 Et
1057 3623 1169 3686 tertius
1191 3621 1234 3684 si·

104 3713 231 3781 militer.
272 3711 325 3780 22.
352 3718 394 3782 Et
416 3730 607 3808 acceperuut
628 3739 697 3785 eam
719 3731 854 3810 septem,
882 3745 942 3791 uec
961 3721 1162 3810 reliquerunt
1183 3743 1235 3785 se-

104 3837 190 3884 meu.
238 3817 400 3884 Postrema
426 3841 504 3887 vero
527 3823 667 3888 omnium
689 3837 814 3890 mortua
836 3835 884 3891 est
905 3836 936 3892 et
957 3847 1047 3892 uxor.
1104 3819 1159 3887 23.
1194 3823 1232 3888 lu

104 3919 341 3991 resurrectione
367 3923 477 4008 igitur,
508 3944 605 4010 quum
634 3929 876 4003 resurrexerint,
909 3930 1002 3993 cuius
1024 3926 1153 3994 iliorum
1173 3926 1233 3989 erit

107 4025 209 4090 uror?
239 4040 312 4087 narn
334 4033 453 4108 septem
475 4024 656 4092 habuerunt
677 4047 745 4094 eam
767 4051 908 4096 uxorem.
950 4030 1002 4094 24.
1035 4031 1079 4094 Et
1098 4045 1233 4114 respon·

106 4127 185 4194 deus
208 4125 298 4216 Iesus
320 4124 398 4192 dixit
414 4127 474 4206 eis,
494 4127 545 4193 An
566 4149 634 4194 nen
655 4131 824 4220 propterea
846 4131 972 4211 erratis,
998 4129 1089 4218 qu'od
1109 4130 1233 4196 nescia-

104 4233 145 4297 tis
181 4229 382 4316 Scripturas,
429 4249 544 4316 neque.
569 4233 715 4302 virtutem
752 4227 835 4300 Dei?
901 4231 955 4296 25.
998 4231 1109 4317 Quum
1147 4233 1232 4298 euim

107 4353 126 4398 a
162 4334 302 4400 suenum
332 4334 578 4430 resurrexerint,
620 4355 726 4423 neque
756 4333 951 4438 contrahunt
985 4333 1229 4414 matrimonium,
