2804 4762
161 201 221 298 tal

160 378 372 530 ffleffl
388 379 504 442 minim
521 389 617 464 gratus
636 392 697 442 erat
714 378 819 444 Christi
838 381 940 519 houml
958 393 1066 448 metum
1083 377 1222 464 superarit
1239 397 1285 442 ar-
1398 425 1399 436 t

389 467 540 518 atrocem
558 455 647 518 libere
666 455 846 518 nihilominus
865 471 931 520 exto
941 458 1042 522 lerent.

329 257 333 268 ·
425 232 539 295 SECT.
557 231 639 292 xvt.
680 245 757 338 uren
774 247 808 292 ns
825 197 1032 308 mnnsnmts'

169 589 172 596 .
234 535 283 596 ss.
323 533 423 592 mua
439 534 622 610 unqua.
661 531 765 594 natum
784 543 828 593 est
848 531 956 596 censu
974 532 1203 670 auctpuuqqu
1221 531 1285 598 utfi-

162 607 199 674 cii
217 619 247 672 et
262 605 439 672 renuendae
458 627 540 669 causa
558 628 623 669 eum
641 619 810 688 sequuntur,
834 608 908 669 velle
926 609 1044 673 miseros
1063 633 1079 672 a
1099 611 1124 674 C
1144 610 1203 671 risti
1271 643 1286 658 ·

161 685 201 748 tia
226 703 336 757 meere,
364 691 394 746 et
437 693 551 744 uantum
574 683 604 744 in
627 703 660 744 sc
682 693 726 745 est
745 683 819 745 viam
842 683 991 748 obstruere
1010 687 1069 750 eius
1087 685 1193 750 virtuti.
1221 629 1286 746 gSil

160 760 218 823 boc
239 759 404 841 plerumque
416 703 488 820 heri
509 758 596 836 solet,
615 769 648 821 ut
666 758 756 820 maior
774 780 838 850 pars
856 780 969 838 eorum,
992 761 1041 843 qui
1057 783 1165 824 nomeu
1184 760 1287 824 Christi

161 834 344 920 profitentur,
372 833 408 896 ab
435 835 495 897 eius
518 855 632 898 accessu
654 855 707 897 nos
727 848 822 918 potrus
844 835 977 916 impediat
994 835 1041 897 vel
1059 851 1190 900 moretur
1226 859 1287 898 uam

161 911 197 974 ad
219 932 285 974 eum
303 931 358 972 nos
375 911 486 973 inritet.
530 912 564 974 Si
577 933 630 994 per
649 913 777 974 homiues
794 912 857 992 pios
876 923 906 974 et
923 910 1075 993 simplices,
1100 935 1172 992 quos
1190 859 1225 976 ai
1244 935 1288 974 se-

161 988 304 1070 quendum
324 986 470 1050 Christum
488 989 618 1062 trahebat
635 989 724 1068 aliqua
742 987 859 1072 religio,
882 987 996 1050 molitus
1016 1001 1057 1050 est
1075 989 1162 1050 Satan
1181 989 1291 1052 duobus

162 1064 258 1128 coecis
282 1063 458 1128 obstaculum
499 1068 602 1142 oner‘e,
629 1077 734 1147 quanto
753 1065 782 1126 id
801 1064 887 1148 magis
906 1087 958 1148 per
975 1064 1135 1156 hypocritas
1156 1077 1187 1127 et
1202 1065 1291 1148 perli-
1393 1134 1397 1140 q

162 1139 214 1204 dos
233 1140 346 1218 efficiet,
366 1141 421 1204 nisi
437 1086 522 1204 nobis
539 1153 647 1204 attente
666 1141 842 1204 cavebimus?
873 1142 1037 1205 Constantia
1056 1161 1088 1202 er
1109 1162 1127 1200 o
1147 1161 1218 1222 opus
1239 1154 1291 1214 est,

217 1238 235 1284 e
252 1218 454 1301 impedimenta
476 1219 572 1280 omnia
589 1221 780 1295 transcendat,
803 1219 862 1280 imo
880 1239 939 1301 quo
957 1217 1051 1300 plures
1069 1159 1165 1278 obices
1185 1218 1293 1314 ingerit

84 1323 89 1330 ·
154 1343 157 1352 .
186 1306 265 1372 amn,
296 1315 333 1358 eo
358 1295 448 1386 magis
467 1295 503 1358 ad
528 1295 651 1358 studium
674 1295 807 1378 precandi
831 1317 884 1358 uos
905 1294 1021 1375 accendi
1039 1293 1185 1370 convenit,
1208 1294 1294 1358 sicuti

163 1371 289 1435 videtum
308 1391 411 1432 coecos
430 1371 467 1432 du
486 1372 584 1433 lirassc
602 1393 685 1434 suum
703 1371 864 1434 clamorem.
1191 1399 1193 1408 ¹

238 1449 286 1510 32.
327 1447 410 1526 Quid
425 1393 529 1524 vullis,
550 1459 584 1509 ut
595 1450 727 1524 sariam.
767 1447 898 1528 Comiter
918 1457 947 1508 et
965 1445 1090 1530 benigne
1107 1455 1204 1529 rogat,
1224 1443 1292 1525 quid
1400 1511 1401 1532 3

164 1521 293 1604 cupiente
325 1521 391 1604 quia
406 1533 550 1586 'statuerat
573 1545 672 1586 eorum
695 1524 834 1605 precihus,
848 1543 983 1587 annuere.
1027 1527 1128 1603 Neq'ue
1147 1521 1221 1582 emm
1240 1521 1293 1582 du·
1400 1545 1401 1598 q

163 1597 243 1664 bium
268 1607 325 1674 est,
355 1597 424 1680 quin
448 1598 581 1681 peculiari
601 1600 721 1680 Spiritus
743 1601 879 1661 instinctu
901 1601 1009 1680 precati
1032 1601 1100 1662 siut:
1130 1598 1194 1679 quia
1212 1595 1294 1658 sicuti

164 1693 226 1736 nou
249 1693 349 1734 omnes
372 1695 389 1734 a
411 1674 520 1735 morbis
544 1675 736 1755 corporalibus
761 1681 862 1737 eruere
884 1675 945 1738 vult
964 1677 1118 1750 Dominus,
1143 1675 1184 1735 ita
1202 1693 1295 1754 neque
1400 1721 1401 1760 ,

163 1748 327 1830 siuspliciter
343 1749 454 1830 precari
471 1750 618 1830 permittit.
665 1751 838 1830 Praescripta
856 1761 899 1811 est
916 1751 1000 1810 uobis
1018 1751 1129 1832 regrrla,
1153 1749 1233 1830 quid,
1265 1759 1295 1808 et
1400 1771 1401 1820 ς

164 1825 322 1906 quomodo,
347 1835 377 1888 et
402 1836 538 1905 quatenus
560 1836 660 1906 petere
683 1825 846 1888 debeamus:
875 1825 910 1886 ab
936 1845 967 1888 ea
991 1827 1145 1886 deflectere
1169 1825 1209 1884 las
1232 1845 1295 1884 uon
1400 1865 1401 1874 η

165 1909 219 1974 eat,
244 1899 299 1960 uisi
317 1901 458 1963 Dominus
476 1921 579 1961 arcano
599 1897 719 1982 Spiritus
738 1913 819 1960 motu
837 1899 981 1982 peculiare
1002 1899 1115 1980 aliquod
1132 1910 1231 1960 votum
1250 1899 1296 1960 di·
1354 1965 1356 1973 ,
1400 1973 1401 1980 ¹

164 1985 240 2053 etet,
267 1977 345 2057 quod
367 1995 433 2038 raro
458 1975 607 2060 contingit.
652 1977 805 2038 Caeterum
823 1976 981 2111 interrogat
1000 1995 1049 2038 eos
1069 1969 1209 2052 Christus,
1234 1997 1295 2036 uon
1400 1989 1401 2050 ἴ

144 2062 222 2118 ἰω
244 2051 372 2133 ipsorum
414 2051 525 2114 rivatim
544 2073 625 2116 causa
643 2073 726 2136 quam
743 2053 832 2114 totius
854 2073 930 2134 popu
942 2075 960 2112 1.
1008 2051 1120 2114 Scimus
1147 2052 1237 2128 enim,
1263 2063 1296 2112 ut

155 2127 284 2190 ‘mundus
309 2129 372 2190 Dei·
393 2074 530 2192 beneficia
557 2129 619 2191 siue
647 2150 731 2191 sensu
753 2129 886 2202 devoret,
920 2128 980 2190 nisi
1000 2127 1118 2191 stiurulis
1147 2128 1292 2190 excitetur.

163 2205 244 2286 lingo
264 2203 393 2267 Christus
411 2225 485 2268 voce
503 2225 552 2266 sua
569 2205 681 2266 turbam
699 2216 837 2268 astantem
854 2205 889 2266 ad
907 2205 1113 2268 observandum
1131 2204 1293 2265 miraculum

112 2323 117 2342 1
164 2280 258 2376 erigit,
277 2279 360 2342 sicuti
377 2281 461 2364 paulo¹
480 2293 547 2362 post
564 2282 647 2365 siguo
667 2281 777 2357 risibili,
796 2282 863 2343 dum
872 2291 950 2342 tactu
962 2281 1053 2363 aperit
1065 2280 1172 2342 oculo's.
1198 2281 1294 2357 Quum
1400 2307 1401 2344 t

164 2357 235 2426 (liert
248 2357 413 2436 Matthaeus,
431 2357 527 2420 Iesum
545 2358 630 2422 fuisse
647 2357 794 2420 misertum
809 2357 1049 2435 (antonomasia),
1063 2377 1125 2418 nou
1146 2369 1188 2419 est
1206 2356 1293 2438 parti-
1400 2425 1401 2438 ,

164 2433 191 2496 c'i
210 2433 269 2498 ium
288 2434 347 2498 eius
365 2433 455 2510 verbi,
493 2455 531 2496 uo
546 2433 842 2516 unperincoecorum
851 2455 972 2516 persona
981 2457 1047 2495 usus
1057 2431 1293 2526 luerat(tts'qo'or).

164 2455 450 2574 llhmisericordiam
469 2454 578 2572 Christi
595 2510 790 2594 implorabant,
809 2521 843 2571 ut
860 2531 946 2592 opem
964 2510 1054 2572 ferret
1071 2510 1195 2571 misens:
1218 2529 1294 2568 nuuc

164 2596 260 2646 autem
271 2587 402 2666 exprimit
410 2586 598 2671 Evangelista,
616 2587 778 2649 nonsolum
790 2587 910 2672 gratuita
920 2587 1048 2648 bonitate
1058 2585 1203 2668 inductum
1212 2585 1295 2645 luisse
1400 2643 1401 2648 ,

165 2659 325 2734 Christum,
355 2672 389 2722 ut
410 2661 476 2745 illus
498 2675 622 2742 amaret,
646 2663 695 2726 sed
714 2663 778 2744 quia
796 2683 895 2726 eorum
914 2661 988 2724 malo
1007 2661 1161 2724 condoluit.
1204 2663 1295 2722 Meta-
1400 2653 1401 2708 l

84 2767 85 2772 1
107 2743 108 2752 ’
164 2734 256 2818 phora
280 2735 357 2796 euim
375 2747 486 2818 sumpta
504 2747 549 2800 est
566 2760 583 2802 a
600 2737 778 2830 visceribus„
794 2739 825 2800 in
843 2739 945 2831 quihus
967 2739 1072 2802 residet
1093 2737 1247 2798 humanitas
1267 2745 1296 2797 et
1315 2782 1320 2788 s

164 2817 263 2872 mutua
282 2830 346 2871 com
367 2811 448 2888 assio,
467 2834 539 2892 quae
558 2833 613 2875 nos
631 2816 666 2876 ad
684 2815 982 2893 proxumos-iuvandos
999 2815 1106 2876 incitat

156 2907 182 2946 η
242 2888 332 2950 Marc.
347 2829 399 2949 ht.
435 2889 525 2948 mun
544 2899 609 2951 tua.
651 2891 737 2950 mart
755 2890 871 2954 nominc
891 2911 952 2952 non
970 2903 1077 2952 tautum
1094 2886 1192 2949 fiducia
1211 2905 1296 2948 recu·

163 2963 282 3050 parandi
299 2962 375 3026 visus
393 2961 567 3058 intelligitur,
591 2964 641 3026 sed
659 2964 742 3026 aldor
760 2967 911 3046 persuasio,
950 2969 1008 3030 uod
1026 2986 1127 3028 coecus
1140 2962 1186 3024 bic
1199 2962 1296 3024 Iesum

163 3049 320 3125 agnoverat
338 3059 398 3102 esse
418 3041 548 3102 Musam
566 3039 699 3104 divinitus
717 3041 896 3134 promissum.
925 2990 1068 3106 llec'uem
1083 3038 1197 3102 contusa
1228 3059 1297 3102 uae-

100 3157 102 3167 ·
164 3117 231 3178 slam
246 3115 348 3180 notitia
360 3115 498 3200 ,fingenda
519 3127 576 3180 est:
604 3117 668 3197 quia
686 3137 764 3199 prius
777 3117 915 3195 'vidimus,
940 3141 974 3181 ex
992 3121 1072 3202 Lege
1091 3128 1121 3178 et
1143 3117 1219 3196 Prop
1243 3117 1298 3178 etis

163 3203 303 3275 sumptam
327 3191 413 3254 fuisse
438 3192 509 3265 hauc
532 3191 749 3256 confessionem.
787 3196 856 3256 Non
881 3195 956 3258 enim
979 3207 1087 3258 temere
1109 3191 1222 3258 Christo
1241 3213 1298 3254 no-

163 3287 231 3360 mep
241 3271 308 3360 filii
326 3269 428 3362 Doqtd
444 3289 547 3331 coecus
565 3269 715 3352 imposuit,
738 3270 789 3332 sed
809 3289 874 3332 eum
892 3271 1032 3364 amplexus
1053 3282 1111 3346 est,
1135 3267 1243 3406 qpalem
1263 3291 1299 3362 ex
1329 3331 1336 3354 ,

164 3343 266 3408 druna
286 3345 405 3418 oractrlts
422 3345 478 3409 edo
560 3345 832 3409 luerat'venturum.
870 3347 952 3409 Fides
969 3357 1064 3408 autem
1080 3367 1151 3408 ascri
1172 3356 1195 3406 rt
1214 3345 1299 3407 Chrs-

119 3478 120 3487 ,
144 3469 146 3477 .
163 3429 237 3496 stus,
255 3421 331 3500 quod
350 3441 454 3484 coecus
515 3443 563 3483 um
581 3423 705 3518 recepit,
723 3423 801 3504 quia,
820 3425 932 3498 mmemi
951 3424 986 3486 ad
1004 3422 1165 3506 incredulos
1184 3442 1297 3502 quoque

163 3490 305 3570 interdum
328 3497 386 3558 Dei
412 3498 504 3560 virttis
526 3510 556 3561 et
575 3509 832 3582 gratia-penetrat,
857 3519 943 3562 nemo
963 3512 1058 3561 tamen
1078 3500 1137 3561 cius
1155 3497 1299 3560 beneficiis
1400 3501 1401 3576 3

144 3569 218 3632 'rite
238 3581 267 3632 et
284 3571 392 3646 utiliter
410 3573 527 3651 fruitur,
551 3575 607 3638 nisi
626 3576 675 3660 qui
694 3597 727 3644 ea
743 3575 802 3638 fide
819 3577 953 3660 percipit:
986 3577 1045 3638 imo
1063 3573 1214 3637 incredulis
1232 3595 1299 3634 usus
1359 3601 1365 3612 =
1400 3579 1401 3602 ³

115 3669 120 3678 ¹
162 3645 308 3710 donorum
329 3647 388 3718 Dei
409 3649 483 3714 adeo
506 3649 631 3718 salutaris
655 3654 795 3728 nonest,
820 3664 852 3714 ut
870 3653 959 3746 magis
977 3651 1078 3714 noxius
1096 3651 1141 3712 sit.
1200 3649 1299 3725 Quare
1400 3697 1401 3720 ἶ

162 3723 233 3786 baec
251 3722 331 3800 salus,
351 3723 430 3787 cuius
450 3724 582 3790 Christus
599 3729 737 3804 meminit,
754 3729 821 3792 'non
839 3729 1019 3812 restringitur
1037 3729 1072 3790 ad
1091 3739 1236 3789 externam
1254 3745 1299 3788 sa-
1398 3735 1401 3790 l

161 3800 296 3876 nitatem
320 3799 378 3862 aed
396 3823 491 3864 unam
514 3825 626 3890 quoque
648 3805 807 3886 paleamque
827 3803 948 3867 animam
967 3803 1202 3886 comprehendits
1242 3801 1299 3864 acsi
1400 3821 1401 3860 t

118 3899 123 3908 ·
160 3876 271 3940 diceret
289 3875 431 3955 Christus,
450 3879 504 3952 lide
524 3895 641 3944 coecum
660 3881 835 3962 impetrasse,
852 3890 884 3940 ut
906 3881 972 3944 Deo
990 3881 1117 3964 propitio
1136 3880 1198 3942 voti
1219 3899 1298 3952 com-

97 4023 99 4027 ·
159 3971 215 4041 ,pos
234 3951 325 4044 fieret.
356 3953 467 4028 Quodsi
484 3956 550 4018 fidei
567 3970 701 4039 respectu
722 3957 854 4040 diguatus
872 3969 915 4019 est
933 3960 1012 4020 Deru
1032 3978 1152 4022 coecum
1170 3977 1219 4018 sua
1233 3975 1299 4039 gra-
1400 4013 1401 4020 ,

1 4057 2 4074 ι
162 4039 209 4103 tu,
229 4049 258 4089 se
278 4041 355 4092 untur
372 4029 426 4094 fide
444 4031 625 4094 iustificatum
640 4053 709 4094 esse.
1145 4081 1148 4088 ι

1 4079 3 4150 l
125 4176 129 4187 ,
287 4104 340 4168 tth.
366 4109 414 4170 34.
456 4108 587 4189 Sequutr'
603 4119 673 4168 rum
699 4129 775 4171 eum.
825 4109 891 4170 Hoc
909 4107 1085 4194 gratitudinis
1105 4109 1218 4192 siguum
1236 4104 1298 4182 suit,
1400 4169 1401 4184 ,

165 4196 267 4240 coccos
297 4180 414 4245 Christo
444 4205 475 4246 se
503 4185 570 4244 dare
596 4183 722 4244 comites.
783 4184 952 4265 Quanquam
981 4207 1052 4248 vero
1080 4185 1220 4251 incertum
1246 4193 1298 4257 est,
1400 4201 1401 4204 ¹

132 4309 135 4315 .
165 4249 251 4312 diuae
270 4255 469 4320 hocsollicium
489 4257 700 4338 praestiterint,
711 4257 764 4319 suit
782 4270 878 4323 tamen
898 4263 953 4324 hoc
972 4262 1046 4344 grati
1068 4261 1169 4334 ammi,
1188 4283 1201 4321 s
1222 4269 1299 4320 ecta-

166 4322 261 4410 culum
280 4331 388 4414 gratiae
409 4334 515 4402 Christi
533 4333 627 4396 multis
648 4331 682 4400 in
699 4333 749 4398 illo
774 4335 877 4402 itinere
895 4337 1041 4428 praebere.
1089 4280 1298 4411 nudulum,
