2796 4774
151 165 1246 282 ·smwwfflwm'm

88 369 171 430 quam
190 347 311 408 honesto
334 327 479 428 praetertd
498 342 628 406 invidiam
647 341 888 425 ase‘depellcre4
911 338 998 408 etita
1016 313 1146 442 elingere
1164 367 1217 412 ne·
1279 411 1283 420 ,
1384 383 1385 400 i

13 413 15 450 ὲ
90 425 248 489 cessitatem
267 425 414 484 damnandi
438 423 552 486 Christi.
651 457 652 462 =

13 491 15 512 ¹
167 506 195 565 8.
215 499 345 560 Herodes
364 512 464 560 autem
482 503 545 562 riso
566 499 635 558 lesu
651 497 779 580 gauisus
797 507 852 557 est.
872 495 948 562 Hinc
967 511 1090 582 apparet,
1107 515 1217 585 ¹quanto

65 575 72 594 '
89 597 178 655 opere
196 575 298 656 impios
316 597 366 637 sua
384 573 513 658 snperbia
532 574 667 646 inebriet,
686 577 744 634 imo
763 594 876 652 prorsus
895 577 1049 639 dementet
1080 579 1218 656 Quamvis
1243 603 1244 608 ¹

13 645 16 680 ³
89 655 166 716 enim
190 672 252 712 non
275 656 453 738 agnosceret
474 652 602 714 Herodes
630 651 773 712 Christum
800 669 854 732 pro
878 643 934 712 Dei
956 650 1028 730 lilio,
1056 652 1218 737 Prophetae

89 731 187 790 saltem
206 727 271 790 loco
293 727 505 790 combibebat.
545 727 644 802 Quare
661 727 723 810 plus
742 744 825 806 quam
844 721 969 806 iniquum
978 729 1032 792 luit
1051 729 1109 796 cius
1120 733 1220 796 sordi..
1257 730 1266 744 ‘
1346 727 1353 736 '
1384 729 1385 736 ’

13 823 16 834 ·
53 825 55 838 ’
89 807 142 876 bus
168 817 196 864 et
220 805 375 888 ignominia
399 804 539 866 delectari.
582 801 694 864 ‘Verum
1054 878 1055 882 Ἰ

13 875 15 910 ²
89 879 508 962 quamdiquristiconspectn
526 875 632 970 potitus
650 819 830 968 coniverit,
849 898 1008 970 nuncosuac
1025 881 1133 946 libidini
1152 886 1221 969 sub·

88 959 194 1020 iccium
214 971 346 1034 cemeos‚
375 959 491 1033 exsultat
547 977 587 1016 asi
607 963 709 1020 ridor.
745 955 890 1019 Videmus
902 965 1000 1032 enam,
1022 959 1164 1050 quomodo
1183 965 1219 1025 ab

88 1033 183 1127 impiis
202 1047 230 1095 et
253 1026 379 1117 profanis
408 1034 514 1096 bomin'
536 1055 566 1094 ns
592 1043 720 1104 amentur
738 1027 796 1090 Pro

90 1113 146 1172 Dei
164 1111 261 1172 virtus.
299 1110 360 1172 lam
385 1107 432 1170 iliu
456 1119 602 1190 optaverat
620 1105 751 1168 Herodes
771 1051 816 1168 Ch

816 1118 914 1168 ristum
939 1106 1048 1170 videre:
1080 1131 1131 1173 cui·
1159 1133 1221 1176 non

742 801 799 862 nasi
829 797 903 862 lucta
932 819 1003 866 esset
1032 805 1084 870 sihi
1104 801 1220 888 iniuria,
1323 839 1324 844 ¹

819 1031 911 1106 betae,
937 1027 968 1090 iu
994 1035 1094 1112 qinhus
1112 1037 1233 1102 relucet'
1275 1025 1298 1109 ,Α

89 1189 172 1248 etiam
197 1188 293 1248 audire
308 1187 443 1268 ¹optabat,
470 1199 504 1246 ut
528 1205 562 1244 cx
586 1184 646 1244 eins
670 1180 799 1245 doctrina
817 1181 998 1262 proficeret?
1025 1186 1137 1268 Nempe
1155 1190 1220 1272 quia
1299 1247 1300 1250 ,
1324 1227 1338 1242 s
1384 1189 1385 1232 ἲ

89 1265 198 1326 divinae
220 1260 331 1346 virtutis
350 1262 501 1327 theatricus
520 1272 664 1341 spectator
684 1279 743 1322 esse
762 1257 873 1334 maluit,
899 1277 986 1353 quem
999 1259 1047 1352 pie
1062 1275 1097 1324 et
1113 1263 1222 1347 suppli·
1323 1289 1325 1293 ’
1356 1320 1360 1340 ,
1384 1271 1385 1334 j

89 1341 161 1413 citer
181 1361 242 1400 eam
263 1339 401 1415 revereri,
421 1349 454 1397 ut
472 1339 598 1399 decebat.
626 1335 807 1426 siltqneohoc
828 1335 918 1398 carnis
937 1357 1083 1422 ingenium
1101 1347 1160 1417 est,
1179 1340 1221 1404 sic

88 1419 183 1478 Deum
203 1428 336 1496 expetere
355 1415 384 1474 iii
408 1415 469 1475 siris
490 1413 637 1496 operibus,
667 1423 699 1471 ut
723 1433 780 1474 eius
801 1411 920 1548 imperio
943 1435 974 1475 se
998 1421 1059 1475 nhn
1083 1414 1223 1480 subiiciat:
1262 1417 1264 1424 ⁴

13 1491 14 1526 ³
89 1495 131 1553 sic
153 1497 291 1572 expetere
311 1504 493 1572 conspectum
517 1505 665 1552 servornm
684 1489 761 1563 eins,
790 1500 1007 1570 utioqnentcm
1025 1489 1057 1550 in
1080 1487 1148 1574 ipsis
1171 1512 1222 1562 au.
1312 1527 1314 1536 ι
1384 1513 1385 1546 1

13 1569 14 1574 ’
89 1570 151 1640 dire
175 1567 290 1650 fugitet
337 1569 409 1628 Iino,
426 1567 572 1642 Herodes,
594 1585 700 1646 «quum
719 1573 848 1656 spemret
873 1564 986 1656 aliquod
1015 1568 1181 1633 &redditi
1206 1591 1241 1636 a*

93 1643 225 1719 Christo,
252 1664 337 1704 rcum·
356 1651 453 1704 tamen
481 1643 515 1703 ad
539 1662 604 1705 snos
628 1643 713 1723 pedes
737 1660 837 1703 iacere
852 1641 949 1702 maluit
968 1660 1050 1724 quani
1075 1641 1223 1724 doctorem

13 1721 14 1728 ’
91 1717 259 1785 admittere.'
289 1721 390 1796 Quare
405 1722 507 1780 mirum
527 1725 586 1778 non
616 1731 672 1793 est,
700 1715 724 1779 si
742 1716 875 1778 Deus‘ab
894 1715 987 1800 impiis
1006 1719 1124 1804 gloriam
1145 1731 1223 1787 suani

89 1797 236 1872 subducat,
256 1797 304 1877 qni
322 1796 382 1857 stbt
394 1807 531 1878 cuperent
548 1794 629 1856 ludos
647 1796 683 1856 ab
704 1813 739 1855 eo
755 1815 814 1856 non
833 1810 914 1858 secus
932 1797 1065 1891 atqueab
1084 1799 1224 1874 histrione
1315 1885 1319 1888 η
1384 1801 1385 1804 “

95 1874 189 1954 aliquo
208 1870 364 1954 praeberi&
436 1904 442 1934 ,ν
781 1925 805 1936 Δ,
833 1933 837 1946 ,
1092 1922 1095 1932 .

169 1953 215 2012 11.
250 1949 375 2028 ‘Spreuit
399 1960 501 2010 entem
524 1948 611 2010 illum
631 1945 772 2008 Herodes.
824 1941 901 2012 Fieri
924 1941 1005 2014 aliter
1031 1955 1092 2016 tion
1120 1952 1224 2038 potuit,

91 2025 160 2108 quin
183 2027 217 2085 ab
241 2025 368 2086 homine'
382 2025 520 2106 snp‘crho,
550 2037 581 2084 et
604 2023 657 2085 sibi
680 2025 710 2085 in
724 2023 846 2086 'lautitiis
870 2025 932 2086 suis*
948 2029 1029 2111 regio
1056 2031 1168 2095 honore
1191 2047 1223 2096 et

13 2103 14 2134 f
91 2103 193 2194 opibus
212 2100 339 2182 placente
357 2113 544 2182 sperneretur,
558 2099 700 2175 Christus,
750 2101 777 2159 ui
802 2100 871 2160 nihil
889 2112 958 2161 tunc
978 2103 1032 2164 nisi
1051 2111 1224 2191 contempti·
1258 2143 1262 2152 =

90 2177 150 2240 bile
171 2198 244 2266 prae
267 2199 297 2238 se
320 2177 393 2239 tulit.
416 2179 500 2244 ¹Non
522 2188 618 2236 tamen
643 2195 743 2236 excusa
764 2173 806 2235 ilis
829 2187 872 2235 est
898 2178 1021 2240 Herodis
1045 2179 1143 2260 heum,
1173 2185 1223 2265 qui
1270 2210 1272 2221 ·
1302 2227 1304 2238 ,

13 2257 14 2268 ’
92 2257 168 2330 viani
186 2253 291 2338 gratiae
310 2253 366 2314 Dei
385 2253 545 2333 praeclusit:
565 2273 620 2311 nec
638 2251 754 2310 dubium
774 2257 829 2320 est,
850 2249 918 2330 quin
938 2255 1031 2330 Deus,
1048 2267 1081 2316 ut
1103 2278 1224 2338 poenam

22 2375 25 2383 -
80 2341 220 2406 sumeret
238 2331 274 2391 dc
313 2331 390 2390 riore
410 2329 468 2390 eius
488 2329 630 2400 socordia,
660 2325 789 2386 consulto
809 2327 981 2390 induraverit
1001 2325 1085 2410 ipsius
1101 2336 1224 2401 animum
1254 2381 1257 2393 r

91 2349 330 2488 talispedtacuio.
367 2403 505 2486 Indign'ns,
525 2404 602 2464 enim
621 2401 686 2480 sitit,
706 2400 754 2482 qui
773 2399 855 2462 ullam
875 2401 1005 2466 coelestis
1024 2405 1131 2542 pieriae
1148 2413 1225 2473 scin.
1333 2439 1335 2446 ·

92 2483 182 2546 tiliam
193 2485 236 2542 *in
246 2483 362 2542 Christo
382 2479 571 2559 conspiceret:
591 2478 654 2560 quia
673 2476 792 2540 tamdiu
808 2475 842 2538 ad
862 2477 977 2560 plenum
995 2477 1137 2564 lugerem
1151 2505 1225 2560 fcoe..
1255 2533 1260 2541 .

69 2613 75 2626 ,
94 2559 226 2632 cauerat,
255 2578 313 2638 quo
336 2557 469 2618 illustrata
492 2555 589 2632 luerat·
606 2567 668 2618 tota
687 2555 747 2615 eius
765 2551 858 2615 titio,
893 2556 967 2618 Nec.
979 2562 1145 2624 tantumab
1163 2583 1226 2628 iino

94 2633 215 2696 Herode
234 2639 359 2714 spretum
380 2631 472 2696 fuisse
485 2623 628 2692 Christum
650 2644 745 2692 narrat
762 2630 867 2706 Lucas,
897 2633 946 2694 sed
969 2650 985 2694 a
1007 2647 1071 2710 tote
1096 2636 1157 2702 eius
1181 2659 1226 2705 ra.

13 2771 14 2776 ,
96 2709 213 2783 tellicio:
244 2720 277 2770 ut
298 2711 442 2784 sciamus*
459 2701 536 2768 raro'
549 2707 580 2767 in
602 2703 670 2768 aulis
693 2727 794 2790 regum
812 2707 908 2770 haberi
926 2709 1029 2773 iustum
1047 2713 1113 2776 Deo
1132 2716 1229 2780 hono·
1267 2730 1273 2740 '
1367 2747 1373 2754 ·

93 2809 166 2850 reni.
204 2787 278 2848 Nam
299 2786 362 2866 quia
381 2785 493 2866 pompis
511 2786 572 2844 iere
590 2781 677 2844 dediti
700 2796 770 2845 sunt
785 2805 884 2846 omnes
903 2785 997 2861 aulici,
1027 2795 1113 2852 tanta·
1126 2812 1227 2856 corum
1305 2792 1309 2852 ἶ

95 2886 194 2928 sensns
218 2881 288 2925 occu
310 2861 479 2938 eternitas,
510 2872 543 2922 ut
567 2859 722 2942 spirituales
741 2862 797 2924 Dei
820 2857 922 2946 gratias
946 2863 993 2927 uel
1015 2887 1114 2928 secure
1134 2867 1226 2948 despi-

97 2944 191 3016 ciant,
208 2939 254 3001 vel
274 2884 371 3000 chusi:
391 2937 478 3000 oculis
498 2945 684 3030 praeter-eant.
725 2935 876 3002 Caeterum
892 2938 952 3008 hoc
971 2937 1078 3002 Christi
1097 2955 1226 3006 conteni·
1249 3002 1250 3008 ,

95 3029 150 3102 ptu
167 3014 251 3080 nobis
276 3027 356 3097 parta
374 3025 418 3076 e'st
431 3034 515 3077 nova
540 3011 675 3098 dignitas,
703 3022 738 3073 ut
760 3033 836 3076 nunc
853 3015 920 3078 Deo
939 3025 971 3077 et
987 3014 1093 3101 angelis
1110 3019 1228 3099 pretiqsi

98 3095 211 3158 abnue.-
242 3145 258 3162 .,
830 3137 834 3145 ·
1049 3096 1053 3104 '

61 3170 65 3179 “
145 3238 148 3246 ,
174 3172 219 3240 12.
246 3168 424 3230 Facti's‘imt
442 3165 551 3228 amici..
582 3159 670 3241 Quod
690 3160 818 3228 Christus
837 3161 1155 3234 recommandatam
1173 3167 1228 3235 iiii.

97 3247 161 3329 pios
184 3248 292 3330 'gratiae
316 3245 418 3329 pignus
442 3239 510 3320 suit,
548 3241 615 3302 hinc
644 3241 780 3304 discamus
807 3245 891 3333 quam
921 3244 1147 3325 contemptibiles
1170 3249 1229 3312 sirit

98 3323 204 3384 mundo
227 3325 275 3385 filii
295 3325 367 3398 liei,
396 3321 510 3414 ipsaque
534 3316 672 3409 religio..
704 3317 855 3408 Probabile
879 3329 936 3393 est,
960 3340 1056 3400 ,quum
1079 3309 1240 3408 utrumquc'

98 3401 138 3462 ini
160 3399 265 3465 elleret,
277 3422 326 3464 sua
339 3398 474 3474 ambitio,
491 3397 524 3456 io
543 3407 759 3478 contentionem
778 3394 895 3474 aliquam
915 3397 951 3457 de
969 3395 1088 3480 imperio
1106 3405 1228 3478 venisse,

99 3421 158 3538 sed
170 3495 351 3565 quaecuuque
378 3475 464 3536 suerit
482 3469 585 3536 dissidii
609 3471 707 3554 origo',
736 3472 767 3532 in
791 3471 912 3538 terrenis
935 3493 971 3537 ne
993 3475 1056 3536 otiis
1075 3487 1176 3541 neuim
1194 3479 1243 3562 δε,

101 3573 153 3614 suo
172 3569 233 3610 iure
252 3552 298 3612 vel
319 3551 456 3612 tantillum
477 3548 559 3611 alteri
584 3550 722 3622 cessisset:
760 3543 829 3637 quia·
846 3559 941 3638 tamen
961 3553 1088 3614 christus
1129 3575 1163 3616 ro
1184 3553 1230 3614 ni-

100 3627 159 3688 hilo
179 3625 306 3702 ducitur,
330 3627 434 3688 Pilatus
453 3624 564 3688 llerodi
583 3623 663 3686 facile
683 3641 751 3684 curii*
766 3623 882 3702 addicit,
906 3633 936 3687 ci
957 3623 1079 3690 vicissim
1129 3628 1232 3694 erodes

19 3747 21 3750 -
101 3703 194 3768 Pilato
218 3701 345 3762 remittit.
383 3703 431 3764 Sic
455 3702 538 3764 bodie
560 3697 700 3776 ridemus,
728 3719 814 3781 qimm
863 3722 897 3762 ro
929 3699 1086 3765 latronibus
1114 3714 1150 3766 et*
1172 3703 1230 3764 aliis

103 3777 243 3842 sceleratis
267 3777 342 3840 inter
364 3799 395 3839 se
419 3775 577 3860 disceptent
600 3773 720 3852 iudices,
746 3776 816 3850 lilios
840 3721 896 3839 hei
918 3785 1050 3858 tanquam
1072 3777 1230 3870 quisquilias

104 3853 293 3934 contemptim
311 3853 414 3916 iactari.
449 3852 563 3914 Pietitis
580 3863 675 3912 autem
695 3849 909 3934 odiumimpios
928 3875 1010 3936 saepe
1029 3853 1149 3925 invicem
1168 3854 1230 3938 pla-

105 3937 215 4007 cat‚'ut
232 3932 330 4012 quibus
348 3928 418 3993 nihil
436 3931 512 4010 prius
532 3939 593 3988 erat
611 3949 775 4008 commun„
794 3931 830 3989 ad
849 3925 1083 4014 exstinguendiini
1100 3931 1156 3992 Dei
1175 3951 1229 3993 no-

67 4057 78 4078 ,
104 4029 172 4069 meri
198 4007 279 4069 simul
304 4006 475 4086 conspirent.
513 4005 575 4068 Nec
598 4021 668 4064 vern
692 4025 749 4096 quii
802 4007 836 4066 ad
859 4019 980 4068 mortem
1005 4005 1079 4088 ultro
1104 4004 1231 4088 citroque

104 4085 219 4148 tihdunt
231 4083 319 4165 impii
338 4081 394 4144 Dei
408 4079 515 4153 'filium
535 4075 612 4172 puisi
636 4089 759 4162 pretiosa
773 4081 917 4142 'mercede
939 4078 1081 4142 redimunt
1106 4093 1231 4144 inntnain

106 4161 267 4237 amicitiani,
291 4159 340 4236 sed
365 4159 441 4240 quod
464 4156 633 4230 vilissimum,
649 4153 715 4236 ipsis
739 4168 883 4233 estsnon
941 4155 1042 4219 arahin
1066 4153 1233 4236 obtrudunt,

106 4238 224 4320 perinde
243 4237 299 4298 acsi
317 4236 377 4316 quis
397 4234 516 4306 frustum
533 4231 610 4315 panis
629 4229 691 4293 cani
730 4233 870 4294 roiiceret.
933 4244 976 4294 ter
993 4252 1046 4296 iios
1063 4253 1134 4298 reru
1153 4234 1232 4299 aliem

107 4314 207 4396 p'ace'm
225 4313 335 4375 abolitis
354 4311 499 4374 discordiis
519 4327 694 4390 componere
746 4307 797 4370 bet
817 4304 957 4386 Christus:
993 4331 1097 4394 nempe
1115 4320 1150 4374 ut
1168 4310 1234 4376 Deo
1344 4319 1359 4334 ‘

136 4403 224 4452 Galriiii
238 4410 359 4454 comunt
372 4403 396 4448 iii
410 4403 486 4474 llarip.
501 4399 542 4447 Er.
565 4399 611 4445 vot
625 4400 655 4446 11.
745 4441 750 4448 .
856 4421 860 4429 ·
999 4387 1039 4452 23
