2796 4774
1163 145 1169 192 t

171 230 215 306 ⁶58
345 233 354 246 '
400 225 513 299 SECT.
532 235 612 296 xlv.
651 251 821 300 amacura
839 241 881 299 'rr
896 203 1077 302 »seruosne
1184 214 1188 232 ¹

176 387 333 526 qru'bmqpe
351 385 540 450 avocamentis
559 387 690 450 concidat
707 389 841 470 precandi
858 387 954 467 ardor,
972 391 1019 455 vel
1037 393 1168 456 rnnissos
1186 391 1302 479 langue-

176 479 243 530 seat
310 465 408 526 ametsi
426 478 521 526 autem
541 463 596 528 boc
615 465 685 526 vitio
703 486 763 526 non
780 465 918 526 laboravit
937 468 1080 547 Christus,
1107 471 1235 554 exemplo
1258 483 1304 532 ta-

175 563 242 606 men
262 563 315 602 suo
335 561 453 602 monere
472 562 525 602 nos
544 539 649 616 voluit,
672 540 844 602 adminiculis
865 543 1009 622 omnibus,
1032 569 1103 627 quae
1121 559 1230 610 mentes
1248 569 1305 607 no-

176 631 247 682 stras
266 617 414 698 expediant
431 617 466 677 ab
487 617 616 678 omnibns
634 617 730 676 mundi
750 617 868 702 laqueis,
892 620 989 680 sedulo
1012 625 1150 685 utendum
1173 647 1247 699 esse,
1271 635 1306 684 ut
1378 661 1379 666 κ

177 695 262 758 soluti
284 695 314 752 in
337 693 449 752 coelum
474 685 605 754 feramur.
643 695 689 754 Ad
712 687 767 753 lroc
788 705 882 754 autem
905 695 1056 777 plurimum
1073 699 1149 761 valet
1171 699 1306 776 solitudo,

176 786 222 844 ot,
246 769 347 850 quise
362 770 398 828 ad
415 771 587 851 precandum
611 781 788 850 comparant,
810 771 905 832 Deum
928 771 1019 832 solum
1041 786 1144 838 testem
1168 777 1306 838 habentes

174 847 262 930 magis
282 845 431 939 evigilent,
449 867 500 906 cor
518 861 599 906 suum
618 846 766 915 effundant
783 847 813 908 in
833 847 891 909 eius
910 847 1016 926 sinum,
1036 872 1067 912 se
1087 851 1163 932 ipsos
1182 853 1306 935 diligen-

173 925 229 984 tius
253 933 440 998 examinent,¹
469 923 591 1002 denique
619 921 783 1004 reputantes
811 923 864 984 sibi
888 947 951 986 cum
975 927 1041 986 Deo
1069 949 1130 988 esse
1156 933 1310 1012 negotium

174 1021 259 1082 supra
278 1023 308 1060 se
322 989 398 1081 ipsos
417 1011 570 1094 assurgant
610 999 772 1064 Notandum
789 1013 883 1061 tamen
904 1013 954 1078 est,
974 1023 1033 1062 non
1051 1001 1136 1065 fuisse
1155 1004 1249 1086 legem
1268 1005 1307 1066 ab

174 1099 212 1138 eo
258 1077 401 1150 raelixam,
430 1095 508 1156 quasi
530 1097 666 1154 nusquam
688 1077 742 1136 nbi
768 1075 798 1138 in
819 1099 931 1140 secessu
954 1099 1035 1139 orare
1057 1079 1167 1142 liceat:-
1183 1103 1249 1142 nam
1270 1093 1308 1143 'et

173 1155 217 1218 Pa
246 1179 279 1216 us
301 1156 345 1231 (l.
364 1153 438 1216 Tim.
456 1153 489 1226 2,
513 1151 561 1227 8.)
585 1151 688 1234 ubique
711 1151 814 1214 tollere
837 1175 890 1216 nos
911 1155 991 1216 iubet
1012 1177 1095 1236 puras
1117 1147 1225 1217 manus.
1266 1161 1309 1220 Et

177 1231 308 1294 Christus
332 1231 391 1310 ipse
414 1229 556 1302 ¹interdum
581 1237 677 1288 co'ram
696 1229 856 1290 bominibus
874 1231 977 1306 oravit,
1001 1231 1059 1292 imo
1078 1233 1166 1293 etiam
1180 1233 1307 1294 institnit

175 1331 242 1370 suns
261 1307 329 1368 disci
350 1307 423 1378 ulos,
449 1315 481 1362 ut
499 1303 580 1365 simul
600 1306 766 1388 congregati
785 1323 948 1368 ¹communes
968 1307 1041 1369 inter
1060 1330 1090 1369 se
1111 1329 1210 1390 preces
1231 1330 1308 1369 con-

175 1385 291 1478 cipiant.
342 1383 375 1442 cd
394 1381 439 1440 illa
458 1377 592 1473 precandi
613 1382 791 1442 inormibus
812 1383 881 1444 locis
901 1384 1013 1446 libertas
1031 1406 1094 1446 non
1109 1386 1208 1463 obstat,
1228 1407 1305 1468 quo-

173 1481 268 1524 minus
288 1469 410 1521 secretas
431 1468 513 1518 ettam
531 1479 630 1538 preces
648 1480 701 1518 suo
719 1463 849 1540 tempore
866 1462 1046 1522 admisceant.
1204 1488 1206 1494 ¹
1237 1507 1241 1521 ι

251 1537 297 1596 24.
335 1535 433 1594 Navis
457 1537 519 1595 ium
542 1537 574 1594 in
597 1532 689 1593 medio
714 1541 808 1594 maria
832 1549 909 1599 erat.
949 1539 1032 1616 Hanc
1055 1539 1197 1604 historiam
1222 1549 1305 1600 sexto

173 1609 291 1674 Ioannis
315 1633 346 1672 ca
367 1611 406 1671 ite
430 1632 446 1670 a
469 1631 516 1670 me
542 1611 695 1692 expositam
720 1611 863 1692 reperient
887 1613 1021 1690 lectores,
1043 1615 1167 1698 ideoque
1185 1613 1232 1678 lric
1252 1613 1305 1676 ero

174 1689 300 1750 brevior.
341 1631 429 1763 &uod
454 1709 546 1769 passus
571 1699 613 1746 est
637 1687 779 1762 Christus,
807 1688 956 1769 discipulos
975 1713 1040 1752 suos
1059 1693 1174 1772 adversa
1191 1705 1306 1772 tempe-

174 1777 247 1828 state
267 1787 330 1826 cum
347 1764 472 1844 periculo
492 1785 544 1846 per
562 1766 672 1844 tempus
690 1763 801 1844 aliquod
823 1764 927 1842 iactari,
947 1766 1051 1828 lactum
1071 1781 1122 1843 est,
1142 1782 1174 1830 ut
1192 1769 1303 1830 allatam

174 1841 229 1902 ribi
253 1863 337 1931 opem
356 1839 450 1922 magis
471 1839 587 1900 attentis
601 1837 704 1908 ¹animis
723 1839 895 1922 exciperent.
916 1842 1006 1908 ,Nam
1025 1846 1183 1904 contrarius
1202 1857 1306 1906 ventus

174 1928 296 1978 surrexit
314 1916 428 1976 circiter
446 1916 565 1976 mediam
585 1920 713 1988 noctem,
733 1915 779 1975 rel
802 1917 885 1976 etiam
906 1916 989 1998 paulo
1008 1929 1082 1978 ante.
1123 1920 1232 1994 Quarta
1251 1941 1304 1981 au-

174 2005 234 2056 tem
252 1994 365 2054 demum
384 1991 478 2076 vigilia
495 2003 610 2072 apparet
626 1990 763 2065 Christum,
782 1990 838 2055 boc
857 2003 908 2068 est,
927 1993 1015 2054 tribus
1033 1996 1068 2056 ad
1087 2015 1227 2056 summum
1246 1999 1303 2058 bo-

173 2069 214 2132 rls
236 2081 302 2130 ante
325 2068 395 2132 luds
420 2074 562 2130 exortum:
589 2089 650 2128 non
670 2069 759 2155 magis
782 2090 814 2130 er
835 2090 853 2128 o
872 2067 992 2131 brachiis
1014 2069 1111 2132 luetati
1130 2084 1196 2132 sunt
1213 2073 1302 2134 remi-

173 2145 283 2228 gando,
312 2147 396 2227 q'uam
424 2151 522 2222 eorum
545 2143 613 2211 fides
640 2145 798 2205 terroribus
814 2089 929 2206 ituriter
952 2167 1094 2206 concussa.
1148 2149 1305 2210 Caeterum

173 2245 262 2306 quum
280 2223 339 2304 ipsa
357 2222 506 2284 necessitas
525 2217 559 2284 ad
579 2221 761 2302 expetendam
779 2221 902 2304 magistri
915 2223 1098 2303 praesentiam
1115 2225 1234 2293 maxime
1249 2244 1302 2286 eos

174 2311 305 2384 urgeret,
324 2299 406 2360 nimis
430 2299 513 2360 crassi
532 2299 585 2358 fuit
604 2298 724 2380 stuporis
743 2298 851 2359 turbari
873 2299 930 2359 eius
950 2311 1113 2380 conspectu,
1137 2299 1214 2380 quasi
1233 2322 1302 2382 spe-

175 2390 271 2438 ctrum
294 2388 375 2439 esset.
420 2375 482 2436 Hac
507 2377 544 2436 de
571 2396 651 2435 causa
673 2375 741 2434 dicit
766 2377 892 2450 Marcus,
916 2396 965 2434 cor
983 2377 1185 2438 eorumduisse
1202 2399 1299 2438 occoe-

174 2467 291 2524 wtum,
316 2455 370 2512 'nec
385 2455 571 2546 intellexisse
590 2465 677 2532 snper
692 2449 836 2587 ponibpq:
860 2473 925 2543 nam
936 2451 992 2545 ‘illo
1011 2453 1146 2543 miraculo
1166 2453 1232 2513 satis
1251 2477 1302 2514 su-

173 2528 1009 2685 ‚tltttltt‘ltttti’..ttd‘ttttddt⁸t⁰.l¹.ttf¹3
1023 2531 1214 2688 iiiiii?
1233 2551 1306 2671 lt?

173 2682 231 2742 rito
254 2680 342 2763 igitur
360 2699 437 2741 nunc
456 2683 603 2742 damnatur
621 2700 720 2741 eorum
740 2683 883 2754 socordia,
912 2683 988 2774 quod
1007 2703 1068 2741 non
1086 2681 1178 2742 statim
1186 2681 1248 2742 illis
1268 2683 1299 2742 in

173 2769 300 2820 mentem
316 2756 398 2826 ‚venit
416 2754 551 2840 coelestis,
564 2755 610 2817 illa
627 2757 732 2830 virtus,
746 2755 823 2815 cuius
841 2768 898 2816 tam
917 2758 970 2818 ms'
1012 2779 1028 2818 e
1047 2757 1190 2839 specimen
1208 2759 1300 2842 pridie

174 2834 330 2896 exhibitum
352 2833 441 2894 adbuc
465 2845 531 2893 ante
556 2833 653 2893 'oculos
676 2831 782 2890 versari
804 2831 933 2892 debebat.
1006 2851 1085 2894 erum
1128 2835 1221 2895 uidem
1245 2847 1298 2909 est,
1353 2895 1356 2903 .

173 2911 312 2972 tarditatis
331 2930 396 2970 snae
415 2907 496 2990 culpa
513 2909 599 2971 fuisse
621 2903 769 2982 attonitos,
796 2907 860 2988 quia
880 2929 940 2967 non
957 2901 1027 2984 rite,
1054 2921 1087 2968 nt
1109 2849 1240 2985 decebat,
1266 2911 1299 2972 in

172 2989 315 3071 prioribus
334 2986 392 3048 aliis
409 2985 550 3048 miraculis
569 2978 761 3068 proiecerant:
781 2985 830 3044 sed
848 2979 998 3076 praecipue¹
1017 3007 1084 3046 coar
1105 2988 1181 3048 uitur
1199 3009 1300 3048 eorum

173 3067 310 3141 coecitas,
361 3065 416 3124 uod
437 3075 495 3122 tam
518 3063 642 3126 recentis
664 3060 815 3143 spectaculi
837 3082 972 3122 memoria
996 3061 1085 3122 illise
1119 3076 1229 3137 uxerat,
1252 3065 1301 3124 vel

173 3142 270 3222 potius
289 3085 364 3222 quod
383 3161 442 3200 non
460 3149 585 3199 mentem
604 3158 681 3198 suam
701 3136 945 3220 applicuerantuad
965 3139 1203 3200 considerandam
1215 3140 1301 3202 Chri-

172 3217 210 3275 sti
234 3217 390 3293 Deitatem,
420 3215 498 3277 curius
521 3215 585 3282 satis
606 3213 710 3274 clarum
730 3237 742 3292 s
764 3211 874 3280 eculum
894 3226 956 3286 erat
971 3231 1075 3296 panum
1094 3208 1299 3296 multiplicatio.

171 3291 240 3352 Duo
264 3305 361 3354 tamen
384 3293 440 3376 suis
459 3291 551 3354 verbis
571 3291 701 3372 exprimit
749 3307 853 3363 arcus,
882 3291 958 3427 qtrod
980 3277 1136 3352 non¹recte
1156 3309 1189 3354 'er
1211 3294 1298 3352 ende-

172 3365 232 3440 rint
256 3367 365 3429 Christi
390 3369 524 3452 gloriam,
553 3389 622 3450 quae
646 3365 816 3446 inparibus
839 3367 1027 3448 mutiplicatis
1051 3380 1164 3430 ostensa
1190 3315 1299 3430 luerat:

172 3439 274 3503 deinde
293 3465 403 3505 causam
421 3442 551 3527 assignat,
571 3445 647 3526 qnod
666 3453 846 3503 excoecatum
867 3456 940 3504 esset
959 3462 1010 3504 cor
1030 3459 1136 3504 eorum.
1175 3447 1209 3506 Id
1227 3467 1299 3506 vero

172 3535 234 3579 non
260 3517 347 3578 modo
376 3518 411 3580 ad
439 3544 474 3581 au
495 3522 593 3582 endam
622 3517 719 3599 culpae
747 3519 911 3602 gravimtem
940 3519 1064 3579 additum
1091 3522 1214 3595 videtur,
1248 3523 1300 3582 sed

174 3594 258 3656 etiam
280 3606 313 3654 ut
335 3597 371 3656 de
395 3609 498 3658 mentre
519 3608 634 3657 nostrae
652 3596 726 3659 *vitio
752 3595 890 3656 admoniti
901 3615 999 3656 noros
1014 3597 1117 3657 oculos
1136 3619 1152 3657 a
1171 3597 1300 3660 Dondno

173 3684 308 3754 petamus.
347 3671 414 3732 Fuit
438 3685 528 3747 certe,
557 3684 590 3732 ut
608 3693 700 3753 nuper
718 3667 787 3750 dixi,
816 3673 899 3734 nimis
917 3671 1000 3732 bruta
1017 3671 1191 3755 ignorantia,
1220 3675 1299 3754 quasi

132 3804 135 3820 ι
195 3745 340 3831 alpabilem
360 3748 415 3807 Dei
434 3749 569 3810 virtutem
587 3771 647 3808 non
666 3749 787 3808 sentire:
813 3749 875 3830 quia
897 3760 992 3808 tamen
1015 3750 1115 3810 eodem
1133 3749 1237 3810 morbo
1257 3750 1298 3809 la-

144 3867 146 3874 ι
173 3771 258 3890 borat
274 3837 366 3886 totum
384 3823 537 3886 humanum
555 3847 654 3908 genus,
674 3826 736 3884 data
759 3845 846 3904 opera
864 3828 976 3886 Marcus
996 3826 1141 3886 coecitatis
1160 3827 1299 3901 meminit,

174 3915 207 3962 ut
225 3903 342 3964 sciamus
361 3921 421 3960 non
439 3923 499 3962 esse
517 3922 633 3976 novum,
669 3900 677 3960 i
696 3901 726 3960 in
745 3899 899 3962 manifestis
910 3899 966 3962 Dei
981 3909 1003 3960 ὀ
1025 3902 1118 3962 eribus
1137 3903 1300 3965 caecutiant

174 3975 316 4053 lromines,
336 3980 427 4038 donec
446 3999 567 4060 superne
585 3924 731 4036 illuminati
753 3977 873 4053 luerint,
899 3923 1133 4062 quemadmodum
1153 3979 1236 4039 etiam
1255 3980 1300 4038 di-

175 4053 257 4110 cebat
274 4059 379 4129 Moses,
398 4055 542 4116 Hactenus
560 4076 621 4115 non
640 4054 717 4114 dedit
734 4053 786 4113 tibi
805 4053 945 4115 Dominus
964 4075 1016 4114 cor
1032 4055 1068 4114 ad
1085 4053 1299 4138 intelligendum
1368 4061 1370 4068 ’

175 4121 277 4190 (Dem.
293 4133 340 4205 29,
361 4131 416 4210 4..)
459 4131 628 4214 Quanquam
651 4143 745 4192 autem
773 4133 871 4191 cordis
899 4131 1016 4192 nomine
1045 4131 1154 4214 saepius
1183 4143 1299 4192 notatur

176 4191 308 4289 'dulting'
326 4209 370 4297 vql
393 4209 548 4272 affectuum
569 4210 663 4282 sedes,
692 4207 738 4270 hic
761 4219 866 4290 umen,
893 4208 966 4280 sicut
989 4207 1021 4268 in
1045 4206 1094 4270 illo
1117 4208 1205 4274 Moris
1231 4205 1298 4272 loco

176 4273 259 4334 quem
276 4287 368 4360 ⁰¹th
386 4307 440 4364 pro
462 4299 559 4356 mente
576 4286 720 4371 accipitur.
795 4313 810 4356 ,·
882 4317 902 4356 a
