2804 4762
255 133 355 226 „tllbt
393 128 558 224 Respoinio
574 119 613 206 de
627 135 837 200 'resurrectione
855 137 1066 216 nonnarum.)
1173 139 1230 202 223

106 293 141 362 In
160 298 266 356 suumn
287 294 415 360 videmus
439 311 473 353 ex
491 289 605 361 diversis
623 289 725 357 castris
738 303 864 373 egressos
884 309 958 366 essm
976 289 1182 371 quiimpctdm
1198 291 1232 354 id

106 369 409 431 Christum'laeerent:
428 381 455 428 et
473 368 528 429 boc
545 367 609 428 ideo
628 387 688 428 esse
706 366 820 441 sactum,
840 367 904 446 quia
923 387 1022 428 omnes
1040 367 1230 430 communiter

106 441 202 504 lucem
230 467 310 508 sanae
338 445 480 512 doctrinae
503 443 628 504 oderant.
663 441 838 510 ,Caeterum
863 443 1016 506 Sadducaei
1039 443 1231 524 quaestionem

107 527 275 600 proponunt
294 522 415 594 Cbristo,
433 533 465 580 ut
483 543 496 582 s
517 519 770 580 ecie'absurditatis
788 517 834 581 'rel
855 540 919 580 enm
938 521 968 580 in
989 521 1091 582 erroris
1110 520 1230 582 societas

107 609 168 656 tem
188 595 429 678 pertrabantjrel,
447 595 470 656 si
488 543 645 668 dissentiat,
671 595 807 664 infament
825 595 858 656 ‘ac
870 595 997 660 ludibrio
1016 593 1137 659 h'abeanc
1155 597 1230 676 apud

108 673 179 733 rude
199 685 227 736 et
245 675 385 735 indoctum
403 671 510 754 vulgus
548 676 597 736 Ac,
614 670 675 732 fieri
695 672 805 752 quidem
825 683 933 754 potest,
958 686 991 734 ut
1010 674 1109 733 codem
1130 671 1229 736 cavillo

107 748 185 883 prilos
204 771 307 886 serape
317 748 476 812 Pharisaeos
494 732 570 812 soliti
588 747 702 825 luerint,
719 749 768 810 sed
787 751 904 812 eandem
923 757 999 810 bunc
1016 749 1132 811 Christo
1150 749 1231 811 deci-

129 839 343 888 ummm
793 857 794 860 ¹
1124 843 1223 893 .’

108 845 128 906 P
170 885 283 977 ,Maean
303 907 349 966 23.
390 889 451 982 (liti
468 889 571 970 dicuni
589 907 646 963 aon
667 911 733 964 ease
759 904 1009 963 resurrectionem.
1048 901 1145 976 Qualis
1168 902 1232 965 lue-

109 959 149 1034 rit
171 977 390 1041 Sadducaeorum
414 979 514 1062 origo,
540 975 607 1037 abbi
630 976 755 1046 diximus,
793 979 885 1038 Porro
909 997 968 1036 non
994 975 1084 1036 solum
1107 977 1231 1042 ultimam

110 1054 198 1116 carnis
222 1057 457 1132 resurrectionem
482 1074 531 1112 eos
549 1075 681 1136 negasse,
704 1053 755 1114 sed
775 1052 884 1112 animae
904 1071 1020 1132 quoque
1032 1053 1231 1116 ‹immortalita-

109 1139 179 1206 tem,
204 1130 295 1194 lsucas
318 1143 436 1210 testatur
460 1130 616 1206 (actas,
639 1129 699 1205 8.)·
746 1131 784 1188 Et
808 1138 886 1187 certe
909 1126 932 1188 si
954 1127 1045 1206 probe
1068 1129 1232 1208 expenditur

109 1203 267 1286 Scripturas
289 1201 432 1280 doctriua,
461 1205 569 1280 animae
595 1205 651 1266 'vita
671 1205 733 1264 sine
752 1223 800 1284 spe
819 1203 1034 1264 resurrectionis
1051 1211 1160 1264 merum
1178 1205 1233 1268 erit
1263 1213 1269 1226 '

105 1283 254 1346 somniums
293 1285 394 1364 Neque
414 1283 489 1342 enitn
509 1283 587 1340 Dens
605 1279 769 1358 pronuntiat
787 1280 891 1338 animas
910 1301 925 1339 a
943 1291 1038 1340 morte
1056 1299 1115 1342 esse
1134 1302 1233 1360 super·

104 1357 199 1435 stites,
220 1361 301 1438 quasi
321 1362 376 1422 iam
398 1357 540 1438 praesenti
554 1357 682 1447 perlecta
701 1355 805 1440 gloria,
834 1367 863 1414 et
881 1375 929 1417 sua
948 1355 1119 1416 beatitudine
1137 1357 1234 1419 fruan-

102 1443 159 1510 tur,
180 1437 231 1500 sed
251 1439 347 1494 earnm
363 1433 492 1512 spemin
512 1432 638 1492 ultrmnni
658 1453 746 1513 usque
764 1433 837 1492 diem
857 1433 1009 1512 suspendit.
1047 1435 1152 1494 Fateor
1170 1431 1233 1513 qoi-

101 1509 169 1580 dem
188 1508 381 1592 philosophos,
405 1499 504 1588 quibus
522 1509 619 1590 ignota
639 1522 700 1570 erat
717 1509 886 1576 resurrectio
906 1509 1006 1584 carnis,
1027 1505 1066 1570 de'
1082 1509 1234 1572 immortali

103 1579 214 1650 animae
235 1585 354 1646 essentia
372 1585 458 1658 multa
476 1585 628 1659 dissereret
644 1587 694 1660 sed
712 1598 769 1646 tam
787 1585 904 1645 futiliter
921 1585 1103 1668 garriuntde
1121 1586 1234 1648 suturae

104 1661 181 1738 uitae
201 1672 284 1736 stato,
304 1673 336 1724 nt
352 1659 422 1720 nihil
440 1662 560 1722 babeant
575 1663 708 1742 ponderis
723 1655 825 1725 *eorum
844 1675 1013 1724 commenta.
1045 1663 1148 1740 Quom
1161 1680 1232 1727 vero

19 1749 20 1808 j
104 1737 194 1798 tradit
210 1737 372 1818 Scriptura,
396 1759 430 1796 ex
448 1761 496 1819 spe
516 1737 729 1800 resurrectionis
748 1740 872 1818 pendere
889 1739 1059 1819 spiritualem
1078 1739 1177 1812 vitam,
1203 1751 1233 1800 et

18 1823 19 1870 3
103 1811 250 1892 animosa
274 1811 439 1896 corporibus
463 1813 565 1876 solutas
587 1815 651 1876 illuc
674 1815 832 1896 respicere,
855 1817 976 1913 quisquis
994 1819 1233 1878 resurrectionem
1265 1821 1267 1827 ’

104 1884 255 1963 convellit,
274 1891 378 1958 animas
398 1911 508 1984 quoque
528 1891 737 1952 immortalitate
754 1891 863 1972 spoliat.
909 1895 1059 1956 traeterum
1081 1894 1148 1956 hinc
1166 1915 1233 1975 per*
1248 1905 1257 1938 ·’

18 1987 19 1994 “
103 1969 225 2047 spicitur
243 1967 382 2028 horrenda
400 1969 673 2030 iudaicaeEcclesiae
691 1967 829 2043 conlusio,
848 1969 924 2048 quod
943 1967 1086 2047 religionis
1095 1971 1232 2032 antistites

102 2041 216 2104 futurae
237 2045 311 2104 vitae
331 2065 409 2124 spem
428 2045 574 2119 tollebant,
595 2057 710 2125 etpost
729 2046 819 2115 carnis
840 2045 985 2114 interitum
999 2039 1233 2108 hominesabru·

18 2155 19 2160 κ
66 2113 73 2154 t
104 2119 141 2180 tis
159 2117 320 2183 animalibus
339 2107 584 2180 nibildiiferrent.
615 2123 691 2182 ,bon
709 2128 747 2182 ne'
767 2122 849 2180 abant
867 2122 978 2198 quidem
994 2135 1089 2185 sancte
1112 2135 1142 2184 et
1159 2123 1250 2183 iuste

103 2197 271 2269 vivendum,
293 2217 347 2256 nec
369 2209 425 2258 tam
450 2195 562 2276 prolani
582 2209 673 2270 erant,
700 2209 731 2254 ut
780 2197 805 2255 ei
827 2195 930 2255 cultum
952 2192 1154 2278 superiacuum
1173 2218 1232 2258 esse

104 2271 276 2350 ducerent(
282 2273 350 2353 quin
368 2271 461 2352 potius
479 2271 646 2346 asserebant,
662 2275 759 2332 Deum
779 2293 838 2332 esse
857 2271 954 2330 mundi
974 2272 1103 2346 iudicem,
1120 2293 1153 2332 ac
1174 2272 1233 2332 eius

103 2349 282 2430 providentia
310 2368 354 2408 res
380 2348 513 2408 humanas
536 2347 642 2428 regi),
665 2348 715 2408 sed
741 2369 826 2426 quum
851 2353 910 2420 tam
938 2349 1096 2406 mercedem
1120 2348 1233 2427 piorum

104 2415 324 2506 quamsdebitas'
335 2417 428 2503 impiis
447 2443 552 2502 poenas
565 2423 788 2502 adpraesentem
802 2423 886 2484 vitam
896 2422 1107 2505 restringerent,
1126 2421 1234 2484 etianni

104 2521 177 2561 vere
201 2485 451 2580 dixissentqnunc
475 2505 615 2578 quemque
637 2491 781 2565 bominem
804 2499 958 2579 aequaliter
982 2519 1036 2580 pro
1059 2521 1112 2560 suo
1130 2498 1233 2591 rqerito

105 2571 237 2654 traciari,
260 2574 316 2632 boc
336 2585 430 2634 tamen
449 2585 510 2634 erat
528 2573 609 2654 nimis
628 2585 854 2654 praeposterum,
885 2575 1083 2656 promissiones
1102 2578 1159 2638 Der
1175 2587 1241 2651 tam,

105 2650 234 2734 angustis
252 2643 354 2710 linibus
377 2649 528 2712 includere·
581 2651 641 2712 Iam
666 2651 838 2734 experientia
862 2651 936 2712 clare
958 2652 1143 2729 demonstrat,
1191 2651 1232 2720 lus

105 2750 192 2809 quam
221 2735 345 2788 crassum
368 2709 452 2787 luisse
475 2747 574 2788 eorum
595 2739 867 2820 stuporem,''quum
891 2725 980 2808 palatn
1003 2729 1039 2790 sit
1063 2752 1158 2792 merce
1177 2752 1233 2822 erp,

105 2825 179 2886 quae
199 2801 282 2864 bonis
300 2803 422 2882 reposita
442 2805 491 2878 est,
511 2797 640 2884 suspendi
659 2801 786 2876 maliem
804 2805 898 2880 vitam,
937 2826 1022 2872 uenas
1042 2807 1123 2868 etiarn
1142 2805 1234 2886 impns

104 2875 223 2950 minime
241 2879 364 2960 persolvi
382 2881 413 2940 in
428 2879 486 2944 boc
503 2881 617 2941 mundo.
654 2881 785 2961 Denique
807 2881 863 2942 boc
882 2827 979 2943 delirio
999 2882 1069 2946 nihil
1087 2884 1232 2944 absurdius

18 2957 20 2974 '
104 2949 176 3040 fingi
195 2968 298 3038 potest,
320 2955 447 3018 homines
466 2957 500 3016 ad
519 2955 668 3039 imaginem
679 2957 734 3018 Dei
753 2971 862 3018 creatos
880 2957 966 3032 instar
1004 2960 1122 3020 cendum
1140 2969 1234 3019 morte

104 3034 254 3116 exstingui.
294 3029 389 3106 Quam
408 3054 477 3092 vero
497 3029 610 3092 foedum
630 3021 696 3092 illud
717 3045 746 3094 et
763 3035 957 3117 prodigiosum
984 3036 1038 3108 uit,
1062 3057 1148 3114 quum
1168 3033 1232 3093 ubi·

145 3131 163 3174 e
182 3107 308 3194 gentium
327 3110 402 3190 apud
420 3109 554 3189 profanos
572 3120 602 3167 et
621 3125 722 3172 coecos
734 3109 890 3172 idololatras
900 3112 996 3174 saltem
1007 3110 1096 3190 aliqua
1105 3123 1233 3174 maneret

104 3133 218 3248 lillurae
231 3184 316 3249 uitae
339 3185 452 3265 opinio,
483 3187 556 3266 apud
579 3183 696 3246 ludaeos
717 3186 906 3266 (peculiarem,
921 3187 977 3248 Dei
998 3185 1153 3267 populum)
1176 3187 1256 3250 boc·

104 3262 216 3345 pietatis
241 3282 340 3344 semen
361 3261 495 3321 abolitum
522 3259 593 3324 esse!
635 3261 745 3322 Omitto
770 3263 859 3342 quod,
888 3287 973 3343 quum
997 3273 1108 3326 sanctos
1132 3266 1256 3328 Patres·

107 3347 260 3400 cernerent
275 3349 441 3419 'properasse
460 3339 494 3398 ad
517 3337 668 3399 coelestem
686 3340 789 3412 vitam,
814 3352 842 3400 et
860 3339 959 3400 foedus
978 3341 1053 3420 quod
1071 3341 1149 3404 Deus
1166 3363 1231 3403 cum

104 3405 159 3476 illis
182 3415 329 3498 pepigerat
353 3435 413 3476 esse
437 3414 578 3494 spirituale
598 3427 626 3474 et
643 3428 801 3491 aeternum,
828 3415 890 3496 plus
912 3437 993 3496 qnam
1008 3417 1232 3482 ,hebetessuisse

104 3503 247 3572 oporteat,
266 3489 312 3570 qui
331 3491 362 3550 in
380 3491 445 3552 luce
462 3503 520 3550 tam
541 3491 612 3550 clara
634 3491 818 3552 coecutirent.
857 3493 914 3553 Sed
931 3494 1052 3585 primum
1070 3484 1139 3556 baec
1160 3495 1252 3555 insta,
1309 3515 1312 3520 ·

107 3565 163 3629 luit
183 3587 282 3632 eorum
300 3588 421 3644 merces,
438 3567 486 3646 qui
504 3567 561 3628 Dei
579 3567 730 3628 Ecclesiam
749 3569 779 3628 in
803 3580 893 3630 sectas
913 3571 1107 3632 distraxerant:
1129 3571 1231 3630 deinde
1303 3617 1305 3626 .
1382 3609 1383 3616 κ

104 3641 164 3704 bon
181 3641 358 3720 modo'ultus
378 3655 419 3702 est
438 3643 576 3704 Dominus
595 3643 712 3724 impium
730 3646 874 3706 doctrinae
890 3661 1086 3722 suaecomem
1108 3657 1177 3706 turn.

183 3717 230 3777 at.
260 3706 423 3802 Magister,
440 3719 535 3779 Moses
554 3717 644 3779 dixit.
685 3720 783 3796 Quum
801 3707 941 3784 sufficeret
959 3745 1020 3785 rem
1041 3671 1142 3784 nudbm
1162 3737 1251 3800 pro·¹

106 3812 231 3876 ponere,
252 3813 385 3871 quorsum
406 3781 443 3852 ita
461 3793 638 3886 praefentur?
671 3819 773 3878 nempe
791 3811 879 3860 astute
898 3799 986 3864 Mosis
1004 3819 1108 3860 nornen
1127 3796 1230 3858 obten-
1311 3815 1320 3838 ¹

106 3872 188 3960 dqnt,
206 3869 379 4002 utprobent
392 3869 515 4006 leqitrma
534 3891 593 3931 esse
612 3863 696 3946 coniu
719 3869 752 3945 ia,
771 3895 840 3964 quae
851 3887 992 3946 eontracta
1006 3887 1092 3940 erant¹
1100 3895 1159 3934 non
1175 3871 1230 3930 bo-

38 3981 41 3993 ·
106 3967 215 4022 minum
239 3945 356 4024 pacilo,
387 3965 416 4005 se
461 3947 589 4008 mandato
614 3894 842 4010 eto'rdinatrone
860 3951 869 4008 i
890 3951 944 4012 sins
962 3943 1027 4010 bei.
1065 3953 1157 4010 Porro
1175 3964 1229 4008 ne-

108 4043 185 4084 cesse
210 4031 264 4094 est,
296 4031 447 4100 utsecum
469 4022 630 4113 Deusipse
653 4027 815 4086 consentiat.
862 3973 1027 4108 'lulis-ergo
1049 4036 1109 4086 erat
1126 4044 1229 4086 eorum

108 4097 216 4190 captio,
235 4097 267 4160 Si
287 4095 366 4164 Deus
386 4096 452 4156 olim
470 4095 564 4160 fideles
577 4121 612 4158 an
629 4121 749 4184 regnum
767 4123 848 4162 suum
868 4091 990 4182 colliget,
1009 4101 1085 4180 quod
1102 4099 1154 4162 illis
1177 4103 1229 4169 de,-

108 4174 185 4236 derat
203 4197 231 4234 ru
251 4170 523 4252 mundo,restituet:
548 4173 662 4254 quid-er
720 4177 769 4238 fiet
786 4169 903 4250 mulieri,
922 4181 1002 4252 quam
1022 4177 1099 4237 Deus
1118 4189 1227 4260 septem

106 4251 174 4314 viris
192 4245 312 4314 addixit?
349 4245 398 4314 Sic
415 4241 493 4334 impii
511 4271 609 4334 omnes
627 4273 659 4314 ac
697 4251 810 4314 ascetici
829 4243 976 4342 calumnias
994 4249 1143 4330 fabricant,
1164 4254 1227 4335 qui-
