2796 4774
195 267 237 340 44
411 263 523 330 81101.
540 261 623 326 xm.
662 279 829 330 cannones
848 279 890 324 er
910 277 1113 330 ammonas.

195 423 257 477 hon
273 415 401 498 dispum
425 415 490 498 qula
512 435 573 477 non
589 411 648 476 allo
673 437 686 478 e
708 425 803 478 erunt
821 413 908 477 verba
928 387 1049 494 Christi,
1074 435 1157 500 quam
1182 375 1323 482 externam

194 491 259 553 fidei
277 491 485 585 professionem
502 491 620 554 minime
638 515 671 552 su
694 504 836 587 'cccequt
851 513 914 630 ἔτι),
926 493 983 558 suis
1000 495 1081 556 Dens
1100 505 1244 580 agnoscat,
1262 494 1323 576 qui.

195 589 308 652 cunque
326 569 459 646 videntur
477 589 585 635 nomen
608 581 752 632 vocationi
772 589 832 631 erus
871 569 968 634 edisse.

954 659 958 684 l

280 797 385 886 (122.)
413 797 516 870 LUC‘.
538 799 637 866 KVb·
677 799 708 866 1.
733 797 870 868 Dicebat
891 806 997 866 eutem
1024 797 1119 866 etad
1146 798 1324 890 discipulos
1384 865 1385 880 ,

169 923 287 983 suos,
315 903 424 978 Home
445 899 574 990 quida-m
598 911 666 970 erat
693 899 796 982 dives,
823 904 880 991 qui
903 899 1044 970 habebat
1065 887 1327 991 dispensatorem,

194 1016 228 1074 et
247 1006 299 1072 hie
320 1001 445 1072 delatus
467 1014 516 1074 est
536 1005 624 1098 apud
645 1005 750 1086 illum,
781 1005 873 1096 quod
900 1005 1074 1096 dissiparet
1098 1003 1187 1074 bona
1213 994 1327 1096 ipsius.
1384 1091 1385 1094 Ἴ

186 1105 225 1201 2.
247 1109 290 1176 Et
310 1111 439 1178 vocavit
460 1130 542 1190 eum,
565 1109 708 1198 dixitque
730 1111 772 1192 ei,
795 1107 886 1198 Quid
905 1108 969 1178 hoc
985 1107 1081 1180 audio
1098 1107 1205 1180 dete?
1225 1107 1328 1175 redde
1383 1097 1385 1104 ⁴

190 1215 352 1286 rationem
374 1211 624 1302 dispensationis
646 1219 734 1281 tuae:
761 1235 829 1281 non
850 1213 935 1280 enim
955 1213 1077 1301 poteris
1098 1211 1234 1300 posthac
1254 1232 1329 1278 esse

143 1369 156 1394 ,
194 1335 404 1383 oeconomus.
446 1314 478 1381 3.
499 1317 556 1383 Ait
577 1325 683 1382 autem
705 1315 911 1405 dispensator·
927 1318 1010 1382 intra
1026 1335 1071 1395 se,
1093 1313 1185 1402 Quid
1205 1313 1329 1394 faciam,

162 1456 164 1468 ·
192 1419 269 1504 quia
291 1417 440 1484 dominus
462 1437 553 1512 meus
575 1419 679 1488 aufert
700 1441 720 1486 a
741 1441 792 1487 me
814 1415 1103 1507 dispensationem?
1123 1415 1328 1484 lodere'nou

191 1519 300 1600 valeo,
324 1496 508 1586 mendicaia
531 1517 699 1588 crubesco.
750 1523 781 1588 d.
802 1521 879 1588 Scio
901 1511 980 1610 quid
1000 1521 1127 1603 lachin,
1154 1531 1203 1603 ut,
1227 1541 1327 1610 quum
1377 1578 1379 1586 .

191 1634 318 1691 amotus
343 1623 438 1689 luero
467 1641 486 1688 a
513 1621 769 1710 dispensatione,
796 1625 954 1712 recipiant
976 1647 1027 1691 me
1048 1627 1083 1693 iu
1103 1623 1220 1692 domos
1242 1642 1327 1691 suas.

87 1761 90 1768 κ
191 1726 222 1791 5.
253 1725 452 1795 Convocatis
479 1727 587 1813 itaque
616 1725 749 1812 singulis
778 1725 979 1794 debitoribus
1007 1727 1132 1796 domini
1153 1729 1218 1808 sui,
1249 1721 1328 1793 dixit

191 1831 311 1916 primo,
336 1827 504 1914 Quantum
525 1827 626 1894 debes
644 1828 781 1903 ¹domino
801 1833 897 1896 meo?
929 1831 962 1896 6.
982 1831 1026 1896 At
1047 1828 1103 1896 ille
1124 1828 1215 1910 dixit,
1237 1829 1327 1900 Cen·

190 1941 259 1996 tum
285 1929 380 2000 batos
408 1928 483 1997 olei.
529 1931 684 2019 Dixitque
710 1931 775 2012 illi,
806 1933 928 2020 Accipe
954 1934 1137 2011 cauhonem
1162 1945 1264 2012 tuam,
1294 1941 1328 1998 et

190 2026 270 2102 sede
293 2035 366 2116 cito,
384 2041 415 2100 et
437 2029 543 2098 scribe
565 2026 804 2121 quinquaginta.
847 2035 878 2101 ’1.
900 2031 1031 2108 Deinde
1052 2033 1144 2100 alteri
1165 2031 1250 2115 dixit,
1273 2034 1330 2100 Tu

190 2141 269 2204 ver'o
291 2145 447 2225 quantum
468 2133 591 2202 debes?
612 2135 682 2226 Qui
704 2139 756 2216 eit,
769 2136 917 2206 Centum
938 2157 1036 2206 coros
1057 2139 1161 2204 tritici.
1204 2135 1328 2218 Aitilli,
1383 2143 1385 2250 p

190 2242 313 2336 Accipe
335 2241 517 2306 cautionem
538 2247 638 2318 tuem,
666 2247 700 2304 et
722 2238 830 2306 scribe
850 2241 1019 2327 octogiuta.
1069 2240 1099 2306 8.
1121 2241 1165 2308 Et
1185 2237 1329 2306 laudavit

190 2345 353 2416 Dominus
387 2339 641 2430 dispensatorem
674 2341 834 2430 iniquum,
869 2339 960 2431 quod
988 2341 1165 2431 prudenter
1191 2341 1328 2421 fecisset,
1361 2385 1385 2430 ,.,

95 2447 98 2454 “
191 2447 267 2536 quia
293 2443 355 2512 lilii
381 2445 477 2512 laetius
504 2443 625 2510 saeculi
651 2445 878 2532 prudentiores
904 2454 980 2511 eunt
1006 2444 1084 2512 liliis
1110 2441 1248 2511 lucis‘in
1268 2465 1328 2512 na·

190 2551 281 2640 tione
309 2569 376 2614 sua.
431 2551 462 2614 9.
492 2547 535 2613 Et
561 2567 622 2634 ego
650 2545 746 2614 r'obia
775 2547 865 2629 dico,
897 2547 989 2614 iacite
1015 2547 1112 2614 vobis
1140 2549 1260 2616 cinicus
1287 2569 1329 2614 ex
1384 2539 1385 2550 ’

141 2657 145 2669 ’
190 2669 372 2716 mammona
397 2650 533 2724 iniusto.
568 2661 619 2729 ut,
659 2671 757 2734 quum
785 2650 979 2731 defeceritis,
1015 2652 1172 2740 recipiant
1202 2671 1262 2717 vos
1291 2651 1328 2716 in
1384 2705 1385 2746 ,

191 2759 322 2815 aeterna
348 2748 564 2817 tabernacula.
616 2750 668 2815 to.
696 2751 765 2834 Qui
792 2749 900 2816 tidelis
928 2755 1036 2818 estin
1061 2755 1207 2832 minimo,
1236 2753 1327 2819 etin
1384 2787 1385 2840 ,

190 2850 292 2944 irruite
319 2849 426 2916 fidelis
455 2861 521 2916 est:
555 2837 589 2916 et
615 2853 731 2937 quiin
760 2853 893 2917 minimo
919 2853 1050 2940 iniquus
1081 2865 1143 2935 est,
1173 2857 1201 2922 is
1228 2865 1260 2920 et
1290 2856 1328 2920 in
1384 2849 1385 2854 ’

190 2953 291 3026 multo
313 2955 444 3041 iniquus
468 2963 524 3018 est.
578 2953 632 3018 ll.
660 2951 696 3016 Si
718 2971 795 3038 ergo
817 2955 852 3018 iu
873 2954 986 3040 iuiquo
1009 2953 1189 3024 meminona
1211 2955 1326 3022 fideles
1384 2959 1385 3014 ἲ

190 3079 259 3126 nou
280 3058 398 3136 inistis,
427 3047 517 3143 quod
543 3075 654 3120 verum
676 3043 737 3134 es't,
764 3057 837 3144 quis
866 3043 975 3123 credet
1000 3056 1136 3125 vohisi'
1159 3061 1211 3124 12.
1232 3059 1328 3126 Etsi
1381 3059 1385 3138 j

108 3225 112 3230 .
190 3153 225 3228 ln
246 3161 354 3229 alieno
380 3157 493 3224 fideles
522 3177 592 3222 non
622 3155 740 3237 fuistis,
774 3156 862 3248 quod
889 3170 1030 3225 vestrum
1053 3170 1114 3240 est,
1143 3165 1219 3248 quis
1235 3161 1328 3229 debit
1384 3169 1385 3190 ³

192 3263 306 3330 vobis?
349 3263 473 3347 (Paule
490 3261 591 3344 post.)
635 3260 687 3325 lt.
714 3259 896 3356 Audiebapt
923 3272 1027 3348 autem
1055 3263 1134 3330 haec
1160 3267 1267 3330 oinnia
1293 3276 1328 3331 et
1384 3327 1385 3334 ,

70 3449 73 3457 Ι
191 3365 366 3446 Pharisaei,
395 3366 452 3453 qui
477 3372 568 3428 erant
594 3365 698 3443 avari,
726 3372 757 3428 et
784 3363 974 3432 deridebant
995 3365 1109 3439 illum„
1144 3365 1195 3432 15.
1216 3367 1260 3432 Et
1281 3371 1327 3432 ait
1384 3375 1385 3380 ’

136 3516 139 3520 -
192 3457 271 3545 illis,
298 3469 369 3533 Vos
390 3469 483 3546 estis,
510 3457 567 3552 qui
587 3462 764 3530 iustificatis
787 3489 848 3532 vos
876 3465 968 3554 ip's'oe
995 3491 1102 3534 coram
1125 3469 1325 3536 hominibus:

191 3571 284 3636 Deus
307 3580 412 3635 autem
433 3571 524 3634 novit
544 3567 646 3633 corda
667 3578 782 3650 vestra,
804 3563 887 3658 quie,
907 3570 996 3658 quod
1016 3561 1201 3640 hominibus
1221 3573 1325 3640 excel·

193 3690 264 3740 eum
279 3679 347 3750 -est,
367 3669 564 3737 abominatio
586 3681 634 3736 est
655 3693 763 3748 coram
784 3671 869 3738 Deo.
1002 3739 1007 3748 ,

138 3857 145 3870 “
188 3859 190 3868 ·
268 3841 385 3900 Summa
402 3839 487 3902 huius
507 3837 656 3921 parabolae
675 3850 732 3914 est,
757 3839 917 3902 humaniter
940 3853 970 3919 et
988 3841 1055 3903 beni
1097 3863 1202 3905 ecum
1246 3847 1324 3905 roxi-
1384 3863 1385 3870 ¹

192 3919 246 3980 mis
264 3915 370 3977 ‘nostris
391 3938 452 3978 esse
472 3918 625 4000 agendrmr,
645 3927 692 3990 ut,
716 3937 803 3994 quum
821 3918 856 3978 ad
875 3919 931 3979 Dei
949 3919 1063 3978 'tribuna
1091 3933 1209 3980 ventum
1226 3865 1322 3996 luerit,
1384 3983 1385 3988 χ

73 4061 77 4077 ⁸
193 3993 371 4062 liberalitatis¹
389 4005 504 4054 nostrae
526 3993 637 4054 fructus
663 3993 698 4051 ad
722 4014 775 4054 nos
801 3996 907 4054 redeat.
952 3993 1121 4075 Quanquam
1140 4011 1234 4059 autern
1254 3999 1324 4058 dura

193 4085 224 4131 ct
242 4071 330 4153 longe
349 4073 439 4150 petita
456 4070 568 4130 videtur
587 4067 749 4145 similitudo,
772 4069 892 4131 clausula
906 4083 1001 4132 tamen
1016 4075 1149 4152 escendit,
1169 4097 1229 4134 non
1249 4074 1323 4135 aliud
1377 4069 1379 4078 ⁴

193 4147 280 4206 fuisso
301 4147 410 4208 Christi
432 4145 588 4206 consilium.
632 4147 670 4203 Et
696 4143 762 4207 hinc
784 4149 982 4231 perspicimus,
1008 4149 1105 4231 inepte
1124 4139 1177 4211 leos
1196 4151 1322 4233 philoso-
1384 4157 1385 4174 ¹

194 4223 291 4305 phari,
316 4222 364 4302 qui
382 4225 412 4284 iu
429 4221 570 4304 parabolis
589 4219 714 4302 singulas
731 4238 825 4306 partes
845 4225 1008 4306 scrupulose
1029 4226 1181 4287 excutiunt.
1221 4228 1267 4287 Ne
1287 4250 1324 4289 ue

194 4297 279 4356 enim
290 4298 339 4358 hic
360 4301 480 4376 lrarrdes,
498 4299 619 4442 rapinas,
638 4299 786 4388 prodigam
805 4301 1022 4384 dissipationem,
1043 4315 1072 4363 et
1089 4301 1141 4362 alia
1160 4303 1248 4364 malae
1265 4249 1323 4365 lis-

138 4372 146 4422 t
193 4373 369 4453 persuationis
386 4389 505 4461 peecata
538 4375 725 4461 argitiombus
744 4377 884 4444 redimere
895 4378 1035 4483 *Christus
1053 4379 1145 4442 iubet:
1167 4382 1217 4444 sed
1235 4401 1323 4461 quum
