2796 4774
770 146 778 176 r

247 272 251 282 ι
287 280 293 292 .
320 232 467 316 (tot-8.
506 227 634 291 Christus
657 249 754 318 ¹coram
772 231 879 307 Pontio
898 229 1016 311 Pilato.)
1173 238 1246 302 355.

91 382 132 446 in
156 379 287 448 bomine
314 383 392 462 isto,
421 403 469 447 er
487 383 526 446 iis
546 378 594 458 ¹de
612 378 740 468 quibua
764 379 919 448 accusatis
946 383 1045 450 illum.
1091 386 1142 456 lo.
1165 385 1231 456 Sed
1325 401 1327 412 ’

92 503 142 548 ne
165 483 312 549 Herodes
335 482 572 571 quidcmanam
594 485 701 549 reinisi
723 504 784 550 voa
806 479 956 568 adeum,
977 497 1009 558 et
1032 487 1122 563 ec'ce.
1152 493 1232 560 nihil

94 584 232 670 dignum
258 597 361 654 morte
387 596 490 651 actum
517 588 632 651 est'ei.
674 585 727 672 ¹16.
759 583 955 674 Castigatunr
982 612 1071 677 ergo.
1090 613 1161 658 euru
1184 571 1274 660 ‹tt-‘t

92 690 230 754 mittam.
295 689 346 755 17.
370 689 511 754 Necesse
538 697 642 752 autem
670 686 809 754 habebat
831 689 988 758 dimittere
1009 695 1055 760 eis
1084 697 1120 760 iu
1147 694 1231 770 festo
1289 733 1330 790 ι,

92 811 208 856 unum.
252 789 305 886 Ιβ.
326 789 549 856 Excleiuarunt
581 800 684 855 autem
719 785 835 855 omnes
864 793 898 857 in
929 791 1037 874 turha,
1056 777 1061 792 ⁸
1079 797 1230 880 dieentes,

93 891 197 958 Tolle
218 891 317 972 huuc,
348 903 380 960 et
401 891 521 974 dimitte
542 891 638 958 nobis
658 889 853 957 Barabbam:
898 892 949 958 19.
973 895 1050 980 Qui
1063 910 1131 966 erat
1152 923 1230 989 pro-

93 1005 172 1082 pter
194 993 382 1062 seditionem
404 994 562 1082 quandam
585 995 698 1060 tactam
719 997 754 1058 in
776 992 856 1058 ttrbe
879 1006 911 1060 et
923 996 1127 1066 homicidium
1149 1023 1229 1071 eon·
1299 1014 1324 1086 J

93 1099 200 1162 iectus
222 1099 257 1164 in'
279 1121 445 1164 carcerem.
494 1097 546 1184 20.Ι
573 1094 695 1162 lterum
716 1106 820 1161 autem
847 1095 969 1162 Pilatus
999 1099 1152 1188 loquutus
1182 1114 1230 1170 est

93 1199 139 1264 ad
162 1221 236 1279 eos,
268 1201 383 1268 volens
406 1200 562 1270 dimittere
589 1199 703 1271 lesum.
746 1198 1147 1282 alencionensem,
1181 1192 1230 1272 di-
1261 1212 1267 1222 '

65 1322 70 1332 ·
93 1312 219 1381 centes,
243 1293 421 1388 crucifige,
449 1299 603 1386 crucifige
623 1321 706 1368 eum.
747 1300 1123 1369 22.1lte·autemtertto
1146 1305 1229 1372 dixit
1268 1383 1271 1392 ⁴

94 1405 160 1482 eis,
183 1401 274 1490 Quid
296 1407 380 1468 enim
400 1401 480 1468 mali
495 1403 587 1468 lecit?
612 1402 736 1467 nullum
763 1405 883 1474 crimen
905 1403 1039 1494 capitale
1061 1408 1227 1498 corriperio
1337 1479 1342 1492 ,

27 1487 34 1512 ”
93 1507 132 1570 in
155 1525 209 1570 eo:
235 1508 420 1592 castigatum
442 1526 519 1592 ergo
538 1503 629 1570 illum
651 1489 818 1584 dimittam,a
857 1503 910 1571 23.
932 1505 1044 1579 Atilii
1065 1508 1229 1578 instabant

94 1603 236 1673 vocibus
262 1610 397 1694 magnis,
427 1605 626 1694 postulantes
648 1618 684 1672 ut
709 1607 962 1693 crucifigeretur:
997 1620 1030 1676 et
1055 1611 1229 1680 invalesce·

90 1696 179 1776 bant
200 1728 432 1808 voces-corum
455 1731 493 1776 ac
509 1711 694 1798 'principum
715 1709 926 1778 sacerdotum.

137 2023 141 2034 .
173 1972 274 2036 Mattb.
292 1973 337 2037 15.
374 1973 412 2058 ln
421 1971 508 2050 sesto
526 1953 719 2036 semoveret
758 1993 869 2038 raeces
907 1973 966 2058 Hie
983 1976 1067 2039 nobis
1089 1988 1152 2042 tum
1174 1977 1229 2040 im-

61 2114 77 2134 &
93 2049 238 2131 placabilis
260 2050 436 2112 sacerdotum
457 2051 618 2130 crudelitas,
640 2065 702 2112 tum
737 2053 830 2114 uriosa
856 2052 940 2114 etiam
959 2055 1058 2133 populi
1076 2055 1229 2120 obstinatio
1297 2115 1300 2120 .

97 2125 275 2186 describitur.
336 2126 409 2186 Mira
431 2129 508 2188 enim
534 2140 670 2208 utrostpre
693 2129 816 2190 amentia
840 2141 988 2206 correptos
1012 2150 1072 2191 esse
1092 2132 1229 2224 oportuit¹
1268 2128 1271 2140 ’

98 2202 201 2281 quibus
227 2218 288 2262 non
311 2201 376 2262 satis
399 2201 454 2262 luit
482 2201 645 2284 conspirare
670 2203 705 2262 in
728 2217 849 2264 mortem
879 2203 1001 2272 hominis
1024 2206 1147 2281 innoxii,
1174 2207 1228 2267 nist

98 2278 185 2338 etiam
203 2278 233 2338 in
251 2278 312 2340 eius
331 2277 426 2338 odium
443 2275 583 2339 latronem
602 2278 764 2347 liberarent.
803 2278 851 2338 stc
873 2278 975 2358 impios
993 2281 1156 2360 praecipitat
1174 2283 1227 2342 Sa·
1308 2289 1316 2300 “

76 2357 162 2425 'tan,
187 2366 251 2436 post
272 2372 335 2418 um
359 2351 445 2414 semel
469 2373 551 2414 ruere
575 2365 745 2434 coeperunt,
774 2367 807 2414 ut
826 2351 931 2414 nullutn
951 2356 1128 2437 quantumvis
1146 2355 1227 2418 dete·

99 2430 197 2492 stabile
216 2377 306 2510 soiius
323 2429 475 2502 horreant,
505 2430 554 2490 aed
577 2431 721 2495 excaecati
745 2441 774 2489 et
798 2427 900 2509 stupidi
919 2429 1095 2491 accumulent
1112 2443 1228 2513 peecata

98 2503 1227 2662 getffitggimlffgn.lfflffilmesgelgglenitPiltffisfflrtistgtssdtgrpepoestittsmflccagffi
1281 2517 1283 2523 Ι

99 2668 205 2740 posset.
244 2657 283 2718 Et
300 2657 358 2747 ipsa
378 2655 500 2717 criminis
519 2623 676 2732 atrocitas:
689 2655 766 2719 cuius
784 2657 923 2719 Barabbas
940 2679 1005 2720 reus
1025 2671 1098 2735 erat,
1122 2660 1226 2731 merito
1254 2728 1257 2737 .

100 2733 198 2796 debuit
214 2731 314 2814 popub
332 2732 395 2793 odia
413 2732 445 2792 in
464 2754 529 2794 eum
546 2733 717 2809 transferre,
744 2745 778 2794 ut
795 2732 895 2795 saltem
912 2755 976 2794 com
996 2735 1123 2800 eratione
1141 2734 1226 2802 chri-

12 2857 13 2860 ,
99 2825 157 2874 stus
174 2809 350 2872 liberaretur.
387 2807 476 2900 Aigiai
499 2807 579 2892 nulio
605 2808 746 2871 dedecore
769 2821 913 2872 terrentur
936 2755 1161 2876 veisaeerdotes
1179 2812 1226 2876 vel

99 2898 162 2950 sou
190 2907 275 2968 gens,
299 2885 367 2966 quin
385 2885 547 2956 seditiosum
570 2897 601 2946 et
623 2883 791 2952 homicidam
814 2885 866 2948 sibi
888 2887 1050 2956 denodari
1072 2888 1225 2968 postulent.
1316 2907 1317 2912 ¹

101 2963 219 3026 Interim
241 2961 427 3042 reputandum
455 2961 537 3023 nobis
565 2973 609 3022 est
636 2961 693 3023 Dei
724 2962 904 3037 consiliarus*-
919 2983 976 3043 quo
999 2963 1103 3024 sactum
1127 2975 1226 3026 estut

102 3039 227 3102 Christus
239 3037 324 3118 qussi
342 3050 502 3120 postremus
520 3038 666 3102 bominum
682 3039 971 3100 cruciclestinaretur.
1007 3039 1143 3101 saeviunt
1161 3039 1226 3120 qui

101 3118 165 3178 dem
183 3117 214 3176 in
227 3115 327 3195 ipsum
342 3121 437 3184 nocco
455 3113 553 3176 lurore
571 3113 682 3176 Iudaei:
714 3113 768 3190 ¹sed
787 3113 851 3193 qaria
870 3115 948 3176 Deus
967 3113 1109 3194 expiandis
1127 3111 1226 3178 mundi
1280 3141 1286 3154 ·

12 3229 14 3236 .
95 3180 221 3274 'peccatis
239 3189 366 3262 κάθαρμα
384 3189 574 3265 ordinaverat,
593 3189 677 3256 etiam
695 3189 768 3250 infra
787 3191 925 3251 lamonem
945 3199 974 3250 et
993 3187 1161 3252 homicidam
1180 3191 1226 3254 lo-

103 3269 160 3328 eari
178 3291 273 3349 passus
292 3281 360 3330 est..
386 3267 453 3328 Huc
470 3288 542 3328 vero
559 3262 704 3328 redactum
722 3285 784 3328 esse
803 3266 859 3326 Dei
878 3263 979 3328 Filium
998 3285 1083 3327 nemo
1103 3266 1157 3330 rite
1175 3287 1225 3330 ex-

65 3341 69 3354 '
101 3344 204 3424 pendet
222 3345 282 3406 sine
299 3363 408 3406 summo
448 3363 564 3419 errore,
588 3343 686 3422 suique
710 3341 898 3423 displicentia,
922 3351 952 3402 et
969 3337 1157 3406 detestatione
1175 3365 1224 3406 sn-

103 3439 185 3480 orum
203 3420 347 3484 scelerum.
373 3421 395 3480 S
450 3420 516 3480 bine
535 3439 649 3500 quoque
668 3437 729 3478 non
751 3417 797 3478 vul
819 3417 873 3478 aris
892 3417 1013 3500 emergit
1030 3417 1147 3482 fiduciae
1164 3443 1225 3482 rna·
1336 3453 1346 3464 =

102 3493 185 3570 teria,
205 3496 268 3574 qaia
282 3496 352 3558 ideo
371 3497 402 3556 in
418 3496 591 3577 profundum
609 3495 782 3578 ignominiae
799 3438 941 3556 ismenus
962 3506 1005 3556 est
1024 3493 1166 3574 Christus,
1192 3507 1225 3558 ut

102 3569 184 3632 nobis
202 3590 346 3632 ascensum
364 3572 394 3632 in
413 3573 563 3636 coelestem
577 3571 696 3654 &uiam
714 3593 763 3632 sua
782 3569 941 3632 deiectione
959 3571 1130 3652 acquireret}
1157 3572 1224 3635 ideo

103 3647 210 3706 latrone
222 3645 338 3709 babitus
359 3647 423 3710 tuit
438 3649 579 3722 deterior,
612 3658 645 3708 ut
668 3669 721 3709 nos
744 3651 913 3732 aggregaret
931 3648 988 3708 Dei
1011 3648 1125 3732 angelis.
1164 3647 1223 3708 llic

104 3723 209 3786 tructus
228 3721 325 3782 sitrite
344 3725 519 3800 aestimetur3
547 3721 611 3786 satia
632 3725 828 3806 superquead
847 3723 1016 3788 abolendum
1030 3725 1125 3786 erucis
1143 3743 1225 3783 scan-

104 3798 194 3860 dalum
211 3793 323 3878 valebit.
361 3799 454 3860 Porro
473 3801 549 3880 ¹quod
567 3801 599 3859 in
621 3799 667 3860 die
689 3799 764 3861 festo
787 3800 946 3882 quempiam
963 3821 1051 3870 unum
1071 3820 1103 3859 ex
1123 3797 1224 3860 vinetis

103 3877 217 3937 Praeses
234 3872 266 3934 in
282 3873 383 3953 populi
401 3875 519 3956 gratiam
537 3875 678 3958 dimittere
694 3875 815 3951 solebat,
840 3873 999 3956 exemplum
1017 3875 1071 3934 tuit
1089 3873 1174 3936 stulte
1194 3885 1225 3936 et

104 3965 250 4034 perperam
275 3949 435 4024 inductum,
462 3971 523 4012 non
550 3949 611 4012 sine
633 3963 728 4030 aperta
751 3952 840 4014 cultus
864 3952 921 4014 Dei
944 3947 1117 4028 corruptela:
1154 3949 1225 4011 nibil

104 4025 290 4118 euimnminus
308 4035 529 4115 consentaneum
548 4036 605 4101 est,
623 4027 780 4115 quamdies
798 4026 886 4090 lectos
903 4025 1225 4116 ,scelerumimpunitate

21 4205 24 4214 .
104 4124 216 4241 tlte
234 4099 1226 4266 ltptlitttetttttttttttlttt'ttttt‘ttttttt
1337 4231 1341 4248 ,

105 4268 148 4318 ret
163 4255 259 4339 legum
279 4265 309 4316 et
325 4251 651 4334 poenarumuiolatioae
675 4251 791 4314 minime
816 4251 872 4314 eolr
895 4249 976 4312 velle.
1018 4251 1077 4314 Sed
1088 4251 1154 4316 boe
1169 4253 1225 4316 sci-

104 4331 169 4394 licet
189 4331 343 4416 proliciunt
369 4329 512 4406 homines,
542 4351 629 4410 quum
650 4349 668 4390 a
691 4327 809 4408 seipsis
833 4337 943 4386 temere
966 4326 1091 4390 rationes
1114 4329 1225 4394 colendi

14 4445 62 4492 t'
267 4485 272 4499 ,
790 4424 1026 4491 -''23*
