2790 4764
406 283 408 290 ⁴
470 219 549 324 (rio.
588 215 701 314 &ecus
719 249 854 330 sanam)
1174 256 1231 318 1⁰3

100 399 170 460 fides
188 398 331 463 donorum
348 379 585 462 Dei‘memoriam
604 399 685 464 iuvet
702 401 735 462 in
753 399 884 464 cordibus
907 399 1039 478 nostriss
1054 400 1093 464 ita
1115 402 1170 468 nisi
1195 423 1229 468 ea

99 475 193 558 sopita
210 496 354 612 nunlquam
372 474 621 557 obrepetillorum
639 475 756 576 oblivio.
964 552 1002 571 ..
1122 545 1124 552 ,
1236 477 1238 484 ‘

99 639 159 704 ess,
179 553 250 710 lli„
263 553 1226 714 fttltttwlttottttttttttqlt'tttvltttt

121 715 200 764 enat.
236 705 348 767 Nomen
369 706 426 768 boe
444 728 527 789 supra
545 707 576 767 in
595 707 700 768 bonam
717 721 828 845 partem
845 707 958 788 accepit
976 705 1118 783 Christus,
1138 729 1225 846 psum

128 792 205 842 seret
228 779 368 844 termento
397 783 488 849 simile
513 805 575 846 esse
600 785 801 866 Evange'um‚
838 783 889 844 sed
914 794 947 844 ut
969 783 1135 874 plurimum*
1168 786 1225 846 eri-

94 869 177 940 ptura
195 857 249 949 boc
266 859 386 952 nomine
403 859 513 941 quidvis
531 859 720 922 adventicium
738 861 875 944 designat,
895 881 953 951 qpo
973 871 1067 922 nativa
1076 861 1225 956 reicuius-

92 935 711 1104 errtmattmtetffmte
728 935 1224 1104 tractassemus

91 1107 126 1148 ex
150 1097 377 1180 proprio-sensu
401 1101 654 1178 commemorantur
676 1087 816 1150 hommes.
859 1089 961 1167 Neque
985 1097 1028 1162 est
1053 1089 1131 1168 quod
1153 1089 1225 1151 elabi

26 1199 27 1202 =
89 1173 180 1226 tentet
212 1183 356 1256 qmspmm
388 1164 527 1257 sophum,
558 1184 674 1255 »negans
707 1164 744 1226 de
776 1161 901 1244 qualibet
930 1161 1059 1240 doctrina
1089 1163 1145 1225 boc
1174 1165 1224 1226 de-

88 1237 156 1301 bere
185 1239 322 1323 intelbgi‚
353 1261 422 1332 quta
447 1261 509 1302 non
537 1233 597 1304 alra¹
617 1239 778 1324 reperietur
803 1239 947 1314 doctrina,
982 1259 1054 1320 quae
1098 1260 1165 1301 urae
1195 1251 1225 1302 et

87 1335 199 1396 azymae
222 1337 336 1380 nomen
353 1327 512 1409 mmuneatz
526 1337 609 1408 quam
627 1328 700 1409 ‘quae
717 1337 735 1377 a
753 1318 819 1380 Deo
838 1316 965 1408 profecta
984 1325 1036 1376 est.
1103 1315 1160 1376 ude
1179 1335 1225 1378 se·
1306 1363 1309 1378 .

88 1393 195 1472 pricos,
216 1392 394 1454 fermentum
416 1414 512 1456 vocare
534 1394 667 1474 qurcqurd
685 1391 797 1456 aliunde
815 1404 953 1468 moturae
970 1391 1118 1474 provenit:
1142 1391 1225 1452 sicuti

90 1469 170 1528 etiam
189 1469 298 1530 Paulus
318 1469 406 1530 docet
425 1469 574 1532 adulterari
592 1470 685 1546 fidem,
704 1469 870 1551 simulatque
888 1491 904 1530 a
921 1467 1026 1532 Christi
1047 1467 1225 1552 simplicitate

88 1543 334 1621 abducimurffl.
347 1543 418 1605 Con
439 1549 484 1622 ll,
506 1546 558 1624 2.).
596 1547 659 1606 Iam
680 1545 831 1608 uidendum
851 1556 903 1622 est,
922 1565 1045 1625 quorum
1064 1545 1224 1606 doctrinam

89 1622 180 1682 caveri
202 1620 273 1682 uelit
292 1620 444 1684 Dominus.
482 1623 568 1684 Tunc
583 1635 662 1685 certe
681 1679 683 1688 s
706 1645 773 1685 enea
792 1621 897 1684 scribas
917 1632 948 1682 et
966 1621 1125 1682 sacerdotes
1144 1621 1223 1682 ordi-

88 1697 164 1758 narie
183 1707 247 1760 erat
267 1696 413 1758 Ecclesiae
431 1709 570 1780 potestas,
588 1643 739 1780 inquibus
757 1699 909 1781 primatum
923 1697 1059 1758 tenebant
1073 1697 1223 1770 Pharisaei.

90 1773 188 1848 Quum
207 1773 378 1836 nominatim
396 1773 431 1834 ab
451 1797 552 1838 eorum
571 1775 701 1838 doctriua
718 1775 868 1858 prohibeat
887 1795 954 1836 suos
974 1773 1109 1849 Christus,
1129 1775 1223 1856 sequi-

87 1860 142 1926 tur,
160 1849 351 1931 repudiandos
366 1869 427 1912 esse
445 1872 555 1929 omnes,
575 1851 624 1932 qui
641 1851 776 1936 figmenta
798 1852 958 1919 adnmcent
971 1849 1062 1914 verbo
1081 1850 1150 1928 Dei,
1176 1849 1223 1914 vel

88 1925 237 2008 quicquam
268 1925 391 1991 alienum
419 1927 556 2013 ingerunt
633 1997 634 2002 ἵ
685 1935 779 2010 urique
806 1929 921 1990 tandem
952 1925 1077 2008 polleant
1103 1927 1222 1989 honoris

87 2003 188 2086 gradu,
215 2001 263 2065 vel
286 2002 371 2064 titulo
393 1971 595 2144 summulis
609 1949 715 2082 mire
731 2005 879 2069 maledicta
898 2016 930 2066 et
945 2003 1160 2088 praevaricatrix
1179 2013 1222 2066 est

88 2099 189 2168 eorum
217 2078 372 2157 subiectio,
406 2081 455 2164 qui
481 2103 513 2146 se
538 2103 557 2142 u
595 2081 732 2163 oPapae
758 2081 927 2144 commentia
957 2089 987 2142 et
1015 2078 1126 2164 legibus
1153 2079 1221 2144 sub-

87 2165 194 2216 ucrunt.
344 2182 348 2190 ¹
656 2184 659 2190 ¹
686 2211 687 2216 ,

102 2373 104 2380 -
167 2309 275 2416 oro.)
316 2321 457 2406 masc.
477 2309 587 2400 ιιιι.”’
610 2331 664 2407 ar,
692 2333 737 2401 nt
760 2335 848 2400 venit
866 2330 1088 2424 strumoso,
1116 2337 1149 2396 et
1169 2327 1224 2396 aa.

87 2433 212 2502 ducunt
233 2436 282 2502 illi
305 2457 452 2515 coecum,
481 2447 513 2500 et
534 2433 707 2500 obsecrant
728 2454 816 2511 eum,
844 2443 880 2500 ut
894 2431 992 2506 illum
1013 2438 1128 2522 tangat.
1171 2431 1222 2499 23.

85 2517 185 2604 Turio
206 2537 409 2624 apprehensa
428 2527 526 2606 manu
548 2539 653 2616 coeci,
676 2535 783 2603 eduxit
803 2534 893 2602 illurn
917 2545 1003 2602 extra
1024 2537 1139 2602 vicum.
1180 2503 1246 2604 Etl

88 2843 201 2916 Video
223 2843 481 2937 bomioesequia
503 2865 601 2912 cerno
619 2847 721 2935 instar
741 2843 895 2912 arborum
918 2841 1138 2919 ambulantes¹
1167 2845 1222 2908 25.

87 2945 218 3014 Deinde
238 2941 366 3014 rursum
387 2949 540 3036 imposuit
560 2969 674 3016 manus
696 2947 930 3036 superooulos
951 2948 1046 3028 illius,
1070 2957 1102 3012 et
1121 2947 1223 3027 iussit,

89 3060 124 3118 ut
144 3051 315 3138 aspiceret,
342 3059 375 3115 et
394 3049 560 3116 restitutus
582 3059 646 3134 cat,
672 3059 709 3128 ut
728 3049 837 3117 lucide
858 3049 983 3118 videret
1002 3069 1124 3116 omnes.
1167 3047 1221 3114 26.

88 3153 130 3220 Et
157 3153 280 3220 dimisit
305 3151 394 3218 illum
420 3155 456 3220 in
481 3152 612 3219 domum
635 3175 740 3234 suam,
768 3153 893 3235 dicens,
921 3155 1039 3242 Neque
1059 3153 1097 3220 in
1116 3149 1223 3219 vicum
1254 3232 1257 3243 v

89 3257 288 3346 ingrediaris,
308 3277 414 3344 neque
434 3253 554 3328 dixeris
571 3255 714 3346 ‘cuipiam
734 3249 770 3330 in
790 3259 874 3326 bico.

162 3455 233 3520 Hoc
252 3449 426 3544 rrrimculurn²
444 3449 523 3529 cuius
542 3447 645 3512 omissa
665 3463 708 3515 est
726 3451 761 3513 ab
781 3449 839 3512 aliis
858 3435 992 3526 narratio,
1032 3459 1131 3543 ropter
1147 3447 1220 3512 banc

90 3530 211 3598 maxime
234 3530 472 3596 circumstantem
489 3527 602 3589 videtur
621 3547 637 3588 a
655 3529 754 3602 Marco
773 3527 889 3604 referri,
915 3527 991 3608 quod
1058 3539 1142 3588 rrstus
1159 3548 1220 3586 non

92 3619 253 3682 momento,
271 3617 305 3676 ut
322 3625 406 3686 saepe
424 3605 519 3686 lacere
537 3602 636 3666 solitus
658 3616 713 3680 est,
737 3605 788 3665 sed
805 3604 935 3686 paulatim
956 3624 1046 3670 coeco
1064 3605 1155 3668 risuum
1173 3622 1221 3662 re-

93 3683 192 3744 stituit:
220 3681 296 3764 quod
313 3681 379 3743 ideo
397 3681 503 3742 factum
524 3701 585 3741 esse
603 3679 750 3761 probabile
769 3692 825 3757 est,
844 3692 878 3740 ut
895 3681 1097 3749 documentum
1115 3679 1153 3738 in·
1164 3677 1221 3736 hoe

93 3757 207 3821 bomine
229 3769 366 3820 statueret
389 3757 495 3820 liberae
522 3776 589 3816 suae
611 3755 839 3839 dispensationis²
868 3778 923 3826 nec
946 3757 1140 3820 constrictum
1159 3769 1221 3812 esse
1299 3771 1330 3810 ν
1368 3759 1369 3764 ’

93 3837 251 3909 adsertam
269 3855 408 3908 normam
426 3835 495 3914 quin
516 3831 573 3892 hoo
592 3831 639 3892 vel
658 3831 706 3892 illo
724 3834 811 3894 modo
829 3833 963 3896 virtutem
976 3855 1055 3898 suam
1087 3827 1218 3892 roferrer.

94 3911 202 3977 Oculos
220 3931 291 3992 ergo
312 3907 393 3971 coeci
411 3930 473 3969 non
491 3907 583 3973 atatim
602 3909 642 3970 ita
659 3907 806 3986 illuminat,
826 3921 859 3970 ut
878 3908 974 3972 officio
990 3926 1042 3968 suo
1058 3851 1231 3984 ilrnganturs

94 3989 141 4056 sed
161 3987 313 4053 obscurum
335 3985 389 4045 illis
412 3983 616 4066 confusumque
635 3983 769 4058 intuitum
786 3985 913 4047 instillat:
938 3983 1040 4046 deinde
1056 3977 1223 4070 plteraxpran-

94 4083 181 4126 nuum
206 4063 245 4122 im
265 4059 389 4122 ositione
410 4059 552 4202 imeffam
576 4062 666 4123 aciem
688 4061 742 4125 illis
764 4063 866 4124 reddit
923 4059 969 4118 Ita
1027 4061 1081 4114 atra
1107 4049 1236 4121 Chresto.

95 4161 165 4220 quae
182 4139 215 4200 in
264 4157 297 4198 oa
314 4147 469 4218 repentes
494 4157 542 4200 usa
560 4138 639 4230 prius
656 4151 725 4217 erat,
744 4139 822 4220 quasi
834 4133 967 4230 guttatim
999 4125 1097 4192 eduxit
1110 4123 1251 4188 inbono·

95 4213 249 4282 bominem.
271 4247 274 4262 ·

169 4295 262 4356 Marc.
280 4291 331 4354 24.
365 4291 401 4354 V
398 4267 464 4352 tdeo'
482 4291 621 4362 homines,
661 4289 861 4372 Interrogatus
879 4281 973 4344 suerat
991 4293 1094 4340 coetus
1111 4283 1231 4355 propter
1313 4346 1315 4350 Ι

100 4368 266 4457 discipulos,
289 4379 324 4430 ut
346 4369 471 4450 robert,
493 4367 596 4453 aliqud
618 4369 675 4429 iam
693 4365 735 4428 illi
754 4365 850 4424 detrun
866 4369 952 4434 esset
965 4348 1014 4415 sed
1031 4359 1129 4412 tamen
1145 4359 1232 4410 tenue

1315 2169 1318 2206 l

26 2663 27 2676 ¹
86 2661 190 2726 quum
219 2641 399 2728 exspuisset
423 2641 458 2705 iu
485 2635 599 2720 oculos
622 2637 705 2720 eius,
736 2642 1005 2727 imposuissetque
1031 2637 1080 2705 illi
1100 2636 1222 2720 manus,
1273 2623 1302 2716 'e
1328 2700 1330 2706 .

26 2799 27 2802 ,
85 2741 300 2828 interrogarit
324 2763 422 2828 eum,¹
440 2741 469 2806 si
497 2739 575 2830 quid
602 2739 751 2820 videret,
776 2743 829 2810 21.
858 2743 902 2814 Et
927 2741 982 2808 ille
1008 2744 1140 2808 intuitus
1168 2743 1221 2820 ait,
