2790 4764
11 123 161 240 l.

137 131 147 160 l
214 167 216 170 .

332 191 520 270 (sesamo
557 189 605 254 ne
623 188 755 252 remon
772 189 803 250 n
823 191 1030 275 poenum.)
1175 164 1249 266 'res

115 341 195 405 Dens
212 348 272 404 uon
290 343 376 407 modo
389 343 526 424 Spiritum
544 341 659 406 consilii·
672 352 702 405 et
734 342 878 410 suendae
893 343 1005 408 datunts
1019 347 1056 408 sit
1070 349 1244 430 petentibus,

116 417 167 480 sed
186 417 269 480 estun
286 421 426 495 facturus,
453 440 490 482 ne
505 418 616 496 ¹eirtute
641 431 671 480 et
692 364 800 482 ellectu
823 433 916 483 careat
938 422 1071 504 quicquid
1096 445 1130 486 en
1153 427 1244 492 verbo

116 513 169 556 suu
185 495 303 578 egerint.
342 497 518 588 Consenqum
537 517 607 558 vero
627 493 784 580 precationi
804 497 980 584 coniungens
998 501 1140 577 admonet,
1159 516 1243 584 quam

117 569 213 631 sobrie
232 581 261 632 et
278 583 440 634 reverenter
462 595 491 634 m
511 568 641 636 omnibus
665 573 750 635 sacris
772 573 930 635 actionibus
953 596 984 636 se
1001 595 1103 660 gerere
1121 579 1249 644 dehemu-

99 643 221 710 ,fideles
259 649 415 721 Moueudus
435 661 478 711 est
495 661 642 739 peccator,
667 662 696 711 et
718 649 773 711 nisi
797 650 1005 714 correctionem
1027 653 1168 734 admittat,
1193 671 1242 718 ex·-

119 723 371 787 communicandus.
408 725 466 786 Hic
487 747 552 794 nou
576 725 662 786 modo
686 747 795 788 sacrum
819 746 852 788 os
871 725 927 787 Dei
947 729 1249 814 consulereoportet,
1278 753 1283 775 ³

12 799 13 816 ¹
68 819 74 848 ι.
117 817 157 857 ne
214 790 239 860 ld
256 811 390 866 statuatur
407 799 462 862 nisi
482 822 516 862 ex
535 801 595 863 eius
614 800 717 876 verbo,
736 799 786 862 sed
804 801 886 862 simul
905 802 987 864 etiam
1007 827 1023 866 a
1041 807 1172 898 precibus
1191 811 1249 871 au-'

118 872 177 952 spic
203 867 216 935 'i
238 877 384 938 convenit,¹
408 905 411 912 ’
433 877 520 940 Unde
539 875 638 938 clarius
656 885 772 959 apparet
790 879 866 958 quod
884 889 951 940 ante
968 879 1065 955 doctri,
1094 897 1154 945 non
1173 907 1244 966 pera

117 949 191 1010 mitti
207 950 363 1014 bominibus
381 953 491 1045 quidvis
510 951 613 1036 agendi
630 951 783 1028 licentiam,
807 953 856 1014 sed
874 953 969 1014 Deum
992 956 1077 1020 statui
1099 960 1250 1040 gubetm.‚

115 1025 198 1088 tionis
215 1029 357 1092 Ecclesiae
375 1025 531 1103 vindicem,
552 1038 584 1088 ut
602 1021 712 1116 iudici),
751 1047 854 1088 uorum
872 1027 932 1110 ipse
951 1035 993 1092 est
1011 1043 1125 1108 auctor,
1142 1035 1241 1100 sciscat
1265 1059 1285 1074 ·

116 1121 148 1162 ac
165 1105 273 1177 sanciat.
313 1093 435 1169 Interim
454 1105 520 1165 dum
540 1103 716 1170 conveniunt
732 1049 844 1178 ldetes,
870 1107 935 1164 vola
953 1125 1003 1166 sua
1021 1106 1194 1202 coniungere
1213 1111 1242 1176 el

115 1183 300 1246 cummuniter
317 1179 429 1263 precari
447 1182 598 1253 docentur,
616 1189 678 1240 non
696 1177 782 1240 modo
800 1179 834 1239 ad
852 1180 1007 1243 testandam
1020 1181 1085 1243 fidei
1097 1197 1242 1265 unitatem,

112 1255 158 1318 sed
176 1269 207 1317 ut
225 1259 356 1340 omnium
375 1273 547 1318 consensum
565 1255 644 1316 Deus
663 1254 797 1315 exaudiat.
829 1255 919 1338 Ergo,
938 1267 971 1316 ut
988 1255 1053 1328 alibi
1070 1279 1155 1337 saepe
1188 1285 1251 1328 ¹ros,

109 1331 194 1396 mittit
212 1335 318 1410 Deus„
329 1354 361 1395 se
379 1332 496 1414 privatis
516 1331 649 1413 cuiusque
668 1329 824 1392 votis·iore
862 1331 1010 1413 ropitium,
1033 1333 1071 1396 ita
1090 1333 1136 1398 bic
1156 1283 1243 1399 clui-

14 1423 16 1480 ',
107 1415 166 1469 stus
188 1407 317 1491 publicas
339 1424 441 1502 preces
464 1405 809 1490 singularipromissione
852 1407 978 1492 guttur,
1003 1421 1061 1492 quo
1078 1418 1133 1474 nbs
1151 1407 1243 1478 acrius

15 1491 16 1494 ’
107 1482 142 1545 ad
161 1497 260 1547 earum
279 1485 401 1546 studrum
418 1483 530 1546 muitet.

14 1573 15 1593 ¹
90 1569 92 1573 ’
184 1565 233 1624 20.
277 1562 336 1621 litt
353 1562 411 1620 duo
429 1569 486 1620 unt
504 1569 567 1622 tres
586 1525 808 1642 congregatim
825 1539 940 1622 numida
956 1579 1028 1625 meu.
1073 1535 1249 1630 Promisssio

31 1918 34 1921 ,
106 1865 237 1956 deducat.
276 1867 345 1928 Non
369 1878 411 1929 est
434 1880 505 1950 ergo
528 1887 585 1958 qup
627 1863 771 1942 dubitent,
794 1866 843 1948 qui
861 1889 892 1932 se
910 1880 953 1961 pra

15 1676 19 1685 -
105 1634 178 1698 haec
196 1635 312 1720 longius
330 1647 412 1720 patet
427 1658 510 1718 quarn
525 1636 666 1720 superior.
708 1637 851 1698 Dominus
871 1637 947 1701 enim
966 1661 998 1702 sc
1015 1639 1171 1716 aliuturmu
1189 1644 1241 1708 de-

107 1707 210 1788 dlarat,
234 1713 347 1794 quoties
369 1714 435 1796 duo
449 1723 498 1774 au't
520 1723 578 1774 tres
601 1711 632 1774 in
655 1708 772 1775 nornine
790 1733 842 1775 suo
859 1717 1062 1794 convenerint,
1087 1721 1120 1780 ut
1138 1719 1241 1806 dirigat
1281 1729 1283 1736 “

106 1807 158 1850 eus
182 1788 318 1866 consilio,
347 1801 377 1853 et
400 1789 532 1872 quicquid
557 1807 592 1874 ag
628 1789 682 1851 essi
705 1788 811 1852 luerint
834 1791 869 1852 ad
891 1807 1071 1933 prosperum·
1080 1811 1240 1861 successum

105 1962 175 2022 qum
188 1941 354 2026 optabilem
377 1963 413 2005 ex
435 1956 594 2028 praesentra
617 1943 675 2007 eius
697 1936 828 2025 fructum,
840 1875 1241 2025 ¹sentrantuntQ'erluhhgeulhlehl’n

104 2015 309 2082 inaestimabile
326 2014 434 2082 bonum
452 2021 503 2096 sit,
526 2014 669 2082 Christum
686 2018 792 2084 habere
813 2014 843 2080 in
862 2021 993 2094 omnibus
1015 2045 1052 2082 ne
1074 2026 1138 2087 otiis
1157 2045 1240 2108 prae-

106 2093 211 2171 sidem,
232 2095 281 2176 qui
299 2095 414 2160 tonsilia
433 2102 461 2157 el
480 2107 597 2158 eventus
615 2095 776 2170 benedicat,
797 2096 879 2175 sicuti
891 2121 1004 2160 rursum
1020 2045 1092 2162 nibil
1110 2103 1240 2166 miserius

104 2191 190 2252 quam
214 2171 274 2234 eius
298 2172 386 2257 gratia
409 2169 537 2248 destitui,
561 2191 623 2232 uon
640 2169 732 2248 leuem
756 2172 898 2232 stimulum
922 2175 1024 2240 addere
1047 2177 1130 2241 nobis
1154 2178 1240 2240 debet

103 2247 175 2312 haec
195 2249 362 2330 promissio,
385 2261 418 2308 ut
435 2249 510 2310 inter
528 2267 583 2307 uos
600 2245 648 2326 pie
668 2257 698 2307 et
715 2257 812 2308 sancte
831 2247 1026 2309 coalescamus.
1071 2253 1144 2311 Nam
1162 2251 1241 2332 quis-

105 2323 170 2405 quis
189 2325 237 2386 vel
259 2325 354 2386 sacros
377 2333 534 2386 conventus
558 2321 691 2403 negligit,
715 2321 761 2386 vel
784 2343 814 2400 se
840 2322 976 2404 disiungit
999 2343 1015 2381 a
1036 2324 1184 2402 fratribus,
1207 2334 1241 2388 ac

103 2400 235 2482 segniter
252 2423 284 2462 se
302 2401 378 2484 gerit
396 2399 427 2458 in
447 2397 565 2458 colenda
582 2398 705 2478 unitate,
728 2395 785 2456 hoc
807 2397 869 2477 ipso
888 2399 1065 2459 demonstrat
1085 2419 1117 2461 se
1135 2401 1246 2472 Christi

103 2476 295 2557 praesentiam
312 2497 366 2558 pro
386 2473 474 2534 nihilo
493 2473 606 2534 ducere.
633 2471 690 2532 Sed
709 2472 860 2553 videndum
879 2472 1021 2554 imprimis,
1040 2485 1072 2534 ut
1091 2477 1139 2558 qui
1155 2478 1241 2540 Chri-

102 2563 183 2620 stum
208 2551 329 2630 cupiunt
351 2550 405 2611 sibi
426 2549 524 2610 adesse
546 2542 578 2606 in
603 2539 661 2608 eius
678 2547 795 2609 n'omiue
814 2549 992 2616 conveniant.
1030 2549 1076 2613 Ac
1094 2552 1176 2614 simul
1194 2568 1240 2617 te.

103 2627 203 2687 nenda
223 2637 266 2686 est
281 2625 363 2686 huius
380 2624 531 2707 particulae
550 2623 687 2686 definitio:
718 2624 843 2686 uidemus
863 2625 950 2702 enim,
974 2631 1005 2688 ul
1026 2627 1106 2710 impul
1128 2641 1239 2694 sacrum

103 2705 166 2766 eius
185 2723 294 2764 nomen
312 2701 368 2763 suis
382 2722 451 2764 cons
473 2700 635 2762 irationibus
648 2721 709 2761 uon
722 2701 814 2763 miuus
830 2700 900 2762 falso
915 2714 945 2764 et
958 2703 1138 2785 impudenter

102 2779 226 2844 sceleste
250 2779 415 2839 obtendant.
451 2722 532 2860 lingo
555 2777 610 2844 nisi
633 2776 751 2869 velimus
775 2775 919 2862 Christum
942 2781 976 2848 ed
992 2779 1131 2845 ¹eoruml
1178 2785 1240 2846 brie

101 2857 293 2938 prostituere,
314 2867 344 2915 et
361 2853 442 2916 simul
461 2865 590 2916 evertere
607 2851 684 2936 quod
702 2853 748 2916 luc
763 2855 913 2937 promisit,
930 2857 1073 2918 sciendum
1093 2858 1239 2939 imprimis,
1291 2882 1295 2889 ’

102 2933 173 3016 quid
193 2931 283 2994 valeat
302 2925 370 3008 haec
389 2931 527 3012 loquutio,
546 2951 649 3009 nempe
667 2942 701 2991 ut
719 2931 767 3012 qui
784 2931 866 2994 simul
884 2946 1105 3016 congregantur,
1124 2935 1255 3016 reiectis:

103 3009 240 3074 omuibus
258 3007 477 3089 impedimentis,
502 3027 579 3088 quae,
595 3022 649 3070 nos
672 3007 714 3068 adv
727 3008 1026 3075 Christumaccedere
1050 3029 1118 3072 non:
1133 3010 1254 3088 sinunt,¹
1288 3045 1291 3052 ·
1338 3017 1345 3025 ’

102 3087 218 3178 sineere
241 3085 275 3145 ad
300 3105 365 3146 eum
388 3084 526 3165 aspirent,
551 3083 610 3146 eius
632 3082 723 3158 verbo
747 3105 778 3146 se
799 3084 831 3146 in
855 3084 1021 3166 obsequium
1039 3079 1169 3152 addicant
1206 3110 1239 3160 ae

11 3191 13 3218 i
103 3163 218 3246 Sprrilu
241 3159 395 3245 ‘gubernari
415 3155 588 3242 permittent
637 3160 808 3222 Timendum
831 3171 893 3251 nqn
916 3159 971 3236 est,
995 3153 1045 3250 ubi
1068 3161 1148 3244 'viget
1169 3131 1240 3228 haec

11 3245 12 3258 ¹
102 3237 280 3320 simplicitas,
310 3238 378 3319 quin
401 3236 492 3318 palam
517 3236 646 3297 ostendat
670 3235 799 3298 Christus
824 3259 890 3313 suus,
903 3236 1030 3318 auspiciis
1051 3257 1115 3301 non
1138 3238 1255 3304 indetrita

104 3327 238 3376 coactum
255 3315 341 3376 fuisse
359 3325 484 3376 coetum.
522 3313 559 3372 In
575 3334 632 3394 quo
653 3333 684 3373 se
702 3313 798 3394 prodit
816 3334 907 3374 crassa
925 3313 1099 3394 Papistarum
1116 3315 1240 3380 inscitias

73 3439 74 3442 η
104 3392 229 3460 clamant
248 3413 308 3452 uon
325 3391 450 3473 potuisse
465 3409 560 3452 errare
572 3389 699 3464 concilia,-
718 3389 841 3470 ideoque
852 3389 981 3450 standum
990 3391 1125 3468 omnihus
1140 3416 1239 3458 eorum

102 3465 242 3542 decretis,
266 3467 343 3548 quia,
363 3467 475 3548 quoties
492 3467 549 3530 duo
568 3477 616 3529 aut
633 3477 691 3526 tres
712 3477 923 3548 congregantur
939 3465 970 3526 iu'
989 3467 1105 3536 nomine
1123 3470 1239 3548 Christi,

11 3555 12 3606 i
101 3543 216 3624 ipsein
235 3544 329 3604 medio
349 3554 449 3605 eorum
468 3555 522 3605 est,
565 3539 655 3622 Atqui
672 3538 809 3620 imprimis
865 3543 1015 3603 atrendum
1034 3551 1108 3622 erat,
1129 3569 1240 3610 *conte*

102 3620 205 3682 uerint
227 3638 320 3682 necue
344 3619 452 3680 Christi
472 3618 603 3694 nomine,
627 3619 663 3678 de
686 3636 809 3698 quorum
850 3619 900 3692 de,
927 3619 1056 3682 doctrina
1080 3635 1110 3684 et
1133 3623 1256 3688 aflectu.
1330 3660 1337 3667 -

103 3695 267 3778 ambigitur.
318 3696 384 3756 Hoc
403 3696 470 3756 dum
489 3693 623 3758 omittunt
639 3691 685 3756 vel
704 3693 854 3756 involvunt
872 3695 1012 3780 Papistae,
1036 3698 1176 3778 quisnon
1195 3695 1239 3758 vta

11 3791 13 3802 ’
102 3773 166 3846 det,
185 3769 443 3838 astute'discrimen
460 3772 535 3834 inter
553 3791 647 3834 sacros
667 3781 697 3830 et
714 3768 850 3850 profanos
868 3783 1026 3840 conventus
1045 3761 1080 3832 'ah
1098 3771 1152 3832 illis
1169 3785 1240 3832 cou-

11 3883 12 3896 r
101 3847 202 3920 fundi,
223 3856 260 3904 ut
277 3857 414 3928 potestas·
458 3845 653 3932 idrisagendi
675 3845 710 3908 ab
729 3845 855 3908 Ecclesia
874 3849 909 3908 nd
925 3847 1021 3926 pbstes
1040 3843 1146 3911 Christi
1157 3846 1239 3908 ibra-

11 3941 13 3956 '
101 3937 154 3986 tos
179 3917 383 3983 transferatur?
418 3867 457 3983 bb
1230 3919 1238 3936 ⁹

458 3921 545 3983 iamus
569 3941 662 4006 ergo,
686 3935 747 3984 nou
774 3921 827 3983 uisi
852 3923 914 4006 pios
939 3925 996 3986 Dei
1022 3921 1239 4000 cultores,.qu1

105 3997 255 4064 Christum
300 4017 350 4059 ure
373 4009 527 4078 quaeruut,
550 3997 666 4089 animari
688 3999 724 4060 ad
745 3998 886 4075 fiduciam,
910 4020 949 4060 ne
973 3999 1026 4061 sibi
1051 4013 1115 4060 eum
1138 3995 1240 4086 abfore

104 4075 246 4139 dubitent
320 4073 388 4138 uriis
406 4085 500 4136 autem
519 4083 549 4136 et
565 4073 700 4137 abortivis
720 4074 855 4150 conciliis,
875 4081 946 4154 qu'ae
964 4073 1049 4134 telam
1069 4091 1102 4160 gx
1120 4091 1239 4150 proprio
1335 4131 1340 4143 ,

105 4173 194 4215 sensu
219 4161 426 4214 contexuerunt
466 4147 561 4214 valere
583 4149 677 4226 iussis,
705 4151 779 4230 apud
802 4171 856 4214 nos
878 4169 991 4226 semper
1014 4148 1142 4210 Ghrntus
1166 4167 1239 4210 uuus

107 4249 174 4290 curn
192 4227 339 4312 Evangelii
357 4226 401 4290 sui
418 4193 547 4289 doctriua
565 4225 706 4294 emineat,
968 4265 971 4276 ·
1009 4287 1013 4296 ,
1043 4262 1046 4276 »
1105 4267 1123 4284 ,-

137 4317 224 4366 ffltlnl
238 4325 357 4368 comm·
371 4317 486 4368 illumi
500 4315 542 4362 DV·
564 4317 654 4374 vulgus
700 4350 704 4356 ·
728 4352 730 4362 .
805 4323 810 4354 2
838 4345 840 4352 ›
944 4385 946 4392 Ι
1000 4297 1039 4356 1⁰
