2830 4772
428 210 430 220 “
462 225 464 228 ·
525 215 652 265 cnmsrr
670 212 849 267 vamcmm.
1201 203 1260 266 279

129 355 211 424 lolia
232 354 350 423 inerint
372 364 474 438 enata,
494 359 592 432 scitis,
612 353 704 443 quod
724 375 829 442 prope
849 353 890 418 ait
909 359 1022 422 aestas.
1075 351 1128 428 33.
1160 355 1207 422 lta
1227 365 1261 423 et

129 481 206 536 vos,
240 480 339 560 quum
364 457 507 524 videritis
534 459 613 525 baec
640 451 760 536 omnia,
792 456 906 522 scitote
927 453 1020 542 quod
1038 477 1142 545 prope
1163 459 1204 524 sit
1223 460 1259 526 in

128 559 266 628 foribus.
320 560 373 626 34.
406 561 508 626 Amen
532 561 608 628 dieo
629 559 739 636 vobis,
766 578 834 624 uon
855 555 1041 644 praeteribit
1062 570 1149 624 aetas
1170 559 1261 647 baec,

128 662 238 729 donec
261 647 366 727 omnia
386 661 446 726 iata
467 661 554 729 liant.
611 662 663 726 35.
701 659 839 728 Caelum
867 669 899 724 et
924 660 1256 748 terrapraeterihunt,

126 762 229 852 verba
257 772 360 826 antem
388 785 458 828 mea
478 785 546 830 non
567 759 798 852 praeteribunt.
850 761 904 827 36.
935 759 1107 828 Caeterum
1135 763 1177 830 de
1204 764 1258 832 die

127 863 188 932 illo
211 874 243 929 et
263 863 341 931 hora
361 886 459 934 neure
480 867 548 945 scit,
575 856 616 938 ne
638 863 742 960 angeli
764 861 893 952 quidem
914 863 1090 948 coelorum,
1110 869 1174 934 nisi
1195 850 1277 935 Pal

127 977 179 1034 ter
199 987 289 1033 meus
310 966 409 1037 solus.

211 1166 353 1238 MARC.
374 1169 457 1236 Xlll.
520 1168 574 1234 28.
617 1167 741 1242 Α’,ὓοιι
768 1189 848 1236 vero
878 1165 991 1236 discite
1011 1164 1256 1242 similitudinem.

67 1281 72 1292 '
128 1273 238 1360 Quum
259 1289 366 1338 rancus
390 1275 458 1337 cius
479 1273 541 1336 iam
562 1281 653 1335 terrer
673 1271 783 1356 luerit,
808 1269 1058 1358 produxeritque
1079 1270 1172 1350 folia,
1194 1274 1256 1337 sot-
1317 1347 1319 1354 s

105 1379 175 1466 ,¹¹⁸2
197 1375 288 1462 quod
309 1393 412 1460 prope
433 1375 474 1438 sit
495 1384 608 1439 aeetae.
649 1373 701 1438 29.
739 1373 794 1438 Sic
815 1385 846 1440 et
866 1380 927 1438 vos
949 1395 1046 1462 quum
1068 1373 1146 1438 haec
1164 1373 1255 1438 vide·

124 1481 196 1544 ritis
217 1475 296 1554 fieri,
323 1478 436 1540 scitote
457 1473 545 1562 quod
567 1495 670 1560 prope
691 1477 733 1540 sit
754 1478 789 1542 in
809 1474 943 1545 foribus.
986 1475 1255 1552 annuendam
1309 1469 1310 1477 ¹

124 1577 236 1656 vobis,
274 1575 368 1662 quod
385 1584 458 1674 'uon
483 1576 670 1663 praeteribit
697 1575 782 1644 aetas
808 1579 901 1658 haec,
935 1578 1039 1644 donec
1066 1580 1173 1644 omnia
1193 1579 1255 1642 ista

123 1681 230 1746 liant(
269 1679 322 1744 31.
357 1677 496 1746 Coelum
519 1691 550 1744 et
571 1691 655 1744 terra
677 1679 908 1770 praeteribunt,
936 1679 1036 1746 verba
1058 1692 1162 1756 autem
1183 1701 1254 1761 mea

8 1859 9 1864 γ
123 1804 193 1848 non
214 1780 441 1875 praeteribunt.
500 1783 566 1850 32:
589 1780 757 1848 Caeterum
780 1783 822 1854 dc
843 1784 896 1864 die
917 1783 975 1850 illo
998 1793 1028 1848 et
1050 1783 1129 1848 bora
1152 1803 1253 1848 nemo
1313 1847 1317 1862 ,

8 1947 9 1960 ,
122 1888 226 1964 novit,
248 1907 290 1950 ne
311 1885 416 1972 angeli
437 1879 585 1972 quidem,
610 1888 720 1973 quiin
742 1886 836 1954 coelo
858 1897 945 1967 sunt,
966 1907 1027 1952 nee
1047 1887 1118 1975 ipse
1136 1885 1252 1965 errius,

124 1987 187 2054 sed
205 1987 295 2054 solus
315 1987 417 2056 Pater.
1114 2017 1118 2026 ·

146 2226 148 2234 ι
208 2191 309 2262 nuc.
340 2193 421 2258 xxi.
479 2153 532 2256 aa.
575 2191 618 2257 et
649 2190 727 2257 aran
752 2192 818 2257 nra
845 2189 1096 2269 armaturarum,
1130 2190 1250 2283 vinee

47 2385 49 2394 J
120 2295 218 2360 licum
240 2306 272 2360 et
293 2317 404 2360 omues
425 2291 572 2358 arbores:
635 2293 687 2358 30.
732 2294 842 2380 Quum
860 2294 1055 2382 protrudunt
1074 2295 1135 2356 iarn
1156 2315 1248 2378 gem,

121 2419 205 2492 ruas,
236 2409 400 2462 cernentes
428 2417 467 2460 ex
487 2395 582 2465 vobis
606 2395 690 2481 ipsis
708 2399 805 2476 scitis,
828 2396 917 2481 quod
939 2399 1001 2462 iam
1022 2397 1117 2460 instet
1138 2405 1243 2460 aestas
1284 2399 1286 2407 ’

28 2497 29 2504 '
122 2501 175 2564 31.
197 2502 244 2563 lta
266 2509 297 2564 et
317 2519 393 2577 vos,
420 2505 517 2583 quum
538 2496 682 2560 videritis
704 2495 783 2562 baec
803 2497 887 2576 lieri,
908 2500 1022 2564 scitote
1043 2496 1250 2584 quodinstet
1287 2499 1289 2516 '

121 2621 255 2687 regnum
280 2601 353 2664 Dei.
417 2599 469 2664 32.
511 2600 614 2663 Amen
636 2597 709 2662 dico
728 2599 839 2678 vebia,
866 2621 935 2666 non
955 2597 1140 2697 praeteribit
1162 2611 1248 2686 aetas

120 2705 209 2780 haec,
231 2711 398 2788 autequam
422 2703 527 2766 ouruia
547 2699 634 2768 fiant.
677 2702 728 2766 33.
751 2701 889 2769 Coelunr
912 2712 943 2768 ct
963 2707 1047 2770 terra
1061 2699 1248 2770 transibunt

121 2804 221 2873 verba
243 2815 346 2870 autem
367 2825 436 2873 auca
457 2823 525 2870 nou
546 2801 735 2908 transibunt.
792 2855 793 2862 .

89 3128 94 3138 .
198 3079 277 3140 Non·
289 3088 398 3139 tanturn
417 3075 557 3157 intelligo,
581 3097 669 3156 aeque
690 3089 798 3136 certum
818 3074 880 3140 iore
898 3075 1009 3154 signum
1028 3075 1179 3156 propiaqui
1196 3078 1245 3136 ad-

122 3167 224 3217 ventus
249 3153 358 3214 Christi
382 3153 412 3211 in
435 3151 480 3211 illa
501 3159 600 3211 'rerum
623 3151 851 3232 perturbatione,
880 3153 957 3211 cauus
976 3153 1048 3220 lacta
1067 3165 1109 3210 est
1128 3153 1245 3230 mentio,

123 3244 205 3311 atque
231 3241 310 3291 certo
335 3229 532 3311 cognoscimus
552 3227 655 3289 instare
674 3241 822 3300 aestatem,
846 3229 912 3286 dum
931 3227 1045 3288 arbores
1064 3227 1156 3290 virere
1170 3229 1254 3290 inci·
1348 3241 1351 3248 ’

123 3307 212 3388 piunt,
231 3308 279 3366 sed
298 3305 371 3366 aliud
389 3305 519 3385 quiddam
539 3325 604 3366 meo
624 3304 726 3364 iudicio
746 3306 862 3364 denotat
883 3303 1036 3364 Christum
1066 3305 1139 3364 Nam
1156 3329 1244 3385 quum

124 3383 214 3444 bieme
233 3383 347 3444 arbores
367 3383 464 3464 rigore
483 3381 596 3462 frigoris
617 3392 776 3440 contractae
794 3379 855 3461 plus
873 3379 987 3442 roboris
1005 3401 1073 3460 prae
1092 3403 1122 3441 se
1141 3383 1244 3454 ierant,

123 3481 191 3519 vere
216 3470 307 3518 autem
333 3457 422 3518 solnta
445 3459 548 3518 duritie
572 3457 659 3539 magis
683 3456 796 3539 fragiles
816 3467 979 3546 appareant,
1003 3456 1172 3535 quinetiam
1191 3459 1245 3524 fin-

124 3536 226 3595 dantur
249 3546 279 3592 ut
299 3534 387 3594 exitus
406 3535 486 3594 novis
505 3535 666 3596 ramusculis
686 3544 792 3612 pateat,
822 3555 862 3591 sac
886 3532 954 3590 nibil
973 3532 1085 3593 obstare
1103 3535 1246 3594 Ecclesiae

124 3609 230 3690 vigori,
244 3609 320 3688 quod
339 3629 399 3670 eam
418 3610 585 3672 afflictiones
603 3612 755 3670 secundum
775 3609 864 3668 carnis
883 3630 994 3668 sensum
1014 3609 1165 3670 emolliant.
1199 3609 1244 3668 Si-

125 3685 183 3744 euti
202 3685 276 3743 eninr
296 3706 394 3754 succus
413 3687 533 3746 interior
551 3707 605 3777 per
624 3698 710 3746 totam
730 3685 861 3744 arborem
878 3685 993 3756 inlusus,
1033 3697 1157 3764 estquam
1173 3683 1245 3742 mol-

124 3759 211 3818 litiem
234 3759 357 3834 induxit,
387 3760 511 3822 collectis
531 3763 635 3826 viribus
656 3761 776 3846 erumpit
793 3763 828 3820 ad
846 3762 1038 3821 renovandum
1076 3761 1132 3818 uod
1152 3779 1245 3818 emor-

125 3849 204 3896 tuum
225 3845 292 3908 erat,
311 3835 350 3896 sic
364 3837 502 3896 Dominus
522 3840 556 3898 ab
578 3839 687 3900 externi
705 3837 825 3898 hominis
847 3837 1030 3915 corruptione
1057 3782 1160 3904 <lenam
1179 3851 1246 3893 suo-

125 3934 191 3973 rum
213 3912 442 3972 instaurationem
463 3913 602 4004 producit.
658 3917 772 3974 Summa
797 3926 851 3985 est,
878 3935 915 3972 uc
936 3935 969 3972 ex
988 3857 1072 3983 debili
1092 3922 1121 3968 et
1140 3909 1245 3970 caduco
1273 3921 1277 3930 ⁴

126 3987 267 4050 Ecclesiae
291 3999 365 4048 statu
388 3989 532 4048 intentum
556 3989 720 4062 couiiciaut,
748 3989 796 4048 sed
815 3989 909 4068 potius
928 3999 1041 4068 sperent
1060 3983 1247 4046 immortalem

126 4063 255 4148 gloriam,
274 4064 308 4123 ad
327 4081 408 4143 quam
428 4061 567 4123 Dominus
589 4087 672 4128 cruce
692 4077 721 4124 et
738 4063 878 4124 aerumnis
898 4085 963 4122 suos
981 4073 1136 4141 praeparat.
1173 4062 1246 4122 Nam

127 4141 202 4221 quod
221 4139 321 4200 Paulus
341 4141 400 4213 (Π.
422 4139 491 4201 Cor.
511 4143 544 4216 4,
570 4141 631 4213 lli.)
651 4143 685 4202 de
704 4140 818 4220 siugulis
837 4139 969 4199 membris
987 4135 1113 4210 ailirmat‘,
1135 4138 1164 4196 in
1183 4148 1247 4196 toto
1327 4169 1332 4176 -

127 4239 247 4298 corpore
270 4216 380 4298 impleri
401 4227 530 4298 oportet:
559 4237 661 4296 nempe
681 4217 704 4277 si
724 4228 853 4274 externus
875 4217 960 4272 lromo
982 4213 1185 4292 corrumpitur,
1204 4215 1248 4272 in-

128 4302 240 4356 terumu
264 4293 396 4360 renovari
418 4297 454 4358 de
474 4293 519 4356 die
538 4292 670 4354 indiam.
710 4291 861 4362 Caeterum
881 4287 957 4368 quod
976 4285 1121 4352 obscurius
1140 4311 1157 4360 a
1175 4292 1249 4354 blat-
