<?xml version="1.0" encoding="UTF-8"?>
<!DOCTYPE html PUBLIC "-//W3C//DTD XHTML 1.0 Transitional//EN"
    "http://www.w3.org/TR/xhtml1/DTD/xhtml1-transitional.dtd">
<html xmlns="http://www.w3.org/1999/xhtml" xml:lang="en" lang="en">
 <head>
  <title>
</title>
<meta http-equiv="Content-Type" content="text/html;charset=utf-8" />
  <meta name='ocr-system' content='tesseract 3.04.00' />
  <meta name='ocr-capabilities' content='ocr_page ocr_carea ocr_par ocr_line ocrx_word'/>
</head>
<body>
  <div class='ocr_page' id='page_1' title='image "./novumtestamentu00calvgoog_0313.png"; bbox 0 0 2830 4772; ppageno 0'>
   <div class='ocr_carea' id='block_1_1' title="bbox 190 177 1204 254">
    <p class='ocr_par' dir='ltr' id='par_1_1' title="bbox 190 177 1204 254">
     <span class='ocr_line' id='line_1_1' title="bbox 190 177 1204 254; baseline -0.001 -11"><span class='ocrx_word' id='word_1_1' title='bbox 190 185 249 248; x_wconf 64' lang='grc' dir='ltr'>ωι</span> <span class='ocrx_word' id='word_1_2' title='bbox 400 177 1084 247; x_wconf 75' lang='lat' dir='ltr'>sacr.xrx.crusr1mssrorrums.</span> <span class='ocrx_word' id='word_1_3' title='bbox 1196 243 1204 254; x_wconf 74' lang='grc'><strong>,</strong></span> 
     </span>
    </p>
   </div>
   <div class='ocr_carea' id='block_1_2' title="bbox 152 326 1315 610">
    <p class='ocr_par' dir='ltr' id='par_1_2' title="bbox 152 326 1315 610">
     <span class='ocr_line' id='line_1_2' title="bbox 190 326 1315 422; baseline -0.013 -18"><span class='ocrx_word' id='word_1_4' title='bbox 190 347 271 416; x_wconf 84' lang='lat' dir='ltr'>taut,</span> <span class='ocrx_word' id='word_1_5' title='bbox 308 342 342 402; x_wconf 84' lang='lat' dir='ltr'>at</span> <span class='ocrx_word' id='word_1_6' title='bbox 361 343 549 422; x_wconf 68' lang='lat' dir='ltr'>rqroeerum</span> <span class='ocrx_word' id='word_1_7' title='bbox 568 326 836 422; x_wconf 70' lang='lat' dir='ltr'>quenadmodum</span> <span class='ocrx_word' id='word_1_8' title='bbox 857 329 980 400; x_wconf 65' lang='lat' dir='ltr'>fixerat</span> <span class='ocrx_word' id='word_1_9' title='bbox 999 331 1078 412; x_wconf 89' lang='lat' dir='ltr'>illis,</span> <span class='ocrx_word' id='word_1_10' title='bbox 1109 344 1315 422; x_wconf 63' lang='lat' dir='ltr'>parauerat.</span> 
     </span>
     <span class='ocr_line' id='line_1_3' title="bbox 152 417 1314 610; baseline -0.007 -100"><span class='ocrx_word' id='word_1_11' title='bbox 152 528 154 536; x_wconf 16' lang='grc' dir='ltr'><strong><em>γ</em></strong></span> <span class='ocrx_word' id='word_1_12' title='bbox 189 436 415 610; x_wconf 51' lang='grc' dir='ltr'>ἓὲῑάἓιζὶιει.</span> <span class='ocrx_word' id='word_1_13' title='bbox 460 437 510 502; x_wconf 88' lang='grc'><strong>17.</strong></span> <span class='ocrx_word' id='word_1_14' title='bbox 543 437 586 516; x_wconf 78' lang='lat' dir='ltr'>Et</span> <span class='ocrx_word' id='word_1_15' title='bbox 611 457 710 524; x_wconf 89' lang='lat' dir='ltr'>quum</span> <span class='ocrx_word' id='word_1_16' title='bbox 737 455 875 526; x_wconf 83' lang='lat' dir='ltr'>vespera</span> <span class='ocrx_word' id='word_1_17' title='bbox 905 437 970 503; x_wconf 85' lang='lat' dir='ltr'>iam</span> <span class='ocrx_word' id='word_1_18' title='bbox 985 417 1108 538; x_wconf 21' lang='lat' dir='ltr'>&#39;esset,l</span> <span class='ocrx_word' id='word_1_19' title='bbox 1126 439 1215 538; x_wconf 80' lang='lat' dir='ltr'>venit</span> <span class='ocrx_word' id='word_1_20' title='bbox 1242 459 1314 503; x_wconf 90' lang='lat' dir='ltr'>cum</span> 
     </span>
    </p>
   </div>
   <div class='ocr_carea' id='block_1_3' title="bbox 184 706 1391 2346">
    <p class='ocr_par' dir='ltr' id='par_1_3' title="bbox 184 706 1391 2346">
     <span class='ocr_line' id='line_1_4' title="bbox 275 706 1313 790; baseline -0.001 -13"><span class='ocrx_word' id='word_1_21' title='bbox 275 708 374 777; x_wconf 82' lang='lat' dir='ltr'>LUC</span> <span class='ocrx_word' id='word_1_22' title='bbox 403 709 501 776; x_wconf 85' lang='lat' dir='ltr'>XXll.</span> <span class='ocrx_word' id='word_1_23' title='bbox 543 709 574 773; x_wconf 86' lang='grc'>3.</span> <span class='ocrx_word' id='word_1_24' title='bbox 604 708 737 776; x_wconf 75' lang='lat' dir='ltr'>Intravit</span> <span class='ocrx_word' id='word_1_25' title='bbox 759 716 866 774; x_wconf 86' lang='lat' dir='ltr'>autem</span> <span class='ocrx_word' id='word_1_26' title='bbox 885 706 1020 776; x_wconf 85' lang='lat' dir='ltr'>Satanas</span> <span class='ocrx_word' id='word_1_27' title='bbox 1040 709 1076 776; x_wconf 89' lang='lat' dir='ltr'>iu</span> <span class='ocrx_word' id='word_1_28' title='bbox 1102 707 1229 790; x_wconf 90' lang='lat' dir='ltr'>ludam,</span> <span class='ocrx_word' id='word_1_29' title='bbox 1263 713 1313 776; x_wconf 89' lang='lat' dir='ltr'>cui</span> 
     </span>
     <span class='ocr_line' id='line_1_5' title="bbox 189 809 1313 900; baseline -0.001 -21"><span class='ocrx_word' id='word_1_30' title='bbox 189 835 369 900; x_wconf 79' lang='lat' dir='ltr'><strong>cognomen</strong></span> <span class='ocrx_word' id='word_1_31' title='bbox 391 819 459 878; x_wconf 90' lang='lat' dir='ltr'>erat</span> <span class='ocrx_word' id='word_1_32' title='bbox 479 813 660 892; x_wconf 76' lang='lat' dir='ltr'><strong>iscariotes,</strong></span> <span class='ocrx_word' id='word_1_33' title='bbox 685 833 785 876; x_wconf 84' lang='lat' dir='ltr'>mrum</span> <span class='ocrx_word' id='word_1_34' title='bbox 807 833 825 876; x_wconf 91' lang='lat' dir='ltr'>e</span> <span class='ocrx_word' id='word_1_35' title='bbox 848 809 1026 876; x_wconf 80' lang='lat' dir='ltr'>duodecim.</span> <span class='ocrx_word' id='word_1_36' title='bbox 1070 812 1100 877; x_wconf 84' lang='grc'>4.</span> <span class='ocrx_word' id='word_1_37' title='bbox 1121 813 1166 877; x_wconf 88' lang='lat' dir='ltr'>Et</span> <span class='ocrx_word' id='word_1_38' title='bbox 1186 810 1264 878; x_wconf 87' lang='lat' dir='ltr'>abiit</span> <span class='ocrx_word' id='word_1_39' title='bbox 1283 824 1313 878; x_wconf 90' lang='lat' dir='ltr'>et</span> 
     </span>
     <span class='ocr_line' id='line_1_6' title="bbox 189 898 1391 1004; baseline -0.003 -22"><span class='ocrx_word' id='word_1_40' title='bbox 189 916 343 1004; x_wconf 73' lang='lat' dir='ltr'>loquutus</span> <span class='ocrx_word' id='word_1_41' title='bbox 371 925 419 982; x_wconf 89' lang='lat' dir='ltr'>est</span> <span class='ocrx_word' id='word_1_42' title='bbox 445 938 517 980; x_wconf 82' lang='lat' dir='ltr'>curn</span> <span class='ocrx_word' id='word_1_43' title='bbox 545 913 741 1003; x_wconf 86' lang='lat' dir='ltr'>principibus</span> <span class='ocrx_word' id='word_1_44' title='bbox 773 903 976 980; x_wconf 78' lang='lat' dir='ltr'>sacerdotum</span> <span class='ocrx_word' id='word_1_45' title='bbox 1006 936 1045 980; x_wconf 90' lang='lat' dir='ltr'>ac</span> <span class='ocrx_word' id='word_1_46' title='bbox 1069 898 1313 1001; x_wconf 83' lang='lat' dir='ltr'>magistratibus,</span> <span class='ocrx_word' id='word_1_47' title='bbox 1390 955 1391 978; x_wconf 63' lang='lat' dir='ltr'>t</span> 
     </span>
     <span class='ocr_line' id='line_1_7' title="bbox 189 1013 1391 1107; baseline -0.002 -22"><span class='ocrx_word' id='word_1_48' title='bbox 189 1017 458 1107; x_wconf 84' lang='lat' dir='ltr'>quemadmodum</span> <span class='ocrx_word' id='word_1_49' title='bbox 485 1017 574 1082; x_wconf 90' lang='lat' dir='ltr'>illum</span> <span class='ocrx_word' id='word_1_50' title='bbox 596 1013 734 1082; x_wconf 87' lang='lat' dir='ltr'>traderet</span> <span class='ocrx_word' id='word_1_51' title='bbox 760 1017 848 1104; x_wconf 91' lang='lat' dir='ltr'>ipsis.</span> <span class='ocrx_word' id='word_1_52' title='bbox 897 1017 928 1082; x_wconf 86' lang='lat'>5.</span> <span class='ocrx_word' id='word_1_53' title='bbox 956 1017 998 1082; x_wconf 85' lang='lat' dir='ltr'>Et</span> <span class='ocrx_word' id='word_1_54' title='bbox 1025 1019 1132 1104; x_wconf 82' lang='lat' dir='ltr'>gavisi</span> <span class='ocrx_word' id='word_1_55' title='bbox 1152 1029 1241 1097; x_wconf 92' lang='lat' dir='ltr'>sunt,</span> <span class='ocrx_word' id='word_1_56' title='bbox 1276 1041 1313 1082; x_wconf 88' lang='lat' dir='ltr'>ac</span> <span class='ocrx_word' id='word_1_57' title='bbox 1390 1035 1391 1102; x_wconf 36' lang='lat'><em>3</em></span> 
     </span>
     <span class='ocr_line' id='line_1_8' title="bbox 189 1117 1391 1212; baseline -0.002 -25"><span class='ocrx_word' id='word_1_58' title='bbox 189 1124 273 1212; x_wconf 84' lang='lat' dir='ltr'>pacti</span> <span class='ocrx_word' id='word_1_59' title='bbox 295 1130 385 1200; x_wconf 91' lang='lat' dir='ltr'>sunt,</span> <span class='ocrx_word' id='word_1_60' title='bbox 405 1141 441 1186; x_wconf 89' lang='lat' dir='ltr'>se</span> <span class='ocrx_word' id='word_1_61' title='bbox 468 1119 515 1186; x_wconf 91' lang='lat' dir='ltr'>illi</span> <span class='ocrx_word' id='word_1_62' title='bbox 541 1121 710 1208; x_wconf 79' lang='lat' dir='ltr'>ptcuniam</span> <span class='ocrx_word' id='word_1_63' title='bbox 733 1117 875 1187; x_wconf 83' lang='lat' dir='ltr'>daturos.</span> <span class='ocrx_word' id='word_1_64' title='bbox 918 1121 950 1186; x_wconf 90' lang='grc'>6.</span> <span class='ocrx_word' id='word_1_65' title='bbox 980 1120 1023 1186; x_wconf 89' lang='lat' dir='ltr'>Et</span> <span class='ocrx_word' id='word_1_66' title='bbox 1043 1119 1099 1186; x_wconf 89' lang='lat' dir='ltr'>ille</span> <span class='ocrx_word' id='word_1_67' title='bbox 1127 1120 1312 1208; x_wconf 79' lang='lat' dir='ltr'>spopondit:</span> <span class='ocrx_word' id='word_1_68' title='bbox 1390 1125 1391 1196; x_wconf 70' lang='grc'><strong>1</strong></span> 
     </span>
     <span class='ocr_line' id='line_1_9' title="bbox 188 1207 1391 1314; baseline -0.002 -22"><span class='ocrx_word' id='word_1_69' title='bbox 188 1214 428 1314; x_wconf 77' lang='lat' dir='ltr'>quaerebatque</span> <span class='ocrx_word' id='word_1_70' title='bbox 461 1225 745 1308; x_wconf 82' lang='lat' dir='ltr'>opportunitatem,</span> <span class='ocrx_word' id='word_1_71' title='bbox 788 1233 823 1288; x_wconf 93' lang='lat' dir='ltr'>ut</span> <span class='ocrx_word' id='word_1_72' title='bbox 853 1221 993 1290; x_wconf 83' lang='lat' dir='ltr'>traderet</span> <span class='ocrx_word' id='word_1_73' title='bbox 1027 1243 1101 1290; x_wconf 89' lang='lat' dir='ltr'>cum</span> <span class='ocrx_word' id='word_1_74' title='bbox 1133 1225 1208 1311; x_wconf 90' lang='lat' dir='ltr'>ipsis</span> <span class='ocrx_word' id='word_1_75' title='bbox 1240 1227 1314 1290; x_wconf 88' lang='lat' dir='ltr'>sine</span> <span class='ocrx_word' id='word_1_76' title='bbox 1390 1207 1391 1296; x_wconf 81' lang='lat' dir='ltr'>l</span> 
     </span>
     <span class='ocr_line' id='line_1_10' title="bbox 187 1324 1391 1430; baseline -0.002 -37"><span class='ocrx_word' id='word_1_77' title='bbox 187 1326 292 1394; x_wconf 86' lang='lat' dir='ltr'>turha.</span> <span class='ocrx_word' id='word_1_78' title='bbox 336 1325 365 1390; x_wconf 88' lang='grc'>7.</span> <span class='ocrx_word' id='word_1_79' title='bbox 392 1325 490 1390; x_wconf 85' lang='lat' dir='ltr'>Venit</span> <span class='ocrx_word' id='word_1_80' title='bbox 510 1335 614 1390; x_wconf 86' lang='lat' dir='ltr'>autem</span> <span class='ocrx_word' id='word_1_81' title='bbox 635 1324 705 1392; x_wconf 82' lang='lat' dir='ltr'>dics</span> <span class='ocrx_word' id='word_1_82' title='bbox 724 1325 932 1412; x_wconf 79' lang='lat' dir='ltr'>Azymormn,</span> <span class='ocrx_word' id='word_1_83' title='bbox 953 1329 987 1392; x_wconf 91' lang='lat' dir='ltr'>in</span> <span class='ocrx_word' id='word_1_84' title='bbox 1009 1349 1071 1413; x_wconf 91' lang='lat' dir='ltr'>qua</span> <span class='ocrx_word' id='word_1_85' title='bbox 1092 1347 1221 1391; x_wconf 85' lang='lat' dir='ltr'>neeesse</span> <span class='ocrx_word' id='word_1_86' title='bbox 1241 1336 1312 1391; x_wconf 88' lang='lat' dir='ltr'>erat</span> <span class='ocrx_word' id='word_1_87' title='bbox 1390 1375 1391 1430; x_wconf 43' lang='lat' dir='ltr'>p</span> 
     </span>
     <span class='ocr_line' id='line_1_11' title="bbox 187 1427 1391 1508; baseline -0.002 -13"><span class='ocrx_word' id='word_1_88' title='bbox 187 1427 344 1496; x_wconf 89' lang='lat' dir='ltr'>immolari</span> <span class='ocrx_word' id='word_1_89' title='bbox 365 1427 495 1492; x_wconf 81' lang='lat' dir='ltr'>Pascha.</span> <span class='ocrx_word' id='word_1_90' title='bbox 538 1427 569 1492; x_wconf 84' lang='lat'>8.</span> <span class='ocrx_word' id='word_1_91' title='bbox 595 1429 646 1494; x_wconf 71' lang='lat' dir='ltr'>‘Et</span> <span class='ocrx_word' id='word_1_92' title='bbox 672 1429 758 1492; x_wconf 86' lang='lat' dir='ltr'>nrisit</span> <span class='ocrx_word' id='word_1_93' title='bbox 782 1429 909 1497; x_wconf 88' lang='lat' dir='ltr'>Petrum</span> <span class='ocrx_word' id='word_1_94' title='bbox 929 1438 976 1494; x_wconf 90' lang='lat' dir='ltr'>&#39;ac</span> <span class='ocrx_word' id='word_1_95' title='bbox 997 1427 1161 1508; x_wconf 88' lang='lat' dir='ltr'>loannem,</span> <span class='ocrx_word' id='word_1_96' title='bbox 1193 1427 1312 1507; x_wconf 89' lang='lat' dir='ltr'>dicens,</span> <span class='ocrx_word' id='word_1_97' title='bbox 1390 1449 1391 1454; x_wconf 50' lang='lat'>¹</span> 
     </span>
     <span class='ocr_line' id='line_1_12' title="bbox 186 1519 1391 1618; baseline -0.004 -19"><span class='ocrx_word' id='word_1_98' title='bbox 186 1533 310 1600; x_wconf 85' lang='lat' dir='ltr'>Euntes</span> <span class='ocrx_word' id='word_1_99' title='bbox 331 1539 441 1618; x_wconf 89' lang='lat' dir='ltr'>parate</span> <span class='ocrx_word' id='word_1_100' title='bbox 461 1527 558 1596; x_wconf 89' lang='lat' dir='ltr'>nohis</span> <span class='ocrx_word' id='word_1_101' title='bbox 579 1530 721 1610; x_wconf 60' lang='lat' dir='ltr'>Pascha(</span> <span class='ocrx_word' id='word_1_102' title='bbox 742 1540 777 1596; x_wconf 94' lang='lat' dir='ltr'>ut</span> <span class='ocrx_word' id='word_1_103' title='bbox 798 1527 939 1596; x_wconf 85' lang='lat' dir='ltr'>edamus.</span> <span class='ocrx_word' id='word_1_104' title='bbox 982 1531 1013 1598; x_wconf 88' lang='grc'>9.</span> <span class='ocrx_word' id='word_1_105' title='bbox 1035 1519 1077 1598; x_wconf 80' lang='lat' dir='ltr'>Al</span> <span class='ocrx_word' id='word_1_106' title='bbox 1098 1527 1146 1596; x_wconf 92' lang='lat' dir='ltr'>illi</span> <span class='ocrx_word' id='word_1_107' title='bbox 1167 1531 1313 1598; x_wconf 83' lang='lat' dir='ltr'>dixerunt</span> <span class='ocrx_word' id='word_1_108' title='bbox 1390 1549 1391 1606; x_wconf 62' lang='grc' dir='ltr'>ξ</span> 
     </span>
     <span class='ocr_line' id='line_1_13' title="bbox 187 1629 1311 1718; baseline -0.002 -18"><span class='ocrx_word' id='word_1_109' title='bbox 187 1637 236 1710; x_wconf 88' lang='lat' dir='ltr'>ei,</span> <span class='ocrx_word' id='word_1_110' title='bbox 262 1631 331 1700; x_wconf 89' lang='lat' dir='ltr'>Ubi</span> <span class='ocrx_word' id='word_1_111' title='bbox 352 1633 415 1710; x_wconf 86' lang='lat' dir='ltr'>vis,</span> <span class='ocrx_word' id='word_1_112' title='bbox 442 1637 609 1718; x_wconf 84' lang='lat' dir='ltr'>paremus?</span> <span class='ocrx_word' id='word_1_113' title='bbox 660 1633 710 1698; x_wconf 91' lang='lat'>10.</span> <span class='ocrx_word' id='word_1_114' title='bbox 733 1633 774 1698; x_wconf 91' lang='lat' dir='ltr'>Et</span> <span class='ocrx_word' id='word_1_115' title='bbox 790 1632 874 1700; x_wconf 87' lang='lat' dir='ltr'>dixit</span> <span class='ocrx_word' id='word_1_116' title='bbox 894 1633 971 1713; x_wconf 93' lang='lat' dir='ltr'>illis,</span> <span class='ocrx_word' id='word_1_117' title='bbox 997 1629 1096 1711; x_wconf 75' lang='lat' dir='ltr'>Eo&#39;ce,</span> <span class='ocrx_word' id='word_1_118' title='bbox 1123 1637 1311 1700; x_wconf 90' lang='lat' dir='ltr'>introeunti·</span> 
     </span>
     <span class='ocr_line' id='line_1_14' title="bbox 186 1721 1391 1826; baseline -0.003 -22"><span class='ocrx_word' id='word_1_119' title='bbox 186 1737 252 1804; x_wconf 86' lang='lat' dir='ltr'>hus</span> <span class='ocrx_word' id='word_1_120' title='bbox 270 1734 366 1802; x_wconf 89' lang='lat' dir='ltr'>vohis</span> <span class='ocrx_word' id='word_1_121' title='bbox 384 1736 421 1798; x_wconf 90' lang='lat' dir='ltr'>iu</span> <span class='ocrx_word' id='word_1_122' title='bbox 442 1731 552 1800; x_wconf 88' lang='lat' dir='ltr'>urbem</span> <span class='ocrx_word' id='word_1_123' title='bbox 575 1745 723 1801; x_wconf 79' lang='lat' dir='ltr'>annueret</span> <span class='ocrx_word' id='word_1_124' title='bbox 744 1721 908 1802; x_wconf 75' lang='lat' dir='ltr'>homova&#39;s</span> <span class='ocrx_word' id='word_1_125' title='bbox 929 1757 1033 1824; x_wconf 87' lang='lat' dir='ltr'>aquae</span> <span class='ocrx_word' id='word_1_126' title='bbox 1052 1722 1223 1802; x_wconf 83' lang='lat' dir='ltr'>teslaceum</span> <span class='ocrx_word' id='word_1_127' title='bbox 1235 1757 1311 1824; x_wconf 92' lang='lat' dir='ltr'>por·</span> <span class='ocrx_word' id='word_1_128' title='bbox 1390 1791 1391 1826; x_wconf 34' lang='lat'>4</span> 
     </span>
     <span class='ocr_line' id='line_1_15' title="bbox 187 1826 1391 1926; baseline -0.003 -20"><span class='ocrx_word' id='word_1_129' title='bbox 187 1851 271 1906; x_wconf 83' lang='lat' dir='ltr'>tuns:</span> <span class='ocrx_word' id='word_1_130' title='bbox 304 1839 474 1924; x_wconf 80' lang='lat' dir='ltr'>sequimini</span> <span class='ocrx_word' id='word_1_131' title='bbox 501 1859 574 1902; x_wconf 87' lang='lat' dir='ltr'>eum</span> <span class='ocrx_word' id='word_1_132' title='bbox 596 1841 629 1904; x_wconf 90' lang='lat' dir='ltr'>in</span> <span class='ocrx_word' id='word_1_133' title='bbox 651 1837 795 1918; x_wconf 88' lang='lat' dir='ltr'>domum,</span> <span class='ocrx_word' id='word_1_134' title='bbox 827 1841 862 1904; x_wconf 89' lang='lat' dir='ltr'>iu</span> <span class='ocrx_word' id='word_1_135' title='bbox 885 1826 983 1926; x_wconf 81' lang='lat' dir='ltr'>¹quarn</span> <span class='ocrx_word' id='word_1_136' title='bbox 1008 1837 1145 1906; x_wconf 90' lang='lat' dir='ltr'>intrabit.</span> <span class='ocrx_word' id='word_1_137' title='bbox 1191 1840 1240 1902; x_wconf 87' lang='lat' dir='ltr'>lt.</span> <span class='ocrx_word' id='word_1_138' title='bbox 1267 1839 1312 1903; x_wconf 89' lang='lat' dir='ltr'>Et</span> <span class='ocrx_word' id='word_1_139' title='bbox 1390 1831 1391 1854; x_wconf 72' lang='lat'>³</span> 
     </span>
     <span class='ocr_line' id='line_1_16' title="bbox 187 1939 1391 2028; baseline -0.001 -21"><span class='ocrx_word' id='word_1_140' title='bbox 187 1940 301 2008; x_wconf 83' lang='lat' dir='ltr'>dicetis</span> <span class='ocrx_word' id='word_1_141' title='bbox 322 1939 539 2028; x_wconf 78' lang='lat' dir='ltr'>patrifamilias</span> <span class='ocrx_word' id='word_1_142' title='bbox 560 1939 690 2020; x_wconf 88' lang='lat' dir='ltr'>domus,</span> <span class='ocrx_word' id='word_1_143' title='bbox 712 1943 802 2006; x_wconf 80' lang='lat' dir='ltr'>Dicit</span> <span class='ocrx_word' id='word_1_144' title='bbox 821 1941 988 2028; x_wconf 82' lang='lat' dir='ltr'>Magister,</span> <span class='ocrx_word' id='word_1_145' title='bbox 1010 1939 1077 2008; x_wconf 83' lang='lat' dir='ltr'>Ubi</span> <span class='ocrx_word' id='word_1_146' title='bbox 1099 1952 1146 2009; x_wconf 87' lang='lat' dir='ltr'>est</span> <span class='ocrx_word' id='word_1_147' title='bbox 1166 1940 1313 2006; x_wconf 89' lang='lat' dir='ltr'>diverso-</span> <span class='ocrx_word' id='word_1_148' title='bbox 1390 2007 1391 2018; x_wconf 30' lang='lat'>2</span> 
     </span>
     <span class='ocr_line' id='line_1_17' title="bbox 185 2041 1391 2132; baseline -0.004 -20"><span class='ocrx_word' id='word_1_149' title='bbox 185 2043 283 2124; x_wconf 82' lang='lat' dir='ltr'>rium,</span> <span class='ocrx_word' id='word_1_150' title='bbox 314 2043 371 2112; x_wconf 93' lang='lat' dir='ltr'>uhi</span> <span class='ocrx_word' id='word_1_151' title='bbox 396 2043 518 2108; x_wconf 86' lang='lat' dir='ltr'>Pascha</span> <span class='ocrx_word' id='word_1_152' title='bbox 546 2060 617 2110; x_wconf 86' lang='lat' dir='ltr'>cum</span> <span class='ocrx_word' id='word_1_153' title='bbox 644 2041 810 2132; x_wconf 73' lang='lat' dir='ltr'>discipulis</span> <span class='ocrx_word' id='word_1_154' title='bbox 836 2048 916 2112; x_wconf 87' lang='lat' dir='ltr'>meis</span> <span class='ocrx_word' id='word_1_155' title='bbox 943 2043 1052 2111; x_wconf 85' lang='lat' dir='ltr'>edam?</span> <span class='ocrx_word' id='word_1_156' title='bbox 1094 2045 1144 2132; x_wconf 75' lang='lat'>12.</span> <span class='ocrx_word' id='word_1_157' title='bbox 1176 2045 1219 2110; x_wconf 88' lang='lat' dir='ltr'>Et</span> <span class='ocrx_word' id='word_1_158' title='bbox 1239 2046 1310 2132; x_wconf 88' lang='lat' dir='ltr'>ipse</span> <span class='ocrx_word' id='word_1_159' title='bbox 1351 2044 1355 2052; x_wconf 87' lang='lat'>&#39;</span> <span class='ocrx_word' id='word_1_160' title='bbox 1390 2071 1391 2096; x_wconf 60' lang='grc' dir='ltr'>ι</span> 
     </span>
     <span class='ocr_line' id='line_1_18' title="bbox 185 2137 1391 2235; baseline -0.005 -19"><span class='ocrx_word' id='word_1_161' title='bbox 185 2147 333 2216; x_wconf 86' lang='lat' dir='ltr'>ostendet</span> <span class='ocrx_word' id='word_1_162' title='bbox 354 2145 449 2214; x_wconf 87' lang='lat' dir='ltr'>vohis</span> <span class='ocrx_word' id='word_1_163' title='bbox 469 2146 679 2212; x_wconf 86' lang='lat' dir='ltr'>coenaculum</span> <span class='ocrx_word' id='word_1_164' title='bbox 700 2168 847 2235; x_wconf 75' lang='lat' dir='ltr'>magnum</span> <span class='ocrx_word' id='word_1_165' title='bbox 871 2159 1016 2214; x_wconf 85' lang='lat' dir='ltr'>stratum:</span> <span class='ocrx_word' id='word_1_166' title='bbox 1037 2145 1083 2226; x_wconf 83' lang='lat' dir='ltr'>ihi</span> <span class='ocrx_word' id='word_1_167' title='bbox 1103 2157 1222 2234; x_wconf 85' lang='lat' dir='ltr'>parate.</span> <span class='ocrx_word' id='word_1_168' title='bbox 1257 2147 1308 2210; x_wconf 85' lang='lat'>13.</span> <span class='ocrx_word' id='word_1_169' title='bbox 1390 2137 1391 2220; x_wconf 77' lang='grc'><strong>1</strong></span> 
     </span>
     <span class='ocr_line' id='line_1_19' title="bbox 184 2249 1391 2346; baseline -0.006 -27"><span class='ocrx_word' id='word_1_170' title='bbox 184 2253 308 2319; x_wconf 87' lang='lat' dir='ltr'>Euutes</span> <span class='ocrx_word' id='word_1_171' title='bbox 335 2259 438 2318; x_wconf 89' lang='lat' dir='ltr'>autem</span> <span class='ocrx_word' id='word_1_172' title='bbox 466 2251 672 2329; x_wconf 86' lang='lat' dir='ltr'>invenerunt,</span> <span class='ocrx_word' id='word_1_173' title='bbox 702 2252 784 2316; x_wconf 90' lang='lat' dir='ltr'>sicut</span> <span class='ocrx_word' id='word_1_174' title='bbox 811 2249 934 2318; x_wconf 86' lang='lat' dir='ltr'>dixerat</span> <span class='ocrx_word' id='word_1_175' title='bbox 958 2251 1034 2332; x_wconf 89' lang='lat' dir='ltr'>illis,</span> <span class='ocrx_word' id='word_1_176' title='bbox 1060 2259 1091 2314; x_wconf 90' lang='lat' dir='ltr'>et</span> <span class='ocrx_word' id='word_1_177' title='bbox 1113 2260 1309 2346; x_wconf 71' lang='lat' dir='ltr'>paraqerunt</span> <span class='ocrx_word' id='word_1_178' title='bbox 1390 2289 1391 2296; x_wconf 27' lang='grc' dir='ltr'>ι</span> 
     </span>
    </p>
   </div>
   <div class='ocr_carea' id='block_1_4' title="bbox 79 2345 1391 2591">
    <p class='ocr_par' dir='ltr' id='par_1_4' title="bbox 79 2345 1391 2591">
     <span class='ocr_line' id='line_1_20' title="bbox 79 2345 1391 2458; baseline -0.014 -29"><span class='ocrx_word' id='word_1_179' title='bbox 79 2421 83 2429; x_wconf 93' lang='grc'><strong>.</strong></span> <span class='ocrx_word' id='word_1_180' title='bbox 160 2355 314 2458; x_wconf 62' lang='lat' dir='ltr'>‘Pascha</span> <span class='ocrx_word' id='word_1_181' title='bbox 358 2354 410 2419; x_wconf 87' lang='lat' dir='ltr'>lt.</span> <span class='ocrx_word' id='word_1_182' title='bbox 433 2353 476 2420; x_wconf 85' lang='lat' dir='ltr'>Et</span> <span class='ocrx_word' id='word_1_183' title='bbox 497 2376 595 2441; x_wconf 91' lang='lat' dir='ltr'>qumn</span> <span class='ocrx_word' id='word_1_184' title='bbox 617 2355 679 2435; x_wconf 81' lang='lat' dir='ltr'>iarn</span> <span class='ocrx_word' id='word_1_185' title='bbox 707 2363 792 2420; x_wconf 88' lang='lat' dir='ltr'>esset</span> <span class='ocrx_word' id='word_1_186' title='bbox 816 2357 1052 2442; x_wconf 81' lang='lat' dir='ltr'>tempestivum,</span> <span class='ocrx_word' id='word_1_187' title='bbox 1078 2348 1236 2427; x_wconf 85' lang='lat' dir='ltr'>accubuit,</span> <span class='ocrx_word' id='word_1_188' title='bbox 1264 2371 1307 2415; x_wconf 87' lang='lat' dir='ltr'>ac</span> <span class='ocrx_word' id='word_1_189' title='bbox 1390 2345 1391 2352; x_wconf 76' lang='grc'>’</span> 
     </span>
     <span class='ocr_line' id='line_1_21' title="bbox 183 2455 1297 2591; baseline -0.023 -61"><span class='ocrx_word' id='word_1_190' title='bbox 183 2457 357 2591; x_wconf 68' lang='lat' dir='ltr'>duodedm</span> <span class='ocrx_word' id='word_1_191' title='bbox 378 2455 529 2544; x_wconf 80' lang='lat' dir='ltr'>Apostoli</span> <span class='ocrx_word' id='word_1_192' title='bbox 548 2479 621 2524; x_wconf 90' lang='lat' dir='ltr'>cum</span> <span class='ocrx_word' id='word_1_193' title='bbox 643 2471 693 2523; x_wconf 85' lang='lat' dir='ltr'>eo.</span> <span class='ocrx_word' id='word_1_194' title='bbox 817 2561 830 2586; x_wconf 17' lang='grc' dir='ltr'>,Δ</span> <span class='ocrx_word' id='word_1_195' title='bbox 918 2485 928 2510; x_wconf 72' lang='grc'>·,</span> <span class='ocrx_word' id='word_1_196' title='bbox 1294 2487 1297 2494; x_wconf 85' lang='lat'>.</span> 
     </span>
    </p>
   </div>
   <div class='ocr_carea' id='block_1_5' title="bbox 144 2756 1391 4372">
    <p class='ocr_par' dir='ltr' id='par_1_5' title="bbox 180 2756 1391 3686">
     <span class='ocr_line' id='line_1_22' title="bbox 234 2756 1306 2842; baseline -0.001 -24"><span class='ocrx_word' id='word_1_197' title='bbox 234 2759 308 2823; x_wconf 68' lang='lat' dir='ltr'>„Ad</span> <span class='ocrx_word' id='word_1_198' title='bbox 328 2759 498 2822; x_wconf 72' lang='lat' dir='ltr'>mumdum</span> <span class='ocrx_word' id='word_1_199' title='bbox 518 2757 686 2836; x_wconf 87' lang='lat' dir='ltr'>corindae,</span> <span class='ocrx_word' id='word_1_200' title='bbox 706 2760 754 2824; x_wconf 84' lang='lat' dir='ltr'>vel</span> <span class='ocrx_word' id='word_1_201' title='bbox 771 2763 800 2822; x_wconf 89' lang='lat' dir='ltr'>in</span> <span class='ocrx_word' id='word_1_202' title='bbox 816 2759 1219 2842; x_wconf 84' lang='lat' dir='ltr'>meliuscorrigendum,adeo</span> <span class='ocrx_word' id='word_1_203' title='bbox 1238 2756 1306 2820; x_wconf 85' lang='lat' dir='ltr'>nihil</span> 
     </span>
     <span class='ocr_line' id='line_1_23' title="bbox 183 2835 1391 2922; baseline -0.004 -22"><span class='ocrx_word' id='word_1_204' title='bbox 183 2836 291 2922; x_wconf 86' lang='lat' dir='ltr'>proluit</span> <span class='ocrx_word' id='word_1_205' title='bbox 310 2835 418 2899; x_wconf 82' lang='lat' dir='ltr'>Christi</span> <span class='ocrx_word' id='word_1_206' title='bbox 436 2837 608 2912; x_wconf 87' lang='lat' dir='ltr'>admonitio,</span> <span class='ocrx_word' id='word_1_207' title='bbox 637 2849 670 2897; x_wconf 92' lang='lat' dir='ltr'>ut</span> <span class='ocrx_word' id='word_1_208' title='bbox 687 2860 786 2909; x_wconf 80' lang='lat' dir='ltr'>secure</span> <span class='ocrx_word' id='word_1_209' title='bbox 808 2839 901 2900; x_wconf 87' lang='lat' dir='ltr'>statim</span> <span class='ocrx_word' id='word_1_210' title='bbox 925 2839 958 2899; x_wconf 88' lang='lat' dir='ltr'>ad</span> <span class='ocrx_word' id='word_1_211' title='bbox 978 2839 1150 2898; x_wconf 85' lang='lat' dir='ltr'>tractandum</span> <span class='ocrx_word' id='word_1_212' title='bbox 1171 2859 1234 2897; x_wconf 88' lang='lat' dir='ltr'>cum</span> <span class='ocrx_word' id='word_1_213' title='bbox 1254 2837 1306 2896; x_wconf 80' lang='lat' dir='ltr'>ho·</span> <span class='ocrx_word' id='word_1_214' title='bbox 1390 2865 1391 2908; x_wconf 59' lang='lat' dir='ltr'>p</span> 
     </span>
     <span class='ocr_line' id='line_1_24' title="bbox 182 2911 1305 2995; baseline -0.01 -15"><span class='ocrx_word' id='word_1_215' title='bbox 182 2915 270 2980; x_wconf 83' lang='lat' dir='ltr'>stibus</span> <span class='ocrx_word' id='word_1_216' title='bbox 289 2913 428 2978; x_wconf 79' lang='lat' dir='ltr'>netarium</span> <span class='ocrx_word' id='word_1_217' title='bbox 448 2911 561 2994; x_wconf 88' lang='lat' dir='ltr'>pactum</span> <span class='ocrx_word' id='word_1_218' title='bbox 579 2913 726 2975; x_wconf 82' lang='lat' dir='ltr'>transierit</span> <span class='ocrx_word' id='word_1_219' title='bbox 766 2915 853 2976; x_wconf 88' lang='lat' dir='ltr'>Mirus</span> <span class='ocrx_word' id='word_1_220' title='bbox 878 2927 970 2976; x_wconf 88' lang='lat' dir='ltr'>autem</span> <span class='ocrx_word' id='word_1_221' title='bbox 991 2935 1023 2974; x_wconf 90' lang='lat' dir='ltr'>ac</span> <span class='ocrx_word' id='word_1_222' title='bbox 1048 2913 1228 2995; x_wconf 85' lang='lat' dir='ltr'>prodigiosus</span> <span class='ocrx_word' id='word_1_223' title='bbox 1251 2911 1305 2972; x_wconf 83' lang='lat' dir='ltr'>suit</span> 
     </span>
     <span class='ocr_line' id='line_1_25' title="bbox 182 2989 1305 3077; baseline -0.007 -20"><span class='ocrx_word' id='word_1_224' title='bbox 182 3007 296 3077; x_wconf 85' lang='lat' dir='ltr'>stupor,</span> <span class='ocrx_word' id='word_1_225' title='bbox 320 2991 396 3074; x_wconf 90' lang='lat' dir='ltr'>quod</span> <span class='ocrx_word' id='word_1_226' title='bbox 419 2990 449 3050; x_wconf 93' lang='lat' dir='ltr'>in</span> <span class='ocrx_word' id='word_1_227' title='bbox 472 2993 577 3052; x_wconf 85' lang='lat' dir='ltr'>iactura</span> <span class='ocrx_word' id='word_1_228' title='bbox 603 2992 741 3074; x_wconf 79' lang='lat' dir='ltr'>unguenti</span> <span class='ocrx_word' id='word_1_229' title='bbox 765 2993 909 3056; x_wconf 82' lang='lat' dir='ltr'>honestam</span> <span class='ocrx_word' id='word_1_230' title='bbox 929 3002 1008 3052; x_wconf 87' lang='lat' dir='ltr'>tanto</span> <span class='ocrx_word' id='word_1_231' title='bbox 1029 2991 1128 3051; x_wconf 87' lang='lat' dir='ltr'>sceleri</span> <span class='ocrx_word' id='word_1_232' title='bbox 1147 2989 1305 3052; x_wconf 80' lang='lat' dir='ltr'>excusatio-</span> 
     </span>
     <span class='ocr_line' id='line_1_26' title="bbox 182 3064 1391 3150; baseline -0.007 -19"><span class='ocrx_word' id='word_1_233' title='bbox 182 3093 249 3132; x_wconf 85' lang='lat' dir='ltr'>nem</span> <span class='ocrx_word' id='word_1_234' title='bbox 267 3092 298 3134; x_wconf 82' lang='lat' dir='ltr'>se</span> <span class='ocrx_word' id='word_1_235' title='bbox 320 3073 433 3130; x_wconf 87' lang='lat' dir='ltr'>nactum&#39;</span> <span class='ocrx_word' id='word_1_236' title='bbox 451 3068 570 3150; x_wconf 86' lang='lat' dir='ltr'>putauit:</span> <span class='ocrx_word' id='word_1_237' title='bbox 598 3066 699 3130; x_wconf 88' lang='lat' dir='ltr'>deinde</span> <span class='ocrx_word' id='word_1_238' title='bbox 720 3069 797 3148; x_wconf 90' lang='lat' dir='ltr'>quod</span> <span class='ocrx_word' id='word_1_239' title='bbox 820 3069 913 3129; x_wconf 81' lang='lat' dir='ltr'>uerbis</span> <span class='ocrx_word' id='word_1_240' title='bbox 937 3064 1042 3128; x_wconf 86' lang='lat' dir='ltr'>Christi</span> <span class='ocrx_word' id='word_1_241' title='bbox 1060 3067 1216 3127; x_wconf 90' lang='lat' dir='ltr'>admonitus</span> <span class='ocrx_word' id='word_1_242' title='bbox 1241 3086 1303 3124; x_wconf 91' lang='lat' dir='ltr'>non</span> <span class='ocrx_word' id='word_1_243' title='bbox 1390 3085 1391 3136; x_wconf 53' lang='lat' dir='ltr'>t</span> 
     </span>
     <span class='ocr_line' id='line_1_27' title="bbox 182 3138 1391 3229; baseline -0.006 -22"><span class='ocrx_word' id='word_1_244' title='bbox 182 3148 284 3222; x_wconf 87' lang='lat' dir='ltr'>sensit,</span> <span class='ocrx_word' id='word_1_245' title='bbox 303 3146 495 3229; x_wconf 74' lang='lat' dir='ltr'>quidagcret.</span> <span class='ocrx_word' id='word_1_246' title='bbox 522 3144 588 3205; x_wconf 91' lang='lat' dir='ltr'>Sola</span> <span class='ocrx_word' id='word_1_247' title='bbox 607 3145 717 3205; x_wconf 89' lang='lat' dir='ltr'>mentio</span> <span class='ocrx_word' id='word_1_248' title='bbox 733 3143 892 3225; x_wconf 85' lang='lat' dir='ltr'>sepulturae</span> <span class='ocrx_word' id='word_1_249' title='bbox 912 3143 1034 3206; x_wconf 79' lang='lat' dir='ltr'>ferreum</span> <span class='ocrx_word' id='word_1_250' title='bbox 1053 3164 1103 3202; x_wconf 88' lang='lat' dir='ltr'>cor</span> <span class='ocrx_word' id='word_1_251' title='bbox 1122 3138 1230 3200; x_wconf 87' lang='lat' dir='ltr'>mollire</span> <span class='ocrx_word' id='word_1_252' title='bbox 1249 3141 1311 3200; x_wconf 40' lang='lat' dir='ltr'>‹te-v</span> <span class='ocrx_word' id='word_1_253' title='bbox 1390 3151 1391 3200; x_wconf 86' lang='lat' dir='ltr'>t</span> 
     </span>
     <span class='ocr_line' id='line_1_28' title="bbox 181 3219 1391 3354; baseline -0.007 -68"><span class='ocrx_word' id='word_1_254' title='bbox 181 3221 293 3300; x_wconf 83' lang='lat' dir='ltr'>buerat:</span> <span class='ocrx_word' id='word_1_255' title='bbox 325 3245 411 3304; x_wconf 92' lang='lat' dir='ltr'>quum</span> <span class='ocrx_word' id='word_1_256' title='bbox 430 3223 497 3282; x_wconf 87' lang='lat' dir='ltr'>inde</span> <span class='ocrx_word' id='word_1_257' title='bbox 516 3221 648 3304; x_wconf 79' lang='lat' dir='ltr'>colligere</span> <span class='ocrx_word' id='word_1_258' title='bbox 671 3234 833 3302; x_wconf 89' lang='lat' dir='ltr'>promptum</span> <span class='ocrx_word' id='word_1_259' title='bbox 857 3233 943 3296; x_wconf 86' lang='lat' dir='ltr'>esset,</span> <span class='ocrx_word' id='word_1_260' title='bbox 970 3221 1109 3282; x_wconf 85' lang='lat' dir='ltr'>Christum</span> <span class='ocrx_word' id='word_1_261' title='bbox 1132 3233 1162 3292; x_wconf 81' lang='lat' dir='ltr'>se</span> <span class='ocrx_word' id='word_1_262' title='bbox 1181 3219 1237 3354; x_wconf 76' lang='lat' dir='ltr'>pro</span> <span class='ocrx_word' id='word_1_263' title='bbox 1256 3237 1304 3278; x_wconf 91' lang='lat' dir='ltr'>sa-</span> <span class='ocrx_word' id='word_1_264' title='bbox 1390 3231 1391 3284; x_wconf 64' lang='lat' dir='ltr'>t</span> 
     </span>
     <span class='ocr_line' id='line_1_29' title="bbox 180 3285 1391 3382; baseline -0.006 -24"><span class='ocrx_word' id='word_1_265' title='bbox 180 3297 241 3358; x_wconf 91' lang='lat' dir='ltr'>lute</span> <span class='ocrx_word' id='word_1_266' title='bbox 259 3299 372 3359; x_wconf 90' lang='lat' dir='ltr'>humani</span> <span class='ocrx_word' id='word_1_267' title='bbox 392 3299 505 3382; x_wconf 85' lang='lat' dir='ltr'>generis</span> <span class='ocrx_word' id='word_1_268' title='bbox 530 3295 559 3358; x_wconf 84' lang='lat' dir='ltr'>in</span> <span class='ocrx_word' id='word_1_269' title='bbox 580 3297 721 3360; x_wconf 82' lang='lat' dir='ltr'>victimam</span> <span class='ocrx_word' id='word_1_270' title='bbox 744 3297 859 3358; x_wconf 75' lang='lat' dir='ltr'>osterse.</span> <span class='ocrx_word' id='word_1_271' title='bbox 898 3297 956 3360; x_wconf 90' lang='lat' dir='ltr'>Sed</span> <span class='ocrx_word' id='word_1_272' title='bbox 980 3297 1009 3356; x_wconf 89' lang='lat' dir='ltr'>iu</span> <span class='ocrx_word' id='word_1_273' title='bbox 1028 3297 1080 3356; x_wconf 90' lang='lat' dir='ltr'>hoc</span> <span class='ocrx_word' id='word_1_274' title='bbox 1100 3313 1216 3376; x_wconf 85' lang='lat' dir='ltr'>specuo</span> <span class='ocrx_word' id='word_1_275' title='bbox 1236 3315 1304 3376; x_wconf 91' lang='lat' dir='ltr'>per·</span> <span class='ocrx_word' id='word_1_276' title='bbox 1390 3285 1391 3366; x_wconf 94' lang='grc'><strong>1</strong></span> 
     </span>
     <span class='ocr_line' id='line_1_30' title="bbox 180 3361 1303 3454; baseline -0.002 -22"><span class='ocrx_word' id='word_1_277' title='bbox 180 3373 325 3453; x_wconf 84' lang='lat' dir='ltr'>spicimus,</span> <span class='ocrx_word' id='word_1_278' title='bbox 348 3387 451 3454; x_wconf 78' lang='lat' dir='ltr'>quama</span> <span class='ocrx_word' id='word_1_279' title='bbox 468 3373 504 3435; x_wconf 90' lang='lat' dir='ltr'>sit</span> <span class='ocrx_word' id='word_1_280' title='bbox 522 3374 655 3435; x_wconf 87' lang='lat' dir='ltr'>malarum</span> <span class='ocrx_word' id='word_1_281' title='bbox 671 3373 851 3454; x_wconf 79' lang='lat' dir='ltr'>cupiditatum</span> <span class='ocrx_word' id='word_1_282' title='bbox 873 3373 1007 3449; x_wconf 86' lang='lat' dir='ltr'>coecitas,</span> <span class='ocrx_word' id='word_1_283' title='bbox 1031 3383 1063 3432; x_wconf 88' lang='lat' dir='ltr'>et.</span> <span class='ocrx_word' id='word_1_284' title='bbox 1076 3392 1160 3452; x_wconf 90' lang='lat' dir='ltr'>quam</span> <span class='ocrx_word' id='word_1_285' title='bbox 1178 3361 1303 3431; x_wconf 82' lang='lat' dir='ltr'>elhcaci-</span> 
     </span>
     <span class='ocr_line' id='line_1_31' title="bbox 180 3447 1302 3528; baseline -0.004 -18"><span class='ocrx_word' id='word_1_286' title='bbox 180 3461 226 3510; x_wconf 87' lang='lat' dir='ltr'>ter</span> <span class='ocrx_word' id='word_1_287' title='bbox 246 3461 370 3510; x_wconf 81' lang='lat' dir='ltr'>mentam</span> <span class='ocrx_word' id='word_1_288' title='bbox 390 3450 535 3516; x_wconf 72' lang='lat' dir='ltr'>fascirent.</span> <span class='ocrx_word' id='word_1_289' title='bbox 575 3450 696 3512; x_wconf 85' lang='lat' dir='ltr'>Furandi</span> <span class='ocrx_word' id='word_1_290' title='bbox 720 3450 857 3526; x_wconf 82' lang='lat' dir='ltr'>desiderio</span> <span class='ocrx_word' id='word_1_291' title='bbox 880 3451 996 3513; x_wconf 87' lang='lat' dir='ltr'>ardebat</span> <span class='ocrx_word' id='word_1_292' title='bbox 1017 3449 1111 3523; x_wconf 88' lang='lat' dir='ltr'>ludas,</span> <span class='ocrx_word' id='word_1_293' title='bbox 1135 3447 1225 3528; x_wconf 82' lang='lat' dir='ltr'>longo</span> <span class='ocrx_word' id='word_1_294' title='bbox 1251 3468 1302 3524; x_wconf 83' lang='lat' dir='ltr'>usu</span> 
     </span>
     <span class='ocr_line' id='line_1_32' title="bbox 180 3522 1303 3610; baseline -0.004 -24"><span class='ocrx_word' id='word_1_295' title='bbox 180 3528 219 3602; x_wconf 38' lang='lat' dir='ltr'>ad,</span> <span class='ocrx_word' id='word_1_296' title='bbox 234 3527 270 3586; x_wconf 83' lang='lat' dir='ltr'>tia</span> <span class='ocrx_word' id='word_1_297' title='bbox 292 3525 372 3586; x_wconf 90' lang='lat' dir='ltr'>itium</span> <span class='ocrx_word' id='word_1_298' title='bbox 391 3522 575 3588; x_wconf 87' lang='lat' dir='ltr'>obduruerat:</span> <span class='ocrx_word' id='word_1_299' title='bbox 594 3549 670 3588; x_wconf 89' lang='lat' dir='ltr'>nune</span> <span class='ocrx_word' id='word_1_300' title='bbox 689 3527 753 3610; x_wconf 80' lang='lat' dir='ltr'>quis</span> <span class='ocrx_word' id='word_1_301' title='bbox 770 3527 1000 3608; x_wconf 77' lang='lat' dir='ltr'>aliundepraeda</span> <span class='ocrx_word' id='word_1_302' title='bbox 1012 3525 1234 3608; x_wconf 42' lang='lat' dir='ltr'>*non-occurrit,</span> <span class='ocrx_word' id='word_1_303' title='bbox 1251 3523 1303 3582; x_wconf 83' lang='lat' dir='ltr'>Fi-</span> 
     </span>
     <span class='ocr_line' id='line_1_33' title="bbox 180 3547 1302 3686; baseline -0.005 -23"><span class='ocrx_word' id='word_1_304' title='bbox 180 3603 249 3666; x_wconf 92' lang='lat' dir='ltr'>lium</span> <span class='ocrx_word' id='word_1_305' title='bbox 263 3547 411 3664; x_wconf 58' lang='lat' dir='ltr'>dei‘vitae</span> <span class='ocrx_word' id='word_1_306' title='bbox 429 3616 574 3665; x_wconf 87' lang='lat' dir='ltr'>auctorem</span> <span class='ocrx_word' id='word_1_307' title='bbox 592 3605 698 3686; x_wconf 85' lang='lat' dir='ltr'>perfide</span> <span class='ocrx_word' id='word_1_308' title='bbox 717 3602 751 3664; x_wconf 67' lang='lat' dir='ltr'>‘iu</span> <span class='ocrx_word' id='word_1_309' title='bbox 770 3617 891 3666; x_wconf 89' lang='lat' dir='ltr'>mortem</span> <span class='ocrx_word' id='word_1_310' title='bbox 915 3605 1025 3666; x_wconf 86' lang='lat' dir='ltr'>tradere</span> <span class='ocrx_word' id='word_1_311' title='bbox 1051 3623 1109 3665; x_wconf 89' lang='lat' dir='ltr'>non</span> <span class='ocrx_word' id='word_1_312' title='bbox 1129 3601 1247 3677; x_wconf 85' lang='lat' dir='ltr'>dubitat,</span> <span class='ocrx_word' id='word_1_313' title='bbox 1272 3610 1302 3659; x_wconf 88' lang='lat' dir='ltr'>et</span> 
     </span>
    </p>

    <p class='ocr_par' dir='ltr' id='par_1_6' title="bbox 179 3677 1300 3838">
     <span class='ocr_line' id='line_1_34' title="bbox 201 3677 1299 3761; baseline -0.005 -21"><span class='ocrx_word' id='word_1_314' title='bbox 201 3677 306 3742; x_wconf 84' lang='lat' dir='ltr'>namvis</span> <span class='ocrx_word' id='word_1_315' title='bbox 325 3689 419 3740; x_wconf 88' lang='lat' dir='ltr'>sancta</span> <span class='ocrx_word' id='word_1_316' title='bbox 437 3680 629 3742; x_wconf 88' lang='lat' dir='ltr'>admonitione</span> <span class='ocrx_word' id='word_1_317' title='bbox 646 3683 782 3742; x_wconf 85' lang='lat' dir='ltr'>retractus</span> <span class='ocrx_word' id='word_1_318' title='bbox 804 3680 943 3742; x_wconf 83' lang='lat' dir='ltr'>violenter</span> <span class='ocrx_word' id='word_1_319' title='bbox 967 3679 1084 3761; x_wconf 76' lang='lat' dir='ltr'>prosilit:</span> <span class='ocrx_word' id='word_1_320' title='bbox 1123 3677 1221 3752; x_wconf 85' lang='lat' dir='ltr'>Quare</span> <span class='ocrx_word' id='word_1_321' title='bbox 1239 3697 1299 3736; x_wconf 89' lang='lat' dir='ltr'>non</span> 
     </span>
     <span class='ocr_line' id='line_1_35' title="bbox 179 3754 1300 3838; baseline -0.011 -16"><span class='ocrx_word' id='word_1_322' title='bbox 179 3777 283 3822; x_wconf 79' lang='lat' dir='ltr'>aare</span> <span class='ocrx_word' id='word_1_323' title='bbox 304 3756 394 3817; x_wconf 83' lang='lat' dir='ltr'>Lucas</span> <span class='ocrx_word' id='word_1_324' title='bbox 417 3757 582 3819; x_wconf 82' lang='lat' dir='ltr'>nominatim</span> <span class='ocrx_word' id='word_1_325' title='bbox 606 3757 750 3838; x_wconf 80' lang='lat' dir='ltr'>exprimit,</span> <span class='ocrx_word' id='word_1_326' title='bbox 780 3759 911 3819; x_wconf 85' lang='lat' dir='ltr'>Satanam</span> <span class='ocrx_word' id='word_1_327' title='bbox 939 3757 970 3817; x_wconf 89' lang='lat' dir='ltr'>in</span> <span class='ocrx_word' id='word_1_328' title='bbox 995 3776 1060 3817; x_wconf 89' lang='lat' dir='ltr'>eum</span> <span class='ocrx_word' id='word_1_329' title='bbox 1082 3754 1211 3829; x_wconf 85' lang='lat' dir='ltr'>intrasse,</span> <span class='ocrx_word' id='word_1_330' title='bbox 1239 3764 1300 3812; x_wconf 88' lang='lat' dir='ltr'>non</span> 
     </span>
    </p>

    <p class='ocr_par' dir='ltr' id='par_1_7' title="bbox 218 3827 1391 3925">
     <span class='ocr_line' id='line_1_36' title="bbox 218 3827 1391 3925; baseline -0.007 -30"><span class='ocrx_word' id='word_1_331' title='bbox 218 3835 255 3895; x_wconf 91' lang='lat' dir='ltr'>od</span> <span class='ocrx_word' id='word_1_332' title='bbox 274 3834 330 3894; x_wconf 89' lang='lat' dir='ltr'>Dei</span> <span class='ocrx_word' id='word_1_333' title='bbox 353 3831 474 3912; x_wconf 84' lang='lat' dir='ltr'>Spiritus</span> <span class='ocrx_word' id='word_1_334' title='bbox 498 3831 589 3925; x_wconf 83' lang='lat' dir='ltr'>ipsum</span> <span class='ocrx_word' id='word_1_335' title='bbox 612 3847 677 3896; x_wconf 85' lang='lat' dir='ltr'>ante</span> <span class='ocrx_word' id='word_1_336' title='bbox 700 3846 814 3918; x_wconf 83' lang='lat' dir='ltr'>regeret</span> <span class='ocrx_word' id='word_1_337' title='bbox 838 3831 918 3914; x_wconf 80' lang='lat' dir='ltr'>(quia</span> <span class='ocrx_word' id='word_1_338' title='bbox 940 3833 1022 3894; x_wconf 80' lang='lat' dir='ltr'>furtis</span> <span class='ocrx_word' id='word_1_339' title='bbox 1046 3843 1076 3893; x_wconf 88' lang='lat' dir='ltr'>ct</span> <span class='ocrx_word' id='word_1_340' title='bbox 1098 3831 1217 3913; x_wconf 85' lang='lat' dir='ltr'>rapinis,</span> <span class='ocrx_word' id='word_1_341' title='bbox 1246 3827 1300 3888; x_wconf 86' lang='lat' dir='ltr'>nisi</span> <span class='ocrx_word' id='word_1_342' title='bbox 1341 3891 1345 3899; x_wconf 55' lang='grc'>,</span> <span class='ocrx_word' id='word_1_343' title='bbox 1390 3859 1391 3910; x_wconf 63' lang='lat' dir='ltr'>p</span> 
     </span>
    </p>

    <p class='ocr_par' dir='ltr' id='par_1_8' title="bbox 144 3903 1391 4372">
     <span class='ocr_line' id='line_1_37' title="bbox 144 3903 1391 4002; baseline -0.006 -31"><span class='ocrx_word' id='word_1_344' title='bbox 144 3972 145 3978; x_wconf 37' lang='lat'>,</span> <span class='ocrx_word' id='word_1_345' title='bbox 201 3919 298 3972; x_wconf 82' lang='lat' dir='ltr'>atanae</span> <span class='ocrx_word' id='word_1_346' title='bbox 316 3909 413 3970; x_wconf 83' lang='lat' dir='ltr'>inisset</span> <span class='ocrx_word' id='word_1_347' title='bbox 431 3911 615 3991; x_wconf 89' lang='lat' dir='ltr'>mancrpium,</span> <span class='ocrx_word' id='word_1_348' title='bbox 642 3909 765 3972; x_wconf 86' lang='lat' dir='ltr'>addictus</span> <span class='ocrx_word' id='word_1_349' title='bbox 790 3931 849 3974; x_wconf 85' lang='lat' dir='ltr'>esse</span> <span class='ocrx_word' id='word_1_350' title='bbox 875 3931 934 3970; x_wconf 90' lang='lat' dir='ltr'>non</span> <span class='ocrx_word' id='word_1_351' title='bbox 958 3909 1079 4002; x_wconf 90' lang='lat' dir='ltr'>potuit),</span> <span class='ocrx_word' id='word_1_352' title='bbox 1102 3907 1151 3990; x_wconf 77' lang='lat' dir='ltr'>sed</span> <span class='ocrx_word' id='word_1_353' title='bbox 1171 3903 1256 3966; x_wconf 88' lang='lat' dir='ltr'>intelli</span> <span class='ocrx_word' id='word_1_354' title='bbox 1278 3905 1300 3964; x_wconf 94' lang='lat' dir='ltr'>it</span> <span class='ocrx_word' id='word_1_355' title='bbox 1390 3981 1391 3986; x_wconf 7' lang='grc' dir='ltr'>ἵ</span> 
     </span>
     <span class='ocr_line' id='line_1_38' title="bbox 169 3983 1391 4072; baseline -0.005 -26"><span class='ocrx_word' id='word_1_356' title='bbox 169 3987 284 4063; x_wconf 82' lang='lat' dir='ltr'>&#39;Lucas,</span> <span class='ocrx_word' id='word_1_357' title='bbox 303 3999 371 4048; x_wconf 87' lang='lat' dir='ltr'>tunc</span> <span class='ocrx_word' id='word_1_358' title='bbox 390 3986 509 4046; x_wconf 87' lang='lat' dir='ltr'>Satanae</span> <span class='ocrx_word' id='word_1_359' title='bbox 527 3987 684 4065; x_wconf 65' lang='lat' dir='ltr'>penitus&#39;iu</span> <span class='ocrx_word' id='word_1_360' title='bbox 704 3989 908 4066; x_wconf 88' lang='lat' dir='ltr'>possessiouem</span> <span class='ocrx_word' id='word_1_361' title='bbox 930 3987 1023 4047; x_wconf 64' lang='lat' dir='ltr'>iursse&#39;</span> <span class='ocrx_word' id='word_1_362' title='bbox 1034 3983 1180 4059; x_wconf 83' lang='lat' dir='ltr'>traditum,</span> <span class='ocrx_word' id='word_1_363' title='bbox 1199 3993 1230 4042; x_wconf 89' lang='lat' dir='ltr'>ut</span> <span class='ocrx_word' id='word_1_364' title='bbox 1266 4001 1299 4040; x_wconf 88' lang='lat' dir='ltr'>e·</span> <span class='ocrx_word' id='word_1_365' title='bbox 1390 4019 1391 4072; x_wconf 57' lang='lat' dir='ltr'>p</span> 
     </span>
     <span class='ocr_line' id='line_1_39' title="bbox 176 4059 1391 4142; baseline -0.002 -22"><span class='ocrx_word' id='word_1_366' title='bbox 176 4075 303 4141; x_wconf 70' lang='lat' dir='ltr'>speratus</span> <span class='ocrx_word' id='word_1_367' title='bbox 327 4063 357 4122; x_wconf 87' lang='lat' dir='ltr'>in</span> <span class='ocrx_word' id='word_1_368' title='bbox 383 4061 496 4122; x_wconf 84' lang='lat' dir='ltr'>exitium</span> <span class='ocrx_word' id='word_1_369' title='bbox 519 4083 600 4122; x_wconf 83' lang='lat' dir='ltr'>suum</span> <span class='ocrx_word' id='word_1_370' title='bbox 623 4073 729 4122; x_wconf 77' lang='lat' dir='ltr'>rueret</span> <span class='ocrx_word' id='word_1_371' title='bbox 778 4067 849 4126; x_wconf 82' lang='lat' dir='ltr'>Nam</span> <span class='ocrx_word' id='word_1_372' title='bbox 875 4063 926 4125; x_wconf 77' lang='lat' dir='ltr'>etsi</span> <span class='ocrx_word' id='word_1_373' title='bbox 951 4065 985 4124; x_wconf 88' lang='lat' dir='ltr'>ad</span> <span class='ocrx_word' id='word_1_374' title='bbox 1008 4061 1185 4142; x_wconf 82' lang='lat' dir='ltr'>quotidianos</span> <span class='ocrx_word' id='word_1_375' title='bbox 1208 4059 1299 4139; x_wconf 86' lang='lat' dir='ltr'>lapsus</span> <span class='ocrx_word' id='word_1_376' title='bbox 1390 4073 1391 4102; x_wconf 74' lang='lat'><em>2</em></span> 
     </span>
     <span class='ocr_line' id='line_1_40' title="bbox 179 4137 1301 4228; baseline -0.005 -28"><span class='ocrx_word' id='word_1_377' title='bbox 179 4157 232 4200; x_wconf 84' lang='lat' dir='ltr'>uos</span> <span class='ocrx_word' id='word_1_378' title='bbox 258 4137 373 4228; x_wconf 87' lang='lat' dir='ltr'>impellit</span> <span class='ocrx_word' id='word_1_379' title='bbox 395 4139 496 4210; x_wconf 85' lang='lat' dir='ltr'>Satan,</span> <span class='ocrx_word' id='word_1_380' title='bbox 522 4147 624 4216; x_wconf 82' lang='lat' dir='ltr'>regnat</span> <span class='ocrx_word' id='word_1_381' title='bbox 645 4150 739 4198; x_wconf 86' lang='lat' dir='ltr'>antem</span> <span class='ocrx_word' id='word_1_382' title='bbox 761 4140 792 4200; x_wconf 90' lang='lat' dir='ltr'>in</span> <span class='ocrx_word' id='word_1_383' title='bbox 814 4140 909 4214; x_wconf 86' lang='lat' dir='ltr'>nohis,</span> <span class='ocrx_word' id='word_1_384' title='bbox 939 4139 1006 4200; x_wconf 89' lang='lat' dir='ltr'>dum</span> <span class='ocrx_word' id='word_1_385' title='bbox 1019 4139 1058 4214; x_wconf 58' lang='lat' dir='ltr'>‚ad</span> <span class='ocrx_word' id='word_1_386' title='bbox 1077 4137 1212 4198; x_wconf 85' lang='lat' dir='ltr'>maiorem</span> <span class='ocrx_word' id='word_1_387' title='bbox 1230 4154 1301 4215; x_wconf 89' lang='lat' dir='ltr'>pec·</span> 
     </span>
     <span class='ocr_line' id='line_1_41' title="bbox 180 4209 1302 4296; baseline 0.005 -30"><span class='ocrx_word' id='word_1_388' title='bbox 180 4213 260 4269; x_wconf 84' lang='lat' dir='ltr'>candi</span> <span class='ocrx_word' id='word_1_389' title='bbox 282 4209 422 4272; x_wconf 89' lang='lat' dir='ltr'>beentiam</span> <span class='ocrx_word' id='word_1_390' title='bbox 444 4211 559 4292; x_wconf 91' lang='lat' dir='ltr'>ahripit:</span> <span class='ocrx_word' id='word_1_391' title='bbox 590 4211 692 4271; x_wconf 81' lang='lat' dir='ltr'>dicitur</span> <span class='ocrx_word' id='word_1_392' title='bbox 715 4217 863 4278; x_wconf 84' lang='lat' dir='ltr'>tamenin</span> <span class='ocrx_word' id='word_1_393' title='bbox 886 4215 1033 4296; x_wconf 51' lang='lat' dir='ltr'>reprobos*</span> <span class='ocrx_word' id='word_1_394' title='bbox 1048 4215 1160 4291; x_wconf 85' lang='lat' dir='ltr'>demum</span> <span class='ocrx_word' id='word_1_395' title='bbox 1183 4213 1302 4290; x_wconf 77' lang='lat' dir='ltr'>intrare,</span> 
     </span>
     <span class='ocr_line' id='line_1_42' title="bbox 178 4287 1301 4372; baseline 0.004 -29"><span class='ocrx_word' id='word_1_396' title='bbox 178 4299 264 4357; x_wconf 86' lang='lat' dir='ltr'>quum</span> <span class='ocrx_word' id='word_1_397' title='bbox 287 4304 386 4350; x_wconf 83' lang='lat' dir='ltr'>everso</span> <span class='ocrx_word' id='word_1_398' title='bbox 409 4287 471 4348; x_wconf 77' lang='lat' dir='ltr'>net</span> <span class='ocrx_word' id='word_1_399' title='bbox 484 4299 577 4364; x_wconf 90' lang='lat' dir='ltr'>metu,</span> <span class='ocrx_word' id='word_1_400' title='bbox 607 4289 742 4351; x_wconf 84' lang='lat' dir='ltr'>exstincta</span> <span class='ocrx_word' id='word_1_401' title='bbox 765 4293 880 4354; x_wconf 86' lang='lat' dir='ltr'>rationis</span> <span class='ocrx_word' id='word_1_402' title='bbox 903 4293 982 4368; x_wconf 87' lang='lat' dir='ltr'>luce,</span> <span class='ocrx_word' id='word_1_403' title='bbox 1012 4292 1122 4372; x_wconf 83' lang='lat' dir='ltr'>pudone</span> <span class='ocrx_word' id='word_1_404' title='bbox 1144 4289 1230 4349; x_wconf 86' lang='lat' dir='ltr'>etiam</span> <span class='ocrx_word' id='word_1_405' title='bbox 1250 4308 1301 4348; x_wconf 84' lang='lat' dir='ltr'>cx-</span> 
     </span>
    </p>
   </div>
   <div class='ocr_carea' id='block_1_6' title="bbox 0 0 1420 4772">
    <p class='ocr_par' dir='ltr' id='par_1_9' title="bbox 0 0 1420 4772">
     <span class='ocr_line' id='line_1_43' title="bbox 0 0 1420 4772; baseline 0 3"><span class='ocrx_word' id='word_1_406' title='bbox 0 0 1420 4772; x_wconf 95' lang='lat' dir='ltr'> </span> 
     </span>
    </p>
   </div>
  </div>
 </body>
</html>
