2796 4774
175 187 238 260 tet·
391 186 502 252 SEGP.
521 185 601 246 xtx.
639 197 765 248 cutum
784 198 897 246 resero
917 201 957 244 rr
977 199 1071 248 nous.

178 345 299 427 primum
318 327 508 410 reeon'miiati,
528 335 578 416 pio
598 347 677 398 sanct
717 355 752 395 ue
771 349 989 426 consecuntur
1007 333 1042 396 sd
1059 334 1212 396 colendam
1230 335 1319 394 iusti-

178 423 245 482 tiam
264 419 391 480 iuvemus
409 413 456 478 atis·
473 412 553 490 alios,
570 423 634 473 tum
652 423 685 474 ut
746 422 832 472 ternus
851 411 952 474 officiis
971 424 1001 474 et
1019 423 1115 472 nunu
1133 411 1321 472 humanitate

179 507 329 564 conmitti

263 755 366 840 (iffi.)
408 754 577 823 MATTtt
604 751 732 820 xxvtt.
783 749 834 816 15.
860 751 896 816 Iu
922 751 1005 818 iesto
1035 761 1140 818 autern
1170 771 1319 816 consue-

181 871 268 928 verat
289 861 437 939 Praeses,
462 857 574 924 tudine
596 853 751 922 dimittere
772 876 870 920 unum
890 856 1043 934 vinctum,
1071 877 1165 942 quem
1188 853 1319 918 voluis·

182 973 262 1038 seut
284 959 517 1030 retrahebant
537 967 641 1024 eutem
663 967 739 1022 tunc
759 959 898 1024 vinctum
918 961 1083 1046 insignem,
1105 959 1160 1044 qui
1183 954 1320 1022 diceba-

182 1077 235 1132 tur
254 1061 431 1134 Berebbss.
455 1062 507 1126 17.
527 1060 736 1148 cougregatis
759 1081 836 1145 ergo
858 1059 920 1126 iliis
943 1059 1021 1126 dixit
1041 1059 1170 1138 Pilatus,
1195 1061 1316 1124 Utrum

182 1167 280 1234 vultis
316 1167 467 1234 dimittam
501 1163 611 1239 vobis,
652 1159 844 1241 Berebbam,
883 1183 925 1228 an
950 1164 1068 1240 lesum,
1104 1163 1161 1248 qui
1194 1159 1317 1226 dicitur

184 1271 353 1340 Christum?
396 1267 446 1334 18.
470 1265 598 1332 Sciebat
624 1266 722 1342 enim,
757 1263 848 1351 quod
873 1275 1008 1352 propter
1031 1264 1185 1334 invidiam
1210 1264 1314 1330 uadi*

184 1372 308 1440 dissent
329 1391 409 1438 eum.
453 1370 504 1434 lo.
526 1367 666 1434 Sedente
688 1377 792 1434 autern
813 1366 870 1432 illo
892 1389 951 1456 pro
973 1365 1138 1446 tribunali,
1160 1367 1246 1430 misit
1267 1364 1312 1430 cd

183 1497 256 1544 cum
278 1495 358 1540 uxor
379 1473 463 1548 eius,
485 1469 604 1549 diceus,
624 1469 714 1536 Nihil
731 1468 790 1535 tibi
809 1489 881 1536 com
900 1472 986 1536 iusto
1008 1469 1080 1534 illo:
1102 1465 1203 1532 multa
1224 1471 1312 1534 euim

128 1605 136 1622 ·
182 1598 279 1666 passu
299 1595 369 1642 sum
389 1569 487 1638 hodie
508 1595 566 1662 per
587 1575 746 1640 sumtuum
767 1583 899 1660 propter
931 1593 1011 1636 eum.
1060 1572 1113 1636 20.
1140 1571 1313 1657 Principes

184 1689 289 1746 eutem
311 1673 511 1742 secerdotum
539 1685 572 1740 et
598 1679 741 1742 seniores
764 1664 997 1762 persuaserunt¹
1012 1672 1127 1750 turbis,
1164 1684 1202 1738 ut
1223 1685 1313 1760 pete·

183 1789 255 1848 rent
275 1775 470 1854 Barabban,
496 1777 602 1842 Iesum
623 1798 702 1842 veru
723 1777 903 1864 perderent.
945 1777 996 1842 21.
1019 1774 1233 1863 Respondeas
1254 1799 1313 1842 su-

184 1893 247 1948 tem
269 1879 402 1942 Praeses
428 1879 472 1941 nit
498 1875 580 1953 iltis,
615 1877 730 1942 Utrum
762 1866 867 1948 vultis
886 1877 982 1950 vobis
1007 1903 1025 1944 e
1047 1876 1174 1944 duobus
1208 1879 1314 1944 dimit·

83 2007 97 2039 c
183 1983 264 2049 tarni
305 1978 349 2042 tt
373 1975 421 2042 ilii
450 1975 607 2070 dixerunt,
639 1977 830 2074 Barsbbam.
878 1982 929 2048 22
960 1983 1046 2048 Dixit
1080 1981 1143 2046 iilis
1175 1981 1308 2060 Pilatus,

185 2079 276 2171 Quid
301 2081 397 2167 igitur
423 2078 537 2146 faciam
561 2081 649 2160 Iesu,
685 2083 742 2168 qui
773 2082 889 2150 elicitur
924 2081 1087 2150 Christus?
1129 2083 1253 2151 Dicunt
1281 2087 1310 2150 ei

185 2205 312 2264 omuet,
344 2182 569 2270 crucifigatur.
634 2183 687 2249 to.
712 2184 847 2252 Praeses
879 2195 982 2280 eutem
1012 2189 1066 2266 eit,
1080 2195 1085 2202 “
1099 2185 1190 2272 Quid
1226 2190 1308 2254 euin
1370 2207 1371 2214 ¹

184 2288 259 2356 maii
279 2286 374 2356 ieoiti
401 2287 446 2353 At
466 2285 515 2379 itti
535 2287 635 2376 magis
657 2285 850 2367 clamabant,
872 2286 1022 2372 dicentes,
1043 2287 1266 2376 Crucifigatur.
1300 2365 1306 2373 .
1370 2319 1371 2330 ¹

137 2465 140 2472 “
188 2535 195 2548 ,
268 2455 410 2528 MARC.
422 2459 496 2526 XV.
518 2457 549 2554 6.
573 2457 744 2526 Caeterum
765 2461 799 2525 iu
822 2458 903 2528 festo
926 2457 1103 2534 dimittebat
1122 2458 1185 2526 illis
1209 2483 1305 2526 unum
1369 2529 1370 2538 ,

184 2562 340 2638 vinctum,
368 2551 593 2646 quemcunque
614 2561 836 2648 desudassent.
880 2563 910 2627 7.
932 2561 1149 2639 Erutautem,
1181 2567 1239 2651 qui
1260 2563 1307 2628 di-

184 2657 318 2723 cebatur
337 2658 517 2738 Berabbas,
545 2661 602 2747 qui
624 2683 695 2728 cum
716 2663 885 2731 seditionis
907 2665 1091 2750 auctoribus
1113 2665 1217 2731 iuerat
1237 2668 1305 2731 viu-

183 2769 265 2839 ctus,
292 2758 347 2846 qui
374 2781 432 2847 per
457 2759 648 2828 seditionem
677 2763 806 2834 caedem
833 2776 1040 2854 petraversnt.
1081 2769 1122 2834 ,8.
1143 2767 1186 2833 Et
1207 2791 1303 2855 quum
1368 2781 1369 2825 t

97 2917 101 2928 .
182 2861 350 2930 clamasset
373 2857 482 2941 turba,
513 2867 620 2950 coepit
641 2865 796 2954 flagitare,
830 2869 1094 2958 quemadmodum
1116 2889 1240 2958 semper
1259 2871 1304 2935 ie·

182 2973 270 3060 cerat
290 2965 381 3052 ipsis.
423 2964 454 3028 9.
477 2941 597 3069 Piietus
625 2979 730 3034 eutem
756 2969 924 3060 respoudit
945 2971 1020 3052 iliis,
1054 2971 1176 3052 diceus,
1196 2971 1301 3038 Vultis

56 3060 63 3074 ‘
181 3061 336 3132 dimittam
355 3063 450 3134 vohis
471 3065 590 3152 Regem
612 3069 826 3153 iudaeorumi
866 3073 1186 3164 10.Scieb3fflim,
1213 3073 1299 3160 quod

180 3176 316 3249 propter
334 3167 487 3249 invidiam
507 3173 670 3259 principes
692 3174 893 3242 secerdotum
908 3173 1000 3242 diurn
1019 3167 1232 3242 tradidissent
1251 3177 1298 3240 11.

59 3275 71 3288 ‘
181 3263 344 3352 Principes
371 3273 450 3338 vero
477 3273 677 3342 secerdotum
700 3280 942 3358 concitaverunt
967 3273 1174 3356 turbemput
1195 3279 1297 3366 liutius

178 3361 361 3433 Barebham
383 3371 554 3440 dimitteret
573 3379 662 3461 ipsis.
701 3381 752 3443 12.
775 3381 994 3472 Pilatusvero
1015 3373 1213 3467 respondens
1234 3402 1298 3446 mr·

179 3483 250 3530 sum
272 3462 352 3530 dixit
372 3471 451 3548 illis,
480 3475 592 3558 ¹Quid·
609 3480 704 3564 igitur
727 3481 823 3546 vultis
846 3481 958 3548 iscium
988 3484 1031 3561 ei,
1075 3503 1168 3568 quern
1199 3479 1296 3548 diciiis
1365 3511 1366 3528 π

178 3566 299 3654 Regem
309 3567 529 3636 iudaeorum?
573 3575 623 3644 13.
647 3585 688 3646 At
708 3581 757 3648 illi
774 3568 905 3653 ¹rursum
928 3583 1155 3658 clarnaveruut,
1188 3582 1295 3650 Cruci-

177 3665 241 3752 fige
262 3689 345 3734 eum
388 3671 439 3736 lt.
461 3671 582 3741 Pilatus
604 3701 682 3750 vero
704 3683 829 3750 dicebat
850 3687 909 3764 eis,
943 3684 1031 3770 Quid
1053 3687 1137 3750 euim
1159 3684 1234 3752 mali
1253 3683 1296 3751 ie-
1364 3709 1365 3771 t

178 3769 238 3835 citt
278 3769 391 3837 Atilii
413 3771 633 3891 vehementius(
651 3781 880 3868 clamaverunt,
903 3770 1063 3876 Crucifige
1085 3807 1166 3870 cum.

260 3937 361 4008 LUC.
381 3933 496 4010 xxtir.
539 3945 591 4012 13.
614 3947 734 4019 Pilatus
763 3971 873 4036 vero,
891 3941 1076 4050 convocatis
1098 3945 1291 4047 principibus
1361 3861 1364 4010 i

173 4036 377 4153 secerdotum
398 4067 436 4110 ac
447 4045 681 4133 magistratibus
702 4067 735 4122 et
754 4058 936 4144 plebe-lt.
958 4061 1049 4144 Dixit
1060 4059 1102 4126 ad
1121 4059 1207 4140 illos,
1228 4057 1290 4126 Ob·

67 4183 70 4188 .
115 4148 119 4154 ’
173 4133 290 4202 tulistis
311 4144 390 4248 mihi
410 4147 496 4212 huuc
523 4145 694 4234 homiuem,
733 4164 826 4245 quasi
848 4168 1040 4244 avertentem
1061 4162 1228 4250 populum:
1261 4169 1290 4226 et

124 4293 130 4311 ,
172 4245 260 4307 θοοῦ»
291 4257 352 4323 ego
373 4245 482 4359 coium
511 4249 604 4320 vohis
624 4255 838 4348 interrogans,
875 4261 999 4328 nullum
1022 4267 1142 4330 crimen
1160 4251 1286 4340 invenio
1360 4259 1362 4340 ζ

1358 4353 1362 4482 i

425 4525 428 4529 ,
1054 4523 1361 4710 ,ψ
