2790 4764
374 167 378 172 ’
425 209 606 290 <ras-uo.
644 209 720 272 rue
738 207 923 319 tanueng
1169 212 1240 278 ras·

102 385 163 426 mus
182 363 309 440 obnoxii,
333 362 470 446 praesidio
492 373 587 424 tamen
609 383 661 424 suo
680 383 733 425 nos
750 374 860 424 tuetur:
888 362 1052 446 praesertim
1071 364 1127 424 sir
1163 377 1225 426 uta-

102 464 178 516 mus‚
203 453 303 520 qrnnta
321 461 375 500 nos
391 440 526 522 perdendi
544 439 676 533 cupidine
694 439 797 534 flagret
813 438 899 502 bustis
917 453 1024 502 noster.
1078 441 1136 502 Sed
1174 463 1235 504 aen

72 531 82 566 t
103 539 160 597 quo
201 538 217 576 e
235 517 386 580 consolatio
405 517 501 580 venire
523 516 605 578 nobs
624 517 710 578 debet
728 537 758 578 m
776 529 916 592 mentem,
941 516 1084 578 Christum
1107 519 1142 580 ad
1164 519 1224 581 ire-

102 615 160 652 nan
180 615 223 653 am
242 593 299 654 eius
318 592 422 654 rabiem
439 591 557 668 venisse,
576 615 609 654 ac
628 593 693 654 ideo
712 613 765 652 nos
784 592 860 654 inter
877 605 923 654 tot
937 593 1096 655 discrimina
1108 615 1224 656 manere

102 669 269 744 incolumes,
293 670 355 750 qnia
377 668 454 732 malis
476 669 582 732 nostris
604 669 733 750 superior
756 670 798 730 est
820 670 949 732 coelestis
973 671 1123 736 medicina,
1158 673 1224 732 Huc

105 756 135 805 et
153 747 290 827 temporis.
301 745 506 806 circumstantia
522 745 643 806 ar'eedit:
669 768 714 807 res
736 746 822 806 ondet
842 758 935 827 pater,
958 767 973 806 a
996 748 1115 828 pueritia
1136 747 1223 810 filium

90 826 183 882 'suum
206 837 261 884 tam
283 821 385 884 misere
408 820 495 884 fuisse
517 821 662 882 afflictum.
704 765 737 883 ii
759 833 869 882 tantum
891 820 1020 884 licentiae
1042 823 1071 883 in
1095 837 1224 888 teneram

102 897 175 958 illam
198 899 339 960 aetatulam
361 900 482 960 Satanae
508 897 674 990 permissum
697 895 764 973 suit,
791 896 858 979 quid
880 897 964 959 nobis
985 919 1046 957 non
1066 900 1224 962 timendum

103 986 158 1050 est,
181 976 225 1056 qui
243 975 315 1037 vitiis
333 975 438 1036 nostris
456 973 574 1034 subinde
593 974 628 1034 ad
645 973 810 1053 mortiferos
830 972 902 1032 ictus
921 995 974 1034 nos
993 971 1152 1052 obiicimus,
1175 977 1224 1058 qui

19 1071 20 1078 ¹
102 1051 273 1134 suggerimus
291 1051 376 1112 etiam
394 1050 471 1110 hosti
488 1061 589 1110 nostro
606 1049 674 1124 tela,
691 1061 721 1110 et
738 1049 769 1110 in
788 1069 862 1130 qnos
877 1047 939 1110 iure
958 1051 1009 1110 suo
1026 1053 1144 1131 grassari
1155 1074 1224 1133 pos-

100 1139 154 1204 set,
173 1128 228 1189 nisi
246 1127 370 1190 mirabili
388 1126 445 1189 Dei
463 1125 591 1186 bonitate
610 1124 733 1190 cohibita
751 1125 856 1186 iaceret
875 1125 934 1186 eius
954 1125 1058 1186 libido?

170 1205 272 1268 Mattb.
297 1208 344 1268 lt.
397 1204 424 1264 0
447 1205 531 1262 natio
554 1203 716 1262 incredula.
767 1199 852 1276 Quart
873 1211 939 1264 uam
959 1201 1073 1262 ridetur
1097 1199 1226 1263 Christus
1313 1209 1320 1214 ’

19 1303 20 1358 g
96 1301 260 1353 sermonem
277 1280 401 1364 dirigere
423 1278 453 1340 in
471 1278 580 1362 patrem
597 1279 724 1352 lunatici,
748 1277 845 1338 nond
885 1277 941 1340 ium
961 1289 1057 1339 tamen
1076 1289 1131 1353 est,
1158 1279 1230 1358 quin.

96 1358 197 1419 scribas
218 1379 265 1418 res
288 1357 362 1432 iciat,
383 1355 465 1418 sicuti
483 1355 566 1436 paulo
585 1367 651 1416 ante
669 1354 762 1416 docui.
805 1354 878 1416 Nam
897 1367 1005 1414 certum
1024 1367 1074 1430 est,
1094 1373 1155 1414 non
1172 1354 1227 1416 ob-

95 1431 202 1516 iurgari
222 1379 308 1516 rudes
326 1453 358 1492 ac
377 1431 515 1507 infirmos,
538 1431 586 1492 sed
605 1431 653 1513 qui
672 1429 798 1513 impliciti
817 1429 846 1491 in
864 1451 913 1493 sua
932 1429 1033 1492 malitia
1053 1432 1228 1492 contumaci-

95 1521 140 1570 ter
153 1514 223 1572 Deo
248 1508 394 1569 resistunt:
422 1509 485 1568 ideo
504 1508 604 1592 dignos
623 1529 685 1569 esse
701 1521 786 1588 negat
800 1507 938 1584 Christos,
955 1522 1027 1590 quos
1046 1507 1163 1600 amplius
1180 1519 1239 1568 to-·

94 1584 179 1662 leret,
198 1605 287 1664 seque
306 1583 386 1644 brevi
405 1583 554 1646 divortium
574 1607 638 1646 cum
656 1584 709 1646 illis
727 1585 868 1647 iacturum
884 1585 1014 1644 minatur.
1042 1584 1118 1646 Nihrl
1132 1592 1228 1645 autem
1295 1623 1299 1630 «

95 1675 196 1743 potest
216 1660 344 1722 accidere
362 1661 496 1736 deterius,
513 1683 596 1754 quam
614 1671 647 1720 ut
664 1682 717 1723 uos
735 1663 853 1722 deserat
891 1663 961 1722 Non
978 1660 1046 1724 levis
1064 1673 1158 1722 autem
1178 1683 1227 1722 ex·
1264 1699 1266 1710 ι

94 1737 246 1820 probratio
266 1748 315 1811 est,
337 1738 412 1816 quud
429 1737 593 1800 visitationis
612 1756 678 1799 suae
698 1737 815 1822 gratiam
832 1751 888 1799 tam
906 1737 1027 1821 superbe
1046 1739 1246 1820 respuereot2‘

95 1815 146 1876 ubi
166 1815 253 1876 etiam
270 1814 424 1874 notandum
443 1825 494 1890 est,
511 1816 589 1878 varie
605 1816 765 1877 tractandos
780 1835 840 1876 esre
853 1815 981 1879 homines
994 1835 1048 1907 pro
1062 1837 1113 1876 suo
1129 1837 1228 1896 quem-

96 1913 152 1970 que
170 1889 299 1976 ingenio.
328 1892 400 1951 Nam
419 1913 506 1971 quum
524 1891 629 1953 dociles
647 1912 755 1954 summa
773 1890 944 1952 humanitate
962 1891 1070 1968 allrciat,
1091 1893 1228 1953 sustineat

28 2028 32 2037 ,
95 1967 234 2043 infirmos,
252 1966 346 2028 tardos
361 1966 443 2028 etiarn
456 1969 600 2030 moderate
613 1969 724 2044 excitet,
742 1967 875 2030 flexuosis
892 1969 952 2033 istis
971 1967 1147 2048 serpentibus
1167 1989 1228 2028 non

96 2045 203 2124 parcit,
228 2064 299 2125 quos
316 2043 396 2104 videt
412 2041 494 2104 nullis
512 2045 641 2106 remediis
659 2043 751 2106 sanari
765 2065 858 2126 posse.
1276 2101 1279 2128 ,

168 2123 264 2182 ⁴Marc.
283 2123 330 2182 20.
376 2121 475 2199 Ouum
493 2123 618 2180 uidisset
637 2120 739 2182 illum.'
777 2120 866 2196 Quod
883 2124 1005 2181 atrocius
1023 2119 1106 2181 solito
1124 2121 1156 2180 in
1173 2119 1229 2179 ho-

19 2225 20 2256 t
99 2195 207 2257 minem
224 2197 313 2260 saevit
330 2195 470 2271 diabolus,
493 2198 542 2258 ubi
566 2197 601 2256 ad
618 2195 763 2257 Christum
785 2197 939 2270 adducitur,
961 2197 1064 2256 mirum
1086 2216 1148 2254 non
1173 2207 1229 2256 est:

45 2343 47 2351 Α
98 2293 165 2332 nam
184 2293 239 2352 quo
258 2273 377 2352 propior
395 2272 511 2354 affulget
531 2271 637 2332 Christi
656 2271 760 2354 gratia,
784 2281 813 2330 et
831 2271 970 2330 efficacius
990 2271 1061 2352 agit,
1083 2291 1118 2329 eo
1138 2271 1231 2348 impu*

98 2349 205 2409 tentius
221 2349 293 2408 furit
311 2353 404 2409 Satan.
445 2347 550 2410 Christi
571 2347 660 2427 igitur
683 2345 839 2426 praesentia
862 2365 923 2405 non
945 2367 1026 2405 secus
1045 2366 1077 2404 ac
1098 2344 1158 2404 clau
1180 2365 1231 2404 ore
1250 2400 1252 2408 ,

98 2425 189 2484 tubae
211 2425 386 2498 accenditur,
415 2435 445 2483 et
469 2443 651 2504 quoscunque
678 2431 775 2502 potest
801 2419 936 2480 turnultus
964 2434 1075 2496 movet,
1104 2365 1232 2502 coniligit

99 2501 190 2560 etiam
214 2499 400 2588 quantumin
424 2519 454 2558 se
479 2510 529 2558 est.
568 2499 635 2556 Hoc
657 2509 725 2557 ante
743 2496 852 2576 tempus
874 2495 1037 2557 meditatum
1055 2481 1231 2558 nos‘babere

19 2633 20 2636 ,
100 2585 254 2646 convenit,
272 2594 309 2632 ne
329 2574 459 2634 turbetur
475 2573 543 2633 fides
562 2584 672 2648 nostra,
694 2571 803 2653 qubties
821 2573 856 2632 ad
874 2583 1003 2632 exortum
1023 2574 1127 2656 gratiae
1146 2573 1232 2636 Chri-

19 2689 20 2696 1
100 2650 140 2713 sti
159 2648 244 2710 solito
264 2648 414 2720 violentius
433 2649 552 2733 insurgit
569 2649 615 2709 hic
634 2660 734 2710 noster
752 2647 849 2710 bostis:
868 2650 925 2709 imo
941 2649 1013 2726 aliud
1026 2661 1169 2730 praeterea
1186 2663 1230 2712 te-

98 2727 229 2788 nendum
251 2735 302 2799 est,
321 2746 419 2786 verum
437 2739 552 2787 nostrae
570 2725 721 2808 sanationis
736 2725 846 2786 initium
865 2747 934 2801 esse,
953 2727 991 2786 ita
1009 2727 1121 2808 penitus
1139 2727 1235 2810 afiligi

98 2816 136 2865 ut
154 2803 302 2863 minianum
321 2824 337 2862 a
357 2803 608 2864 mortedistemus.
645 2803 728 2874 Adde
751 2803 827 2882 quod
851 2823 884 2864 ex
907 2801 1014 2864 furioso
1033 2805 1153 2865 Satanae
1174 2807 1231 2863 irn-

98 2892 171 2962 petu
193 2879 333 2940 Dominus
361 2880 395 2939 ad
421 2879 608 2947 illustrandam
628 2889 709 2944 uram
734 2880 852 2960 gratiam
879 2879 970 2956 secem
994 2882 1136 2948 accendit:
1164 2901 1231 2940 nam

100 2957 189 3038 quum
206 2955 335 3016 horribili
357 2955 405 3016 illo
428 2956 586 3038 spectaculo
610 2955 725 3024 attoniti
744 2956 860 3017 fuissent
877 2957 1020 3032 homines,
1043 2957 1109 3017 inde
1132 2955 1232 3024 melius

99 3043 250 3116 perspecta
267 3032 320 3092 illis
339 3033 407 3108 fuit,
426 3051 497 3114 quae
515 3054 583 3094 mox
600 3045 717 3112 sequuta
736 3045 790 3107 est,
810 3033 915 3094 Christi
933 3033 1031 3092 virtus.

115 3117 116 3120 ’
178 3111 226 3170 21.
274 3111 302 3167 Α
322 3131 423 3187 puero
470 3109 547 3170 Hine
572 3109 744 3200 colligimus,
772 3130 834 3169 non·
855 3109 942 3170 fuisse
958 3107 1084 3244 peccatis
1108 3107 1231 3169 bominis

99 3186 175 3246 barre
198 3206 320 3266 poenam
343 3186 492 3263 inflictam,
516 3187 566 3247 sed
588 3207 721 3246 arcanum
742 3185 827 3246 luisse
850 3187 906 3246 Dei
927 3185 957 3243 iu
978 3184 1068 3245 icium.
1113 3185 1231 3246 Certum
1287 3233 1289 3238 ,

79 3283 82 3288 ·
101 3259 215 3342 quidem
235 3275 285 3337 est,
305 3282 342 3322 ne
360 3261 481 3323 infantes
497 3263 618 3342 quidem,
637 3261 802 3343 simulatque
822 3261 927 3346 egressi
947 3271 1013 3320 sunt
1026 3282 1060 3320 ex
1073 3271 1166 3335 utero,
1185 3261 1231 3320 in-

101 3350 199 3399 sontes
223 3359 318 3398 coram
341 3339 405 3399 Deo
431 3349 461 3410 et
482 3351 562 3398 reatu
579 3337 690 3398 solutos
714 3355 787 3415 esse„
811 3341 860 3399 sed
878 3336 934 3398 Dei
958 3337 1065 3418 flagella
1088 3331 1248 3406 interdum
1322 3341 1325 3346 ’

102 3415 228 3474 occultas
241 3413 346 3475 habent
357 3419 462 3490 vcausas,
476 3416 559 3496 idque
572 3415 606 3474 ad
619 3415 791 3495 probandam
805 3426 930 3477 nostram
944 3407 1140 3475 obedientiam.
1169 3418 1231 3476 Ne·

102 3511 159 3569 que
178 3489 253 3550 enim
272 3490 351 3551 aliter
369 3492 471 3552 iustum
490 3491 641 3552 deferimus
659 3492 799 3552 honorem
816 3493 897 3564 Deo,
923 3511 1004 3571 quam
1024 3488 1046 3552 si
1065 3505 1232 3553 reverenter

102 3578 133 3625 et
155 3568 284 3628 modeste
305 3569 452 3628 adoramus
475 3569 534 3628 eius
557 3568 702 3641 iustitiam,
725 3569 792 3628 dum
815 3567 897 3629 nobis
922 3579 965 3627 est
987 3569 1160 3630 abscondita.
1199 3569 1231 3625 st

101 3641 164 3720 quis
182 3642 235 3702 bac
254 3644 289 3704 de
307 3664 339 3704 re
357 3644 438 3724 plura
456 3637 582 3725 appetat,
605 3655 704 3726 petere
727 3643 823 3704 beabit
847 3665 881 3703 ex
904 3663 982 3705 nono
1006 3647 1098 3728 capite
1116 3645 1232 3706 Ioannis

20 3729 21 3732 ’
100 3717 132 3777 in
151 3717 246 3778 locum
263 3718 349 3794 illum,
365 3723 464 3800 Neque
483 3719 611 3802 peccavit
629 3719 682 3796 hic,
702 3741 795 3799 neque
812 3710 942 3800 parenteh
962 3721 1021 3784 eius
1245 3725 1256 3734 “

19 3837 20 3866 3
178 3797 226 3856 22.
268 3796 306 3856 Si
329 3799 404 3874 quid
421 3808 520 3874 potes,
541 3797 670 3856 subveni.
713 3797 861 3870 Videmus,
886 3819 969 3878 quam
992 3819 1090 3880 parum
1114 3791 1231 3854 honoris

101 3871 208 3932 tribuat
229 3869 356 3932 Christo:
382 3873 554 3953 Prophetam
573 3874 653 3933 enim
668 3873 827 3954 quempiam
845 3894 903 3935 esse
921 3887 1035 3956 putans,
1058 3873 1135 3933 cuius
1153 3867 1231 3928 finita

102 3947 139 4008 sit
158 3945 287 4022 sacrrltas,
310 3947 411 4024 dubius
434 3949 468 4008 ad
492 3971 556 4008 eum
580 3950 696 4010 accedit.
735 3949 823 4030 Atqui
841 3951 963 4032 primum
981 3949 1046 4009 fidei
1059 3946 1231 4028 fundamen·

19 4073 20 4080 a
102 4034 163 4086 tum
183 4036 235 4098 est,
254 4024 417 4083 immensam
436 4025 493 4084 Dei
511 4026 665 4116 potentiam
684 4025 827 4106 amplecti:
850 4027 957 4107 primus
977 4026 1060 4084 etiam
1079 4023 1113 4080 ad
1131 4039 1230 4100 preces

19 4149 20 4184 3
102 4098 244 4184 ingressus
263 4111 319 4175 est,
341 4121 371 4158 su
394 4087 433 4165 mr
444 4121 538 4162 omma
556 4101 699 4163 obstacula
717 4103 834 4162 eandem
852 4101 992 4174 attollere,
1012 4111 1045 4156 ut
1064 4107 1149 4156 certo
1163 4116 1231 4184 per-

103 4176 174 4237 suasi
193 4175 278 4237 simus
297 4195 357 4234 non
372 4120 479 4238 irustra
497 4198 555 4244 nos
568 4179 685 4259 precari.
717 4177 792 4252 Quia
808 4189 902 4236 autem
920 4195 981 4232 non
999 4173 1053 4257 nisi
1071 4171 1229 4229 humanatus

103 4251 138 4312 de
158 4251 275 4314 Christo
295 4251 498 4312 sentiebat‘bic
516 4252 619 4327 homo,
640 4252 707 4314 falsa
727 4254 786 4311 eius
803 4251 900 4330 opinio
920 4246 1084 4322 corrigatur:
1115 4243 1230 4303 formari

19 4401 21 4420 Ι
104 4327 181 4390 euim
196 4329 255 4392 eius
272 4327 356 4390 fidem
376 4328 517 4410 oportuit,
542 4341 574 4388 ut
592 4340 705 4409 optatae
723 4325 830 4410 gratiae
849 4340 933 4397 capax
957 4329 985 4375 et
1004 4333 1121 4396 cmpos
1140 4318 1228 4378 fieret·

1118 4611 1127 4655 t
