2830 4772
322 233 402 313 (lat.
439 231 542 306 „Unus
559 237 684 291 vestrum
701 247 748 290 rue
766 227 928 310 proditurus
948 231 1052 310 att).
1184 237 1241 302 Μ

75 457 80 465 ,
162 379 294 466 riso>
320 381 497 450 murra
530 381 646 448 xxvi.
699 361 752 448 br.
783 381 826 448 st
859 381 1028 452 edentibus
1059 378 1124 453 uns
1155 383 1242 468 aare

90 490 212 581 ¹Aaron
238 487 312 576 dico
341 484 449 580 robis,
484 483 573 573 quod
599 507 683 554 unus
710 473 852 562 vestrum
887 507 937 552 me
963 487 1152 578 proditurus
1182 499 1240 558 est.

107 594 162 660 m.
182 593 226 658 Et
247 590 364 657 moesti
384 587 501 654 redditi
520 587 724 654 rebernenter
736 599 911 674 coeperunt
926 587 1049 676 'singuli
1071 589 1178 658 dicere
1200 596 1240 674 ei,

107 693 279 782 Numquid
293 711 355 780 ego
375 711 454 771 sum,
474 689 633 756 Domine?
654 689 708 754 23.
721 691 764 756 At
783 692 854 778 ipse
874 694 1075 780 respondens
1096 698 1148 780 ait,
1170 695 1240 786 Qui

5 793 7 798 ’
106 783 235 881 intinxit
255 816 378 869 mecum
399 815 525 860 manum
546 795 581 858 iu
602 794 724 880 patina,
745 789 798 856 bic
818 811 869 870 me
889 795 1076 882 proditurus
1097 809 1154 866 est.
1183 800 1261 884 nt,

105 900 213 970 Filius
234 897 364 987 quidem
386 895 524 962 bominis
544 894 647 976 vadit,
669 897 752 961 sicut
774 895 928 982 scriptum
949 907 998 964 est
1018 897 1059 964 de
1078 900 1151 968 illo:
1177 925 1239 972 rae

106 1015 212 1072 eutem
233 1003 355 1068 bomini
375 997 439 1078 illi,
461 1019 521 1086 per
542 1019 637 1086 quem
647 997 751 1064 Filius
772 996 910 1063 bominis
931 997 1089 1087 proditur.
1110 1003 1240 1070 Bonum
1292 1060 1296 1066 .

108 1117 177 1176 erut
199 1107 242 1184 ei,
264 1105 407 1172 sinatus
429 1121 497 1168 non
519 1100 631 1167 fuisset
651 1100 750 1168 bomo
772 1099 837 1166 ille.
872 1099 926 1166 25.
946 1101 1159 1190 Respondeas
1183 1125 1239 1172 au-

106 1208 287 1300 temludas,
308 1207 366 1294 qui
378 1201 512 1271 tradidit
532 1223 613 1285 enm,
634 1201 720 1284 dixit,
741 1199 908 1290 Numquid
929 1224 991 1300 ego
1013 1225 1093 1286 sum,
1113 1203 1239 1276 uetuit

105 1315 199 1381 Dixit
219 1313 266 1392 ei,
287 1310 342 1376 Tu
363 1305 478 1374 dixisti.
1167 1295 1168 1304 ¹

191 1501 334 1580 MARC.
356 1501 442 1568 XIV.
485 1498 536 1568 1⁸.
558 1499 600 1565 Et
621 1495 901 1566 discumbentibus
922 1498 988 1568 illis
1001 1524 1039 1568 ac
1060 1501 1239 1587 edentibus,

107 1611 186 1682 dixit
202 1611 307 1686 Iesus,
339 1605 436 1676 Unus
457 1623 496 1669 ex
516 1601 612 1670 vobit
634 1624 684 1669 me
703 1601 894 1695 proditurus
915 1613 976 1686 cst,
1009 1608 1065 1692 qui
1088 1607 1155 1674 edit
1174 1627 1240 1676 mo·

106 1694 188 1786 cum.
210 1706 262 1776 19.
283 1709 328 1774 At
349 1705 399 1772 illi
411 1693 586 1795 coeperunt
607 1725 758 1772 moerore
785 1703 878 1786 attici,
907 1716 939 1773 et
959 1712 1096 1795 quisquo
1125 1731 1238 1778 eorum

106 1819 138 1884 ei
159 1814 280 1892 dicere,
301 1811 491 1913 Numl'egoi’
531 1809 574 1874 Et
594 1807 690 1890 alius,
712 1807 808 1882 sNum
831 1813 910 1897 egoi
934 1810 987 1880 20.
1008 1809 1068 1877 me
1087 1833 1166 1882 sero
1187 1833 1240 1880 re-

105 1915 269 2007 spondens
291 1913 371 1980 dixit
392 1913 466 1994 iliis,
487 1913 583 1979 Unus
605 1909 813 1992 eduodecim,
835 1913 892 1999 qui
911 1912 1038 2000 intingit
1058 1935 1182 1982 mecum
1203 1919 1239 1984 ia

103 2024 251 2110 potinum.
272 2015 326 2082 21.
346 2017 449 2084 Filius
470 2015 601 2106 quidem
621 2015 759 2081 bominis
779 2013 880 2094 vadit,
908 2017 991 2082 sicut
1012 2019 1166 2106 scriptum
1189 2028 1239 2086 cst

106 2125 148 2192 de
169 2122 240 2190 illos
261 2119 319 2186 sed
339 2142 400 2186 voe
420 2120 544 2186 bomini
565 2117 627 2196 illi,
648 2139 707 2206 per
727 2138 823 2204 quem
843 2115 944 2184 Filius
965 2119 1106 2188 bominis
1125 2120 1238 2210 prodi.

104 2239 166 2295 tur.
186 2225 315 2294 Bonum
337 2231 405 2289 crat
424 2223 467 2302 ei,
489 2223 625 2287 sinatus
650 2239 719 2286 nou
742 2218 856 2286 inisset
874 2219 976 2314 bomo
997 2221 1063 2290 ille.

120 2400 123 2405 .
187 2427 289 2497 LUC.
320 2427 417 2493 xxti.
461 2425 512 2490 15.
534 2423 577 2492 Et
597 2425 643 2490 ait
663 2421 744 2503 illis,
770 2421 945 2494 Desiderio
973 2423 1154 2493 desideravi
1174 2393 1239 2494 boc

7 2527 8 2532 ’
104 2533 227 2598 Pascha
249 2527 418 2596 comedere
439 2526 625 2624 vobiscum,
646 2529 817 2622 autequam
837 2529 948 2614 patiar.
971 2528 1022 2594 16.
1043 2525 1129 2596 Dico
1152 2532 1239 2600 euim

90 2631 214 2712 ¹vobis,
242 2632 383 2699 Posthac
401 2651 469 2696 non
490 2627 586 2700 edam
603 2627 687 2694 ultra
709 2648 748 2692 ex
767 2648 822 2707 eo,
860 2627 966 2696 douec
986 2633 1184 2720 compleatur
1202 2635 1239 2703 iu

105 2757 206 2824 regno
220 2735 295 2802 Dei.
316 2735 376 2818 (Et
392 2735 492 2818 punto
508 2733 609 2816 post.)
629 2730 683 2796 at.
698 2731 916 2798 Veruntamen
932 2753 1006 2800 ecce
1024 2757 1140 2824 monus
1160 2757 1239 2825 pru·

105 2838 210 2906 dentis
232 2859 284 2904 me
306 2857 429 2902 urceum
451 2843 499 2900 est
519 2837 554 2900 iu
574 2854 699 2909 mensa,
725 2832 841 2906 22.,Et
861 2834 963 2902 Filius
985 2838 1114 2928 quidem
1135 2837 1238 2906 bomi-

105 2942 170 3019 nis,
191 2938 369 3024 secuudum
391 2936 482 3026 quod
504 2934 669 3004 definitum
685 3021 688 3026 Ι
702 2945 765 3017 est,
800 2936 900 3004 vadit:
935 2951 1144 3008 veruntamen
1176 2937 1238 3006 ise

105 3043 226 3110 bomini
246 3042 303 3122 illi,
323 3061 497 3133 perquem
517 3038 675 3128 proditur.
715 3038 769 3106 23.
790 3038 834 3107 Et
854 3041 918 3131 ipsi
940 3052 1117 3130 coeperunt
1138 3061 1237 3128 quas·

105 3167 176 3211 rere
202 3147 287 3214 iuter
312 3165 370 3226 sc,
407 3145 553 3232 quisnam
581 3150 667 3210 esset
699 3161 738 3208 ex
771 3143 878 3230 ipsis„
907 3145 965 3232 qui
995 3143 1060 3214 boc
1094 3141 1237 3214 facturus

106 3257 197 3316 esset.

183 3455 287 3554 minis
306 3496 355 3558 21.
396 3493 482 3555 Ursas
498 3501 631 3554 oestrum
649 3457 696 3551 me
710 3490 888 3570 prodituros
904 3500 961 3554 est.
1002 3491 1072 3568 Quo
1090 3489 1243 3577 perfidiam

106 3565 193 3630 Indae
211 3570 308 3630 reddat
326 3569 415 3661 magis
433 3567 642 3642 detestabilem,
664 3565 724 3660 ,bac
746 3567 957 3648 circumstantia
973 3567 1169 3665 iodigpimtem
1187 3589 1238 3630 au-

106 3642 1238 3802 11111111111111111111111111111

106 3817 183 3856 nnnc
205 3811 276 3858 vero
300 3817 389 3858 unum
413 3817 447 3858 ex
470 3797 573 3860 intimis
596 3798 653 3858 boc
683 3798 807 3934 Q
835 3797 894 3860 imo
919 3799 1003 3862 etism
1030 3799 1104 3860 inito
1127 3793 1238 3856 nefario

676 3894 709 3936 ae
728 3895 794 3955 prae

210 3871 241 3931 iu
259 3891 369 3934 sacrum
389 3873 550 3934 convivium
568 3871 673 3934 amiciti

106 3883 345 4029 biibtborteutum
365 3958 418 4010 est.
457 3949 529 4010 Ideo
547 3949 746 4029 apudbueam
764 3951 881 4032 ponitur
898 3951 1071 4015 adversative
1089 3943 1238 4028 particula.

105 4035 297 4088 ommam
314 4045 381 4086 ecee
398 4045 505 4084 monus
518 4027 672 4104 prodentis
689 4048 743 4088 me.
800 4027 862 4088 Etsi
880 4041 974 4090 autem
992 4035 1106 4108 peraeta
1124 4022 1238 4083 demum

108 4121 197 4162 coena
212 4101 277 4162 ,boe
303 4100 409 4163 Christi
433 4101 539 4163 dictum
562 4099 654 4164 Luca
680 4101 808 4179 subiicit,
842 4123 904 4164 uon
927 4113 1024 4186 potest
1048 4111 1143 4161 nemen
1171 4097 1239 4159 iuda

108 4188 185 4239 certa
204 4175 269 4238 coil'
291 4177 304 4238 i·
320 4177 458 4260 temporis
477 4176 576 4254 series,
600 4179 804 4260 qrmrnscimus
822 4197 906 4259 saepe
923 4181 958 4240 ab
978 4173 1166 4260 Evangelistis
1184 4194 1238 4236 ue-

107 4253 184 4346 gligi.
222 4255 280 4317 Pro
301 4253 374 4317 abile
392 4266 486 4316 mmeu
504 4274 566 4316 esse
588 4273 649 4314 nou
677 4255 889 4338 uego,·1udam
908 4255 1034 4331 affuisse,
1064 4272 1151 4333 quum
1170 4269 1237 4339 cor7

9 4415 10 4430 χ
106 4323 234 4412 pendet
249 4330 393 4416 sauguinis
410 4329 454 4396 sui
472 4329 600 4414 symbols
619 4330 749 4396 chromo
766 4330 823 4394 setis
840 4329 1031 4393 distribueret.
1164 4405 1169 4408 ,

973 4432 1035 4494 we*

807 3885 873 3935 extu
892 3895 923 3936 se
941 3876 1082 3961 ingerere,
1115 3867 1238 3930 incredi-
