<?xml version="1.0" encoding="UTF-8"?>
<!DOCTYPE html PUBLIC "-//W3C//DTD XHTML 1.0 Transitional//EN"
    "http://www.w3.org/TR/xhtml1/DTD/xhtml1-transitional.dtd">
<html xmlns="http://www.w3.org/1999/xhtml" xml:lang="en" lang="en">
 <head>
  <title>
</title>
<meta http-equiv="Content-Type" content="text/html;charset=utf-8" />
  <meta name='ocr-system' content='tesseract 3.04.00' />
  <meta name='ocr-capabilities' content='ocr_page ocr_carea ocr_par ocr_line ocrx_word'/>
</head>
<body>
  <div class='ocr_page' id='page_1' title='image "./novumtestamentu00calvgoog_0420.png"; bbox 0 0 2796 4774; ppageno 0'>
   <div class='ocr_carea' id='block_1_1' title="bbox 152 151 1242 301">
    <p class='ocr_par' dir='ltr' id='par_1_1' title="bbox 152 151 1242 301">
     <span class='ocr_line' id='line_1_1' title="bbox 152 151 1242 301; baseline 0.002 -37"><span class='ocrx_word' id='word_1_1' title='bbox 152 251 162 270; x_wconf 81' lang='grc'><strong>.,</strong></span> <span class='ocrx_word' id='word_1_2' title='bbox 258 287 260 292; x_wconf 67' lang='lat'><strong>,</strong></span> <span class='ocrx_word' id='word_1_3' title='bbox 323 211 390 292; x_wconf 77' lang='lat'><strong>(221</strong></span> <span class='ocrx_word' id='word_1_4' title='bbox 403 209 496 301; x_wconf 64' lang='lat'><strong>722.</strong></span> <span class='ocrx_word' id='word_1_5' title='bbox 537 203 667 300; x_wconf 80' lang='lat' dir='ltr'><strong>Christus</strong></span> <span class='ocrx_word' id='word_1_6' title='bbox 685 203 716 264; x_wconf 92' lang='lat' dir='ltr'><strong>in</strong></span> <span class='ocrx_word' id='word_1_7' title='bbox 736 201 847 266; x_wconf 90' lang='lat' dir='ltr'><strong>coelum</strong></span> <span class='ocrx_word' id='word_1_8' title='bbox 866 195 1057 282; x_wconf 64' lang='lat' dir='ltr'><strong>armannus),</strong></span> <span class='ocrx_word' id='word_1_9' title='bbox 1149 151 1153 172; x_wconf 47' lang='grc' dir='ltr'>Ι</span> <span class='ocrx_word' id='word_1_10' title='bbox 1185 206 1242 284; x_wconf 76' lang='lat' dir='ltr'><strong>tlt</strong></span> 
     </span>
    </p>
   </div>
   <div class='ocr_carea' id='block_1_2' title="bbox 52 323 1284 944">
    <p class='ocr_par' dir='ltr' id='par_1_2' title="bbox 52 323 1284 944">
     <span class='ocr_line' id='line_1_2' title="bbox 52 323 1244 444; baseline -0.008 -12"><span class='ocrx_word' id='word_1_11' title='bbox 52 384 71 432; x_wconf 76' lang='lat' dir='ltr'><strong>a</strong></span> <span class='ocrx_word' id='word_1_12' title='bbox 114 371 165 430; x_wconf 88' lang='lat' dir='ltr'><strong>est</strong></span> <span class='ocrx_word' id='word_1_13' title='bbox 185 364 246 442; x_wconf 88' lang='lat' dir='ltr'><strong>eis,</strong></span> <span class='ocrx_word' id='word_1_14' title='bbox 268 359 393 440; x_wconf 89' lang='lat' dir='ltr'><strong>dicens,</strong></span> <span class='ocrx_word' id='word_1_15' title='bbox 419 358 504 426; x_wconf 87' lang='lat' dir='ltr'><strong>Data</strong></span> <span class='ocrx_word' id='word_1_16' title='bbox 527 369 578 426; x_wconf 92' lang='lat' dir='ltr'><strong>est</strong></span> <span class='ocrx_word' id='word_1_17' title='bbox 590 323 674 426; x_wconf 81' lang='lat' dir='ltr'><strong>&#39;mihi</strong></span> <span class='ocrx_word' id='word_1_18' title='bbox 697 358 801 424; x_wconf 84' lang='lat' dir='ltr'><strong>omnia</strong></span> <span class='ocrx_word' id='word_1_19' title='bbox 822 365 965 444; x_wconf 86' lang='lat' dir='ltr'><strong>potestas</strong></span> <span class='ocrx_word' id='word_1_20' title='bbox 985 357 1019 422; x_wconf 87' lang='lat' dir='ltr'><strong>in</strong></span> <span class='ocrx_word' id='word_1_21' title='bbox 1041 354 1135 422; x_wconf 90' lang='lat' dir='ltr'><strong>coelo</strong></span> <span class='ocrx_word' id='word_1_22' title='bbox 1157 357 1244 422; x_wconf 88' lang='lat' dir='ltr'><strong>et-in</strong></span> 
     </span>
     <span class='ocr_line' id='line_1_3' title="bbox 112 457 1259 547; baseline -0.013 -16"><span class='ocrx_word' id='word_1_23' title='bbox 112 479 207 532; x_wconf 90' lang='lat' dir='ltr'><strong>terra.</strong></span> <span class='ocrx_word' id='word_1_24' title='bbox 252 466 490 531; x_wconf 67' lang='lat' dir='ltr'><strong>lueremus</strong></span> <span class='ocrx_word' id='word_1_25' title='bbox 519 481 595 546; x_wconf 74' lang='lat' dir='ltr'><strong>ergo</strong></span> <span class='ocrx_word' id='word_1_26' title='bbox 623 459 739 524; x_wconf 88' lang='lat' dir='ltr'><strong>docete</strong></span> <span class='ocrx_word' id='word_1_27' title='bbox 761 482 874 526; x_wconf 89' lang='lat' dir='ltr'><strong>omnes</strong></span> <span class='ocrx_word' id='word_1_28' title='bbox 896 468 1020 547; x_wconf 79' lang='lat' dir='ltr'>gentes,</span> <span class='ocrx_word' id='word_1_29' title='bbox 1045 457 1259 544; x_wconf 74' lang='lat' dir='ltr'><strong>baptizantes.</strong></span> 
     </span>
     <span class='ocr_line' id='line_1_4' title="bbox 92 550 1242 650; baseline -0.007 -16"><span class='ocrx_word' id='word_1_30' title='bbox 92 550 180 634; x_wconf 36' lang='lat' dir='ltr'><strong>&#39;eos&#39;</strong></span> <span class='ocrx_word' id='word_1_31' title='bbox 196 571 229 632; x_wconf 95' lang='lat' dir='ltr'><strong>in</strong></span> <span class='ocrx_word' id='word_1_32' title='bbox 252 565 498 634; x_wconf 87' lang='lat' dir='ltr'><strong>nominePatris</strong></span> <span class='ocrx_word' id='word_1_33' title='bbox 521 573 552 628; x_wconf 91' lang='lat' dir='ltr'><strong>et</strong></span> <span class='ocrx_word' id='word_1_34' title='bbox 566 561 641 626; x_wconf 89' lang='lat' dir='ltr'><strong>Filii</strong></span> <span class='ocrx_word' id='word_1_35' title='bbox 663 573 694 628; x_wconf 91' lang='lat' dir='ltr'><strong>et</strong></span> <span class='ocrx_word' id='word_1_36' title='bbox 705 563 843 650; x_wconf 89' lang='lat' dir='ltr'><strong>Spiritus</strong></span> <span class='ocrx_word' id='word_1_37' title='bbox 866 553 979 628; x_wconf 87' lang='lat' dir='ltr'><strong>sancti:</strong></span> <span class='ocrx_word' id='word_1_38' title='bbox 1014 561 1242 626; x_wconf 77' lang='lat' dir='ltr'><strong>20.Docentes</strong></span> 
     </span>
     <span class='ocr_line' id='line_1_5' title="bbox 116 649 1284 752; baseline -0.014 -14"><span class='ocrx_word' id='word_1_39' title='bbox 116 693 176 738; x_wconf 88' lang='lat' dir='ltr'><strong>ens</strong></span> <span class='ocrx_word' id='word_1_40' title='bbox 198 692 326 736; x_wconf 88' lang='lat' dir='ltr'><strong>servare</strong></span> <span class='ocrx_word' id='word_1_41' title='bbox 350 669 465 744; x_wconf 81' lang='lat' dir='ltr'><strong>omma,</strong></span> <span class='ocrx_word' id='word_1_42' title='bbox 488 650 699 752; x_wconf 86' lang='lat' dir='ltr'><strong>quaecunque</strong></span> <span class='ocrx_word' id='word_1_43' title='bbox 721 667 867 752; x_wconf 86' lang='lat' dir='ltr'><strong>praecepi</strong></span> <span class='ocrx_word' id='word_1_44' title='bbox 888 664 996 730; x_wconf 80' lang='lat' dir='ltr'><strong>vobis:</strong></span> <span class='ocrx_word' id='word_1_45' title='bbox 1026 649 1057 728; x_wconf 82' lang='lat' dir='ltr'><strong>et</strong></span> <span class='ocrx_word' id='word_1_46' title='bbox 1077 686 1159 742; x_wconf 91' lang='lat' dir='ltr'><strong>ecce,</strong></span> <span class='ocrx_word' id='word_1_47' title='bbox 1182 683 1243 748; x_wconf 77' lang='lat' dir='ltr'><strong>ego</strong></span> <span class='ocrx_word' id='word_1_48' title='bbox 1282 707 1284 722; x_wconf 84' lang='lat'><strong>.</strong></span> 
     </span>
     <span class='ocr_line' id='line_1_6' title="bbox 113 765 1245 856; baseline -0.005 -18"><span class='ocrx_word' id='word_1_49' title='bbox 113 773 285 839; x_wconf 60' lang='lat' dir='ltr'><strong>nobiscum</strong></span> <span class='ocrx_word' id='word_1_50' title='bbox 312 783 399 835; x_wconf 76' lang='lat' dir='ltr'><strong>sunr‘</strong></span> <span class='ocrx_word' id='word_1_51' title='bbox 416 768 566 836; x_wconf 86' lang='lat' dir='ltr'><strong>omnibus</strong></span> <span class='ocrx_word' id='word_1_52' title='bbox 593 765 709 833; x_wconf 88' lang='lat' dir='ltr'><strong>dicbus</strong></span> <span class='ocrx_word' id='word_1_53' title='bbox 735 789 839 856; x_wconf 91' lang='lat' dir='ltr'><strong>usque</strong></span> <span class='ocrx_word' id='word_1_54' title='bbox 869 765 911 833; x_wconf 88' lang='lat' dir='ltr'><strong>ad</strong></span> <span class='ocrx_word' id='word_1_55' title='bbox 937 767 1245 834; x_wconf 88' lang='lat' dir='ltr'><strong>consummationem</strong></span> 
     </span>
     <span class='ocr_line' id='line_1_7' title="bbox 114 873 1192 944; baseline -0.012 0"><span class='ocrx_word' id='word_1_56' title='bbox 114 875 245 944; x_wconf 91' lang='lat' dir='ltr'><strong>saeculi.</strong></span> <span class='ocrx_word' id='word_1_57' title='bbox 287 873 398 940; x_wconf 86' lang='lat' dir='ltr'><strong>Arnen.</strong></span> <span class='ocrx_word' id='word_1_58' title='bbox 1121 893 1125 898; x_wconf 95' lang='lat'>·</span> <span class='ocrx_word' id='word_1_59' title='bbox 1188 874 1192 882; x_wconf 89' lang='lat'><em>&#39;</em></span> 
     </span>
    </p>
   </div>
   <div class='ocr_carea' id='block_1_3' title="bbox 1 987 1331 1858">
    <p class='ocr_par' dir='ltr' id='par_1_3' title="bbox 309 987 593 1022">
     <span class='ocr_line' id='line_1_8' title="bbox 309 987 593 1022; baseline -0.004 1"><span class='ocrx_word' id='word_1_60' title='bbox 309 987 315 1014; x_wconf 79' lang='lat' dir='ltr'><strong>l</strong></span> <span class='ocrx_word' id='word_1_61' title='bbox 527 991 530 996; x_wconf 61' lang='lat'><strong><em>¹</em></strong></span> <span class='ocrx_word' id='word_1_62' title='bbox 588 1011 593 1022; x_wconf 87' lang='lat'><strong>.</strong></span> 
     </span>
    </p>

    <p class='ocr_par' dir='ltr' id='par_1_4' title="bbox 113 1039 1331 1560">
     <span class='ocr_line' id='line_1_9' title="bbox 198 1039 1248 1136; baseline -0.006 -8"><span class='ocrx_word' id='word_1_63' title='bbox 198 1061 339 1129; x_wconf 78' lang='lat' dir='ltr'><strong>Marc,</strong></span> <span class='ocrx_word' id='word_1_64' title='bbox 360 1039 446 1125; x_wconf 57' lang='lat' dir='ltr'><strong>xm.</strong></span> <span class='ocrx_word' id='word_1_65' title='bbox 491 1057 541 1122; x_wconf 86' lang='lat'><strong>15.</strong></span> <span class='ocrx_word' id='word_1_66' title='bbox 562 1058 605 1122; x_wconf 80' lang='lat' dir='ltr'><strong>nr</strong></span> <span class='ocrx_word' id='word_1_67' title='bbox 627 1057 705 1124; x_wconf 80' lang='lat' dir='ltr'><strong>anu</strong></span> <span class='ocrx_word' id='word_1_68' title='bbox 726 1059 787 1136; x_wconf 70' lang='lat' dir='ltr'><strong>ers,</strong></span> <span class='ocrx_word' id='word_1_69' title='bbox 814 1041 861 1124; x_wconf 71' lang='lat' dir='ltr'><strong>rte</strong></span> <span class='ocrx_word' id='word_1_70' title='bbox 881 1057 916 1122; x_wconf 80' lang='lat' dir='ltr'><strong>n</strong></span> <span class='ocrx_word' id='word_1_71' title='bbox 936 1049 1091 1124; x_wconf 74' lang='lat' dir='ltr'><strong>manuum</strong></span> <span class='ocrx_word' id='word_1_72' title='bbox 1113 1058 1248 1126; x_wconf 72' lang='lat' dir='ltr'><strong>univer.</strong></span> 
     </span>
     <span class='ocr_line' id='line_1_10' title="bbox 114 1157 1245 1250; baseline -0.007 -20"><span class='ocrx_word' id='word_1_73' title='bbox 114 1186 193 1240; x_wconf 86' lang='lat' dir='ltr'><strong>sum,</strong></span> <span class='ocrx_word' id='word_1_74' title='bbox 215 1175 246 1229; x_wconf 92' lang='lat' dir='ltr'><strong>et</strong></span> <span class='ocrx_word' id='word_1_75' title='bbox 268 1160 449 1250; x_wconf 90' lang='lat' dir='ltr'><strong>praedicate</strong></span> <span class='ocrx_word' id='word_1_76' title='bbox 466 1157 676 1244; x_wconf 84' lang='lat' dir='ltr'><strong>Evangelium</strong></span> <span class='ocrx_word' id='word_1_77' title='bbox 699 1161 787 1226; x_wconf 89' lang='lat' dir='ltr'><strong>om&#39;ni</strong></span> <span class='ocrx_word' id='word_1_78' title='bbox 808 1169 982 1224; x_wconf 71' lang='lat' dir='ltr'><strong>creaturae.</strong></span> <span class='ocrx_word' id='word_1_79' title='bbox 1019 1159 1070 1223; x_wconf 81' lang='lat'><strong>16.</strong></span> <span class='ocrx_word' id='word_1_80' title='bbox 1093 1157 1161 1244; x_wconf 84' lang='lat' dir='ltr'><strong>Qui</strong></span> <span class='ocrx_word' id='word_1_81' title='bbox 1175 1159 1245 1223; x_wconf 83' lang='lat' dir='ltr'><strong>cre-⁴</strong></span> 
     </span>
     <span class='ocr_line' id='line_1_11' title="bbox 115 1260 1245 1350; baseline -0.006 -18"><span class='ocrx_word' id='word_1_82' title='bbox 115 1265 235 1332; x_wconf 86' lang='lat' dir='ltr'><strong>diderit</strong></span> <span class='ocrx_word' id='word_1_83' title='bbox 257 1277 287 1330; x_wconf 90' lang='lat' dir='ltr'><strong>et</strong></span> <span class='ocrx_word' id='word_1_84' title='bbox 309 1265 492 1350; x_wconf 85' lang='lat' dir='ltr'><strong>baptizatus¹</strong></span> <span class='ocrx_word' id='word_1_85' title='bbox 508 1262 617 1340; x_wconf 89' lang='lat' dir='ltr'><strong>luerit,</strong></span> <span class='ocrx_word' id='word_1_86' title='bbox 646 1260 753 1327; x_wconf 90' lang='lat' dir='ltr'><strong>salvus</strong></span> <span class='ocrx_word' id='word_1_87' title='bbox 773 1263 844 1328; x_wconf 84' lang='lat' dir='ltr'><strong>erit:</strong></span> <span class='ocrx_word' id='word_1_88' title='bbox 872 1263 926 1348; x_wconf 92' lang='lat' dir='ltr'><strong>qui</strong></span> <span class='ocrx_word' id='word_1_89' title='bbox 949 1281 1030 1328; x_wconf 86' lang='lat' dir='ltr'><strong>vero</strong></span> <span class='ocrx_word' id='word_1_90' title='bbox 1052 1281 1120 1328; x_wconf 87' lang='lat' dir='ltr'><strong>nun</strong></span> <span class='ocrx_word' id='word_1_91' title='bbox 1141 1260 1245 1326; x_wconf 90' lang='lat' dir='ltr'><strong>oredi-</strong></span> 
     </span>
     <span class='ocr_line' id='line_1_12' title="bbox 115 1357 1331 1466; baseline -0.002 -32"><span class='ocrx_word' id='word_1_92' title='bbox 115 1368 214 1447; x_wconf 84' lang='lat' dir='ltr'><strong>derit,</strong></span> <span class='ocrx_word' id='word_1_93' title='bbox 237 1357 510 1432; x_wconf 64' lang='lat' dir='ltr'><strong>condemnabitur.</strong></span> <span class='ocrx_word' id='word_1_94' title='bbox 544 1363 605 1434; x_wconf 81' lang='lat'><strong>.17.</strong></span> <span class='ocrx_word' id='word_1_95' title='bbox 628 1365 731 1440; x_wconf 83' lang='lat' dir='ltr'><strong>Porro</strong></span> <span class='ocrx_word' id='word_1_96' title='bbox 753 1367 842 1451; x_wconf 81' lang='lat' dir='ltr'><strong>sigua</strong></span> <span class='ocrx_word' id='word_1_97' title='bbox 864 1385 936 1444; x_wconf 86' lang='lat' dir='ltr'><strong>eos,</strong></span> <span class='ocrx_word' id='word_1_98' title='bbox 962 1367 1019 1466; x_wconf 78' lang='lat' dir='ltr'><strong>qui</strong></span> <span class='ocrx_word' id='word_1_99' title='bbox 1040 1363 1245 1444; x_wconf 86' lang='lat' dir='ltr'><strong>crediderint,</strong></span> <span class='ocrx_word' id='word_1_100' title='bbox 1328 1427 1331 1432; x_wconf 89' lang='lat'><strong>.</strong></span> 
     </span>
     <span class='ocr_line' id='line_1_13' title="bbox 113 1466 1268 1560; baseline -0.006 -27"><span class='ocrx_word' id='word_1_101' title='bbox 113 1467 194 1533; x_wconf 90' lang='lat' dir='ltr'><strong>baec</strong></span> <span class='ocrx_word' id='word_1_102' title='bbox 216 1479 404 1554; x_wconf 89' lang='lat' dir='ltr'><strong>sequentur,</strong></span> <span class='ocrx_word' id='word_1_103' title='bbox 426 1467 488 1532; x_wconf 90' lang='lat' dir='ltr'><strong>Per</strong></span> <span class='ocrx_word' id='word_1_104' title='bbox 509 1487 628 1532; x_wconf 89' lang='lat' dir='ltr'><strong>nornen</strong></span> <span class='ocrx_word' id='word_1_105' title='bbox 650 1487 754 1532; x_wconf 88' lang='lat' dir='ltr'><strong>meum</strong></span> <span class='ocrx_word' id='word_1_106' title='bbox 777 1466 944 1532; x_wconf 88' lang='lat' dir='ltr'><strong>daemonia</strong></span> <span class='ocrx_word' id='word_1_107' title='bbox 966 1470 1106 1546; x_wconf 87' lang='lat' dir='ltr'><strong>eiicient:</strong></span> <span class='ocrx_word' id='word_1_108' title='bbox 1127 1466 1268 1560; x_wconf 71' lang='lat' dir='ltr'><strong>linguis.</strong></span> 
     </span>
    </p>

    <p class='ocr_par' dir='ltr' id='par_1_5' title="bbox 1 1565 1276 1858">
     <span class='ocr_line' id='line_1_14' title="bbox 73 1565 1245 1658; baseline 0 -22"><span class='ocrx_word' id='word_1_109' title='bbox 73 1605 77 1615; x_wconf 87' lang='lat'><strong>-·</strong></span> <span class='ocrx_word' id='word_1_110' title='bbox 113 1569 290 1658; x_wconf 78' lang='lat' dir='ltr'><strong>loquemur</strong></span> <span class='ocrx_word' id='word_1_111' title='bbox 309 1571 427 1636; x_wconf 80' lang='lat' dir='ltr'><strong>novis.</strong></span> <span class='ocrx_word' id='word_1_112' title='bbox 454 1569 505 1634; x_wconf 85' lang='grc'><strong>18.</strong></span> <span class='ocrx_word' id='word_1_113' title='bbox 528 1569 701 1657; x_wconf 80' lang='lat' dir='ltr'><strong>Serpentes</strong></span> <span class='ocrx_word' id='word_1_114' title='bbox 722 1567 849 1634; x_wconf 89' lang='lat' dir='ltr'><strong>tollent:</strong></span> <span class='ocrx_word' id='word_1_115' title='bbox 878 1580 916 1653; x_wconf 45' lang='lat' dir='ltr'><strong>et¹</strong></span> <span class='ocrx_word' id='word_1_116' title='bbox 930 1571 956 1640; x_wconf 87' lang='lat' dir='ltr'><strong>si</strong></span> <span class='ocrx_word' id='word_1_117' title='bbox 979 1569 1058 1656; x_wconf 92' lang='lat' dir='ltr'><strong>quid</strong></span> <span class='ocrx_word' id='word_1_118' title='bbox 1079 1567 1174 1634; x_wconf 90' lang='lat' dir='ltr'><strong>letale</strong></span> <span class='ocrx_word' id='word_1_119' title='bbox 1195 1565 1245 1636; x_wconf 88' lang='lat' dir='ltr'><strong>bi-</strong></span> 
     </span>
     <span class='ocr_line' id='line_1_15' title="bbox 1 1661 1276 1768; baseline 0 -32"><span class='ocrx_word' id='word_1_120' title='bbox 1 1689 2 1701; x_wconf 58' lang='lat'><em>*</em></span> <span class='ocrx_word' id='word_1_121' title='bbox 101 1671 235 1768; x_wconf 81' lang='lat' dir='ltr'><strong>,berint‚</strong></span> <span class='ocrx_word' id='word_1_122' title='bbox 256 1693 325 1738; x_wconf 89' lang='lat' dir='ltr'><strong>non</strong></span> <span class='ocrx_word' id='word_1_123' title='bbox 344 1670 477 1738; x_wconf 80' lang='lat' dir='ltr'><strong>nocebit</strong></span> <span class='ocrx_word' id='word_1_124' title='bbox 498 1675 562 1738; x_wconf 85' lang='lat' dir='ltr'><strong>eis:</strong></span> <span class='ocrx_word' id='word_1_125' title='bbox 589 1687 688 1760; x_wconf 87' lang='lat' dir='ltr'><strong>snper</strong></span> <span class='ocrx_word' id='word_1_126' title='bbox 708 1661 858 1760; x_wconf 79' lang='lat' dir='ltr'><strong>aegrotos</strong></span> <span class='ocrx_word' id='word_1_127' title='bbox 880 1693 993 1740; x_wconf 88' lang='lat' dir='ltr'><strong>manna</strong></span> <span class='ocrx_word' id='word_1_128' title='bbox 1013 1674 1191 1760; x_wconf 88' lang='lat' dir='ltr'><strong>imponent,</strong></span> <span class='ocrx_word' id='word_1_129' title='bbox 1212 1679 1247 1736; x_wconf 88' lang='lat' dir='ltr'><strong>et</strong></span> <span class='ocrx_word' id='word_1_130' title='bbox 1261 1670 1276 1701; x_wconf 73' lang='lat'><em>¹</em></span> 
     </span>
     <span class='ocr_line' id='line_1_16' title="bbox 113 1763 864 1858; baseline -0.004 -16"><span class='ocrx_word' id='word_1_131' title='bbox 113 1775 201 1842; x_wconf 92' lang='lat' dir='ltr'><strong>bene</strong></span> <span class='ocrx_word' id='word_1_132' title='bbox 221 1763 409 1858; x_wconf 79' lang='lat' dir='ltr'><strong>habebunt,</strong></span> <span class='ocrx_word' id='word_1_133' title='bbox 486 1841 489 1850; x_wconf 64' lang='grc'><strong><em>,</em></strong></span> <span class='ocrx_word' id='word_1_134' title='bbox 554 1764 559 1770; x_wconf 60' lang='grc'><strong>’</strong></span> <span class='ocrx_word' id='word_1_135' title='bbox 667 1767 669 1771; x_wconf 63' lang='grc'><strong>’</strong></span> <span class='ocrx_word' id='word_1_136' title='bbox 734 1773 735 1776; x_wconf 65' lang='grc'>’</span> <span class='ocrx_word' id='word_1_137' title='bbox 861 1786 864 1796; x_wconf 76' lang='grc'><em>’</em></span> 
     </span>
    </p>
   </div>
   <div class='ocr_carea' id='block_1_4' title="bbox 27 2033 1337 4412">
    <p class='ocr_par' dir='ltr' id='par_1_6' title="bbox 115 2033 1337 3184">
     <span class='ocr_line' id='line_1_17' title="bbox 191 2033 1244 2127; baseline 0 -29"><span class='ocrx_word' id='word_1_138' title='bbox 191 2037 295 2098; x_wconf 85' lang='lat' dir='ltr'><strong>Mattb.</strong></span> <span class='ocrx_word' id='word_1_139' title='bbox 315 2039 362 2098; x_wconf 63' lang='lat'><strong>164</strong></span> <span class='ocrx_word' id='word_1_140' title='bbox 405 2037 544 2097; x_wconf 78' lang='lat' dir='ltr'><strong>Undeeim</strong></span> <span class='ocrx_word' id='word_1_141' title='bbox 567 2047 669 2118; x_wconf 69' lang='lat' dir='ltr'><strong>autem</strong></span> <span class='ocrx_word' id='word_1_142' title='bbox 692 2035 841 2113; x_wconf 86' lang='lat' dir='ltr'><strong>discipuli.</strong></span> <span class='ocrx_word' id='word_1_143' title='bbox 884 2033 1044 2097; x_wconf 76' lang='lat' dir='ltr'><strong>Matthaeus</strong></span> <span class='ocrx_word' id='word_1_144' title='bbox 1060 2036 1244 2127; x_wconf 78' lang='lat' dir='ltr'><strong>praeteriens,</strong></span> 
     </span>
     <span class='ocr_line' id='line_1_18' title="bbox 115 2111 1246 2194; baseline 0 -22"><span class='ocrx_word' id='word_1_145' title='bbox 115 2132 188 2192; x_wconf 89' lang='lat' dir='ltr'><strong>quae</strong></span> <span class='ocrx_word' id='word_1_146' title='bbox 212 2133 246 2172; x_wconf 82' lang='lat' dir='ltr'><strong>es</strong></span> <span class='ocrx_word' id='word_1_147' title='bbox 270 2111 329 2170; x_wconf 86' lang='lat' dir='ltr'><strong>aliis</strong></span> <span class='ocrx_word' id='word_1_148' title='bbox 351 2111 441 2174; x_wconf 90' lang='lat' dir='ltr'><strong>tribus</strong></span> <span class='ocrx_word' id='word_1_149' title='bbox 455 2111 622 2186; x_wconf 78' lang='lat' dir='ltr'><strong>retulimus,</strong></span> <span class='ocrx_word' id='word_1_150' title='bbox 650 2112 878 2186; x_wconf 66' lang='lat' dir='ltr'><strong>tantumdem,</strong></span> <span class='ocrx_word' id='word_1_151' title='bbox 898 2112 947 2172; x_wconf 90' lang='lat' dir='ltr'><strong>ubi</strong></span> <span class='ocrx_word' id='word_1_152' title='bbox 966 2113 1096 2183; x_wconf 85' lang='lat' dir='ltr'><strong>undecun</strong></span> <span class='ocrx_word' id='word_1_153' title='bbox 1116 2111 1246 2194; x_wconf 89' lang='lat' dir='ltr'><strong>discipuli</strong></span> 
     </span>
     <span class='ocr_line' id='line_1_19' title="bbox 115 2185 1246 2278; baseline -0.002 -28"><span class='ocrx_word' id='word_1_154' title='bbox 115 2189 151 2250; x_wconf 88' lang='lat' dir='ltr'><strong>ad</strong></span> <span class='ocrx_word' id='word_1_155' title='bbox 169 2209 272 2250; x_wconf 91' lang='lat' dir='ltr'><strong>munus</strong></span> <span class='ocrx_word' id='word_1_156' title='bbox 292 2186 490 2264; x_wconf 80' lang='lat' dir='ltr'><strong>Apostolioum</strong></span> <span class='ocrx_word' id='word_1_157' title='bbox 510 2187 594 2276; x_wconf 73' lang='lat' dir='ltr'><strong>legati</strong></span> <span class='ocrx_word' id='word_1_158' title='bbox 613 2185 678 2248; x_wconf 89' lang='lat' dir='ltr'><strong>sint.</strong></span> <span class='ocrx_word' id='word_1_159' title='bbox 716 2189 817 2278; x_wconf 87' lang='lat' dir='ltr'><strong>Neque</strong></span> <span class='ocrx_word' id='word_1_160' title='bbox 837 2187 911 2247; x_wconf 90' lang='lat' dir='ltr'><strong>enim</strong></span> <span class='ocrx_word' id='word_1_161' title='bbox 933 2189 947 2262; x_wconf 87' lang='lat'><strong>(</strong></span> <span class='ocrx_word' id='word_1_162' title='bbox 952 2199 984 2258; x_wconf 83' lang='lat' dir='ltr'><strong>ut</strong></span> <span class='ocrx_word' id='word_1_163' title='bbox 1001 2189 1057 2246; x_wconf 90' lang='lat' dir='ltr'><strong>iarn</strong></span> <span class='ocrx_word' id='word_1_164' title='bbox 1075 2189 1183 2268; x_wconf 89' lang='lat' dir='ltr'><strong>saepius</strong></span> <span class='ocrx_word' id='word_1_165' title='bbox 1202 2189 1246 2248; x_wconf 91' lang='lat' dir='ltr'><strong>vi-</strong></span> 
     </span>
     <span class='ocr_line' id='line_1_20' title="bbox 116 2259 1288 2354; baseline -0.003 -26"><span class='ocrx_word' id='word_1_166' title='bbox 116 2288 180 2328; x_wconf 91' lang='lat' dir='ltr'><strong>sum</strong></span> <span class='ocrx_word' id='word_1_167' title='bbox 200 2269 255 2340; x_wconf 57' lang='lat' dir='ltr'><strong>est,</strong></span> <span class='ocrx_word' id='word_1_168' title='bbox 272 2263 324 2324; x_wconf 91' lang='lat' dir='ltr'><strong>illis</strong></span> <span class='ocrx_word' id='word_1_169' title='bbox 343 2262 591 2342; x_wconf 17' lang='lat' dir='ltr'><strong>propositumptuit</strong></span> <span class='ocrx_word' id='word_1_170' title='bbox 609 2263 740 2342; x_wconf 85' lang='lat' dir='ltr'><strong>persequi</strong></span> <span class='ocrx_word' id='word_1_171' title='bbox 758 2263 879 2354; x_wconf 74' lang='lat' dir='ltr'><strong>singulas</strong></span> <span class='ocrx_word' id='word_1_172' title='bbox 898 2263 1031 2324; x_wconf 80' lang='lat' dir='ltr'><strong>historiae</strong></span> <span class='ocrx_word' id='word_1_173' title='bbox 1049 2276 1158 2343; x_wconf 82' lang='lat' dir='ltr'><strong>partes:</strong></span> <span class='ocrx_word' id='word_1_174' title='bbox 1171 2259 1246 2344; x_wconf 73' lang='lat' dir='ltr'><strong>&#39;quia</strong></span> <span class='ocrx_word' id='word_1_175' title='bbox 1286 2305 1288 2310; x_wconf 83' lang='lat'><strong>.</strong></span> 
     </span>
     <span class='ocr_line' id='line_1_21' title="bbox 117 2338 1247 2424; baseline -0.004 -20"><span class='ocrx_word' id='word_1_176' title='bbox 117 2341 235 2424; x_wconf 85' lang='lat' dir='ltr'><strong>Spiritui</strong></span> <span class='ocrx_word' id='word_1_177' title='bbox 259 2350 375 2408; x_wconf 76' lang='lat' dir='ltr'><strong>saneto,</strong></span> <span class='ocrx_word' id='word_1_178' title='bbox 405 2338 453 2418; x_wconf 93' lang='lat' dir='ltr'><strong>qui</strong></span> <span class='ocrx_word' id='word_1_179' title='bbox 477 2360 574 2398; x_wconf 89' lang='lat' dir='ltr'><strong>eorum</strong></span> <span class='ocrx_word' id='word_1_180' title='bbox 599 2338 701 2420; x_wconf 84' lang='lat' dir='ltr'><strong>stylum</strong></span> <span class='ocrx_word' id='word_1_181' title='bbox 727 2339 842 2415; x_wconf 75' lang='lat' dir='ltr'><strong>direxit,</strong></span> <span class='ocrx_word' id='word_1_182' title='bbox 870 2341 934 2400; x_wconf 88' lang='lat' dir='ltr'><strong>satis</strong></span> <span class='ocrx_word' id='word_1_183' title='bbox 959 2359 1017 2401; x_wconf 87' lang='lat' dir='ltr'><strong>esse</strong></span> <span class='ocrx_word' id='word_1_184' title='bbox 1041 2341 1131 2400; x_wconf 91' lang='lat' dir='ltr'><strong>visum</strong></span> <span class='ocrx_word' id='word_1_185' title='bbox 1150 2351 1193 2400; x_wconf 89' lang='lat' dir='ltr'><strong>est</strong></span> <span class='ocrx_word' id='word_1_186' title='bbox 1212 2363 1247 2400; x_wconf 83' lang='lat' dir='ltr'><strong>ex</strong></span> 
     </span>
     <span class='ocr_line' id='line_1_22' title="bbox 117 2414 1337 2498; baseline -0.003 -18"><span class='ocrx_word' id='word_1_187' title='bbox 117 2415 276 2480; x_wconf 89' lang='lat' dir='ltr'><strong>coniunctis</strong></span> <span class='ocrx_word' id='word_1_188' title='bbox 303 2415 461 2476; x_wconf 87' lang='lat' dir='ltr'><strong>testimonis</strong></span> <span class='ocrx_word' id='word_1_189' title='bbox 490 2435 625 2474; x_wconf 88' lang='lat' dir='ltr'><strong>summam</strong></span> <span class='ocrx_word' id='word_1_190' title='bbox 649 2414 811 2495; x_wconf 82' lang='lat' dir='ltr'><strong>complecti,</strong></span> <span class='ocrx_word' id='word_1_191' title='bbox 844 2415 954 2496; x_wconf 90' lang='lat' dir='ltr'><strong>qualem</strong></span> <span class='ocrx_word' id='word_1_192' title='bbox 982 2415 1117 2477; x_wconf 87' lang='lat' dir='ltr'><strong>videmus.</strong></span> <span class='ocrx_word' id='word_1_193' title='bbox 1165 2417 1245 2498; x_wconf 81' lang='lat' dir='ltr'><strong>Ergo</strong></span> <span class='ocrx_word' id='word_1_194' title='bbox 1335 2434 1337 2447; x_wconf 91' lang='grc'><strong><em>·</em></strong></span> 
     </span>
     <span class='ocr_line' id='line_1_23' title="bbox 118 2485 1291 2576; baseline -0.004 -20"><span class='ocrx_word' id='word_1_195' title='bbox 118 2495 196 2576; x_wconf 90' lang='lat' dir='ltr'><strong>quod</strong></span> <span class='ocrx_word' id='word_1_196' title='bbox 215 2491 316 2554; x_wconf 86' lang='lat' dir='ltr'><strong>&#39;nostra</strong></span> <span class='ocrx_word' id='word_1_197' title='bbox 339 2491 457 2552; x_wconf 86' lang='lat' dir='ltr'><strong>maxime</strong></span> <span class='ocrx_word' id='word_1_198' title='bbox 479 2491 616 2552; x_wconf 86' lang='lat' dir='ltr'><strong>intererat</strong></span> <span class='ocrx_word' id='word_1_199' title='bbox 634 2485 675 2550; x_wconf 92' lang='lat' dir='ltr'><strong>ele</strong></span> <span class='ocrx_word' id='word_1_200' title='bbox 698 2491 718 2550; x_wconf 90' lang='lat' dir='ltr'><strong>it</strong></span> <span class='ocrx_word' id='word_1_201' title='bbox 736 2493 907 2566; x_wconf 85' lang='lat' dir='ltr'><strong>Matthaeus,</strong></span> <span class='ocrx_word' id='word_1_202' title='bbox 930 2513 1033 2573; x_wconf 87' lang='lat' dir='ltr'><strong>nempe</strong></span> <span class='ocrx_word' id='word_1_203' title='bbox 1052 2515 1138 2572; x_wconf 90' lang='lat' dir='ltr'><strong>quum</strong></span> <span class='ocrx_word' id='word_1_204' title='bbox 1158 2491 1245 2556; x_wconf 85' lang='lat' dir='ltr'><strong>Cbri-</strong></span> <span class='ocrx_word' id='word_1_205' title='bbox 1288 2507 1291 2518; x_wconf 73' lang='lat'><strong>¹</strong></span> 
     </span>
     <span class='ocr_line' id='line_1_24' title="bbox 118 2513 1246 2653; baseline 0 -23"><span class='ocrx_word' id='word_1_206' title='bbox 118 2584 178 2640; x_wconf 83' lang='lat' dir='ltr'><strong>stus</strong></span> <span class='ocrx_word' id='word_1_207' title='bbox 202 2567 342 2648; x_wconf 86' lang='lat' dir='ltr'><strong>discipulis</strong></span> <span class='ocrx_word' id='word_1_208' title='bbox 368 2561 511 2653; x_wconf 76' lang='lat' dir='ltr'><strong>apparuit,</strong></span> <span class='ocrx_word' id='word_1_209' title='bbox 537 2588 585 2628; x_wconf 93' lang='lat' dir='ltr'><strong>eos</strong></span> <span class='ocrx_word' id='word_1_210' title='bbox 609 2513 695 2628; x_wconf 78' lang='lat' dir='ltr'><strong>simul</strong></span> <span class='ocrx_word' id='word_1_211' title='bbox 713 2589 820 2630; x_wconf 87' lang='lat' dir='ltr'><strong>creasse</strong></span> <span class='ocrx_word' id='word_1_212' title='bbox 843 2570 867 2628; x_wconf 83' lang='grc' dir='ltr'><strong>Α</strong></span> <span class='ocrx_word' id='word_1_213' title='bbox 891 2567 1012 2642; x_wconf 88' lang='lat' dir='ltr'><strong>ostolos,</strong></span> <span class='ocrx_word' id='word_1_214' title='bbox 1043 2569 1092 2648; x_wconf 92' lang='lat' dir='ltr'><strong>qni</strong></span> <span class='ocrx_word' id='word_1_215' title='bbox 1115 2581 1246 2630; x_wconf 85' lang='lat' dir='ltr'><strong>aeternae</strong></span> 
     </span>
     <span class='ocr_line' id='line_1_25' title="bbox 118 2590 1246 2726; baseline -0.002 -21"><span class='ocrx_word' id='word_1_216' title='bbox 118 2648 194 2706; x_wconf 88' lang='lat' dir='ltr'><strong>vitae</strong></span> <span class='ocrx_word' id='word_1_217' title='bbox 213 2645 383 2726; x_wconf 77' lang='lat' dir='ltr'><strong>legatIonem</strong></span> <span class='ocrx_word' id='word_1_218' title='bbox 402 2643 561 2724; x_wconf 80' lang='lat' dir='ltr'><strong>perferrent</strong></span> <span class='ocrx_word' id='word_1_219' title='bbox 578 2643 608 2702; x_wconf 85' lang='lat' dir='ltr'><strong>in</strong></span> <span class='ocrx_word' id='word_1_220' title='bbox 628 2664 727 2704; x_wconf 89' lang='lat' dir='ltr'><strong>omnes</strong></span> <span class='ocrx_word' id='word_1_221' title='bbox 745 2645 852 2704; x_wconf 82' lang='lat' dir='ltr'><strong>mundi</strong></span> <span class='ocrx_word' id='word_1_222' title='bbox 871 2590 959 2724; x_wconf 78' lang='lat' dir='ltr'><strong>lagos.</strong></span> <span class='ocrx_word' id='word_1_223' title='bbox 993 2645 1143 2711; x_wconf 77' lang='lat' dir='ltr'><strong>Caeterum</strong></span> <span class='ocrx_word' id='word_1_224' title='bbox 1157 2667 1246 2725; x_wconf 91' lang='lat' dir='ltr'><strong>qnan-</strong></span> 
     </span>
     <span class='ocr_line' id='line_1_26' title="bbox 118 2666 1246 2813; baseline 0.001 -32"><span class='ocrx_word' id='word_1_225' title='bbox 118 2743 203 2813; x_wconf 85' lang='lat' dir='ltr'><strong>quam</strong></span> <span class='ocrx_word' id='word_1_226' title='bbox 225 2722 329 2792; x_wconf 86' lang='lat' dir='ltr'><strong>montis</strong></span> <span class='ocrx_word' id='word_1_227' title='bbox 346 2741 407 2780; x_wconf 92' lang='lat' dir='ltr'><strong>non</strong></span> <span class='ocrx_word' id='word_1_228' title='bbox 426 2721 478 2780; x_wconf 84' lang='lat' dir='ltr'><strong>tuit</strong></span> <span class='ocrx_word' id='word_1_229' title='bbox 497 2719 562 2780; x_wconf 90' lang='lat' dir='ltr'><strong>alibi</strong></span> <span class='ocrx_word' id='word_1_230' title='bbox 582 2719 652 2782; x_wconf 88' lang='lat' dir='ltr'><strong>sacta</strong></span> <span class='ocrx_word' id='word_1_231' title='bbox 671 2721 789 2794; x_wconf 89' lang='lat' dir='ltr'><strong>mentio,</strong></span> <span class='ocrx_word' id='word_1_232' title='bbox 809 2666 965 2802; x_wconf 83' lang='lat' dir='ltr'><strong>colligimus</strong></span> <span class='ocrx_word' id='word_1_233' title='bbox 984 2733 1079 2782; x_wconf 86' lang='lat' dir='ltr'><strong>tamen</strong></span> <span class='ocrx_word' id='word_1_234' title='bbox 1095 2721 1246 2782; x_wconf 83' lang='lat' dir='ltr'><strong>huncGa-</strong></span> 
     </span>
     <span class='ocr_line' id='line_1_27' title="bbox 118 2795 1246 2880; baseline -0.004 -20"><span class='ocrx_word' id='word_1_235' title='bbox 118 2798 215 2860; x_wconf 88' lang='lat' dir='ltr'><strong>lrlaeac</strong></span> <span class='ocrx_word' id='word_1_236' title='bbox 233 2797 326 2874; x_wconf 82' lang='lat' dir='ltr'><strong>locum</strong></span> <span class='ocrx_word' id='word_1_237' title='bbox 344 2795 450 2858; x_wconf 87' lang='lat' dir='ltr'><strong>Mariae</strong></span> <span class='ocrx_word' id='word_1_238' title='bbox 470 2807 571 2856; x_wconf 91' lang='lat' dir='ltr'><strong>notum</strong></span> <span class='ocrx_word' id='word_1_239' title='bbox 586 2796 679 2858; x_wconf 84' lang='lat' dir='ltr'><strong>tuisse.</strong></span> <span class='ocrx_word' id='word_1_240' title='bbox 717 2798 822 2858; x_wconf 85' lang='lat' dir='ltr'><strong>Mirum</strong></span> <span class='ocrx_word' id='word_1_241' title='bbox 836 2809 931 2857; x_wconf 83' lang='lat' dir='ltr'><strong>tamen</strong></span> <span class='ocrx_word' id='word_1_242' title='bbox 947 2809 996 2880; x_wconf 65' lang='lat' dir='ltr'><strong>est,</strong></span> <span class='ocrx_word' id='word_1_243' title='bbox 1014 2800 1148 2879; x_wconf 90' lang='lat' dir='ltr'><strong>quosdam</strong></span> <span class='ocrx_word' id='word_1_244' title='bbox 1162 2797 1246 2861; x_wconf 86' lang='lat' dir='ltr'><strong>Chri-</strong></span> 
     </span>
     <span class='ocr_line' id='line_1_28' title="bbox 119 2870 1305 2954; baseline -0.003 -18"><span class='ocrx_word' id='word_1_245' title='bbox 119 2888 165 2938; x_wconf 89' lang='lat' dir='ltr'><strong>sto</strong></span> <span class='ocrx_word' id='word_1_246' title='bbox 190 2873 309 2934; x_wconf 83' lang='lat' dir='ltr'><strong>iambis</strong></span> <span class='ocrx_word' id='word_1_247' title='bbox 332 2873 394 2934; x_wconf 86' lang='lat' dir='ltr'><strong>viso</strong></span> <span class='ocrx_word' id='word_1_248' title='bbox 418 2873 508 2940; x_wconf 86' lang='lat' dir='ltr'><strong>adhuc</strong></span> <span class='ocrx_word' id='word_1_249' title='bbox 535 2873 683 2945; x_wconf 82' lang='lat' dir='ltr'><strong>dubitasse.</strong></span> <span class='ocrx_word' id='word_1_250' title='bbox 722 2873 754 2934; x_wconf 89' lang='lat' dir='ltr'><strong>Si</strong></span> <span class='ocrx_word' id='word_1_251' title='bbox 779 2873 824 2934; x_wconf 92' lang='lat' dir='ltr'><strong>cui</strong></span> <span class='ocrx_word' id='word_1_252' title='bbox 846 2873 880 2935; x_wconf 89' lang='lat' dir='ltr'><strong>ad</strong></span> <span class='ocrx_word' id='word_1_253' title='bbox 900 2870 1017 2954; x_wconf 88' lang='lat' dir='ltr'><strong>primam</strong></span> <span class='ocrx_word' id='word_1_254' title='bbox 1043 2874 1247 2936; x_wconf 83' lang='lat' dir='ltr'><strong>manifestatio·</strong></span> <span class='ocrx_word' id='word_1_255' title='bbox 1303 2871 1305 2882; x_wconf 85' lang='lat'>&#39;</span> 
     </span>
     <span class='ocr_line' id='line_1_29' title="bbox 119 2948 1280 3032; baseline -0.002 -20"><span class='ocrx_word' id='word_1_256' title='bbox 119 2973 195 3030; x_wconf 82' lang='lat' dir='ltr'><strong>nem¹</strong></span> <span class='ocrx_word' id='word_1_257' title='bbox 206 2953 259 3010; x_wconf 88' lang='lat' dir='ltr'><strong>boc</strong></span> <span class='ocrx_word' id='word_1_258' title='bbox 273 2948 386 3009; x_wconf 84' lang='lat' dir='ltr'><strong>referre</strong></span> <span class='ocrx_word' id='word_1_259' title='bbox 404 2949 520 3030; x_wconf 82' lang='lat' dir='ltr'><strong>placeat,</strong></span> <span class='ocrx_word' id='word_1_260' title='bbox 540 2949 607 3008; x_wconf 89' lang='lat' dir='ltr'><strong>nihil</strong></span> <span class='ocrx_word' id='word_1_261' title='bbox 628 2949 682 3012; x_wconf 86' lang='lat' dir='ltr'><strong>erit</strong></span> <span class='ocrx_word' id='word_1_262' title='bbox 700 2949 824 3024; x_wconf 90' lang='lat' dir='ltr'><strong>absurdi,</strong></span> <span class='ocrx_word' id='word_1_263' title='bbox 849 2950 912 3030; x_wconf 87' lang='lat' dir='ltr'><strong>qnia</strong></span> <span class='ocrx_word' id='word_1_264' title='bbox 930 2951 1070 3010; x_wconf 89' lang='lat' dir='ltr'><strong>interdurn</strong></span> <span class='ocrx_word' id='word_1_265' title='bbox 1089 2971 1135 3010; x_wconf 90' lang='lat' dir='ltr'><strong>res</strong></span> <span class='ocrx_word' id='word_1_266' title='bbox 1152 2949 1246 3010; x_wconf 83' lang='lat' dir='ltr'><strong>diver·</strong></span> <span class='ocrx_word' id='word_1_267' title='bbox 1275 3013 1280 3032; x_wconf 53' lang='lat'><strong>,</strong></span> 
     </span>
     <span class='ocr_line' id='line_1_30' title="bbox 120 3023 1292 3106; baseline -0.003 -16"><span class='ocrx_word' id='word_1_268' title='bbox 120 3049 162 3090; x_wconf 90' lang='lat' dir='ltr'><strong>sas</strong></span> <span class='ocrx_word' id='word_1_269' title='bbox 182 3027 300 3088; x_wconf 90' lang='lat' dir='ltr'><strong>miscere</strong></span> <span class='ocrx_word' id='word_1_270' title='bbox 323 3023 416 3086; x_wconf 88' lang='lat' dir='ltr'><strong>solent</strong></span> <span class='ocrx_word' id='word_1_271' title='bbox 439 3025 643 3106; x_wconf 85' lang='lat' dir='ltr'><strong>Evangelistae.</strong></span> <span class='ocrx_word' id='word_1_272' title='bbox 682 3027 739 3086; x_wconf 89' lang='lat' dir='ltr'><strong>Sed</strong></span> <span class='ocrx_word' id='word_1_273' title='bbox 758 3047 850 3105; x_wconf 91' lang='lat' dir='ltr'><strong>neque</strong></span> <span class='ocrx_word' id='word_1_274' title='bbox 874 3027 1025 3088; x_wconf 87' lang='lat' dir='ltr'><strong>absurdum</strong></span> <span class='ocrx_word' id='word_1_275' title='bbox 1041 3027 1246 3102; x_wconf 83' lang='lat' dir='ltr'><strong>videridehet,</strong></span> <span class='ocrx_word' id='word_1_276' title='bbox 1289 3029 1292 3037; x_wconf 83' lang='lat'>&#39;</span> 
     </span>
     <span class='ocr_line' id='line_1_31' title="bbox 120 3101 1289 3184; baseline -0.003 -19"><span class='ocrx_word' id='word_1_277' title='bbox 120 3105 143 3166; x_wconf 85' lang='lat' dir='ltr'><strong>si</strong></span> <span class='ocrx_word' id='word_1_278' title='bbox 162 3103 293 3183; x_wconf 88' lang='lat' dir='ltr'><strong>reliquiae</strong></span> <span class='ocrx_word' id='word_1_279' title='bbox 316 3101 427 3184; x_wconf 85' lang='lat' dir='ltr'><strong>pavoris</strong></span> <span class='ocrx_word' id='word_1_280' title='bbox 455 3103 587 3181; x_wconf 89' lang='lat' dir='ltr'><strong>quosdam</strong></span> <span class='ocrx_word' id='word_1_281' title='bbox 612 3102 646 3161; x_wconf 89' lang='lat' dir='ltr'><strong>ad</strong></span> <span class='ocrx_word' id='word_1_282' title='bbox 670 3123 771 3161; x_wconf 88' lang='lat' dir='ltr'><strong>novam</strong></span> <span class='ocrx_word' id='word_1_283' title='bbox 789 3125 884 3164; x_wconf 89' lang='lat' dir='ltr'><strong>rursus</strong></span> <span class='ocrx_word' id='word_1_284' title='bbox 903 3101 1108 3165; x_wconf 85' lang='lat' dir='ltr'><strong>vacillationem</strong></span> <span class='ocrx_word' id='word_1_285' title='bbox 1127 3101 1247 3182; x_wconf 87' lang='lat' dir='ltr'><strong>impule·</strong></span> <span class='ocrx_word' id='word_1_286' title='bbox 1284 3107 1289 3112; x_wconf 85' lang='lat'>&#39;</span> 
     </span>
    </p>

    <p class='ocr_par' dir='ltr' id='par_1_7' title="bbox 27 3177 1248 3644">
     <span class='ocr_line' id='line_1_32' title="bbox 27 3177 1247 3258; baseline -0.004 -15"><span class='ocrx_word' id='word_1_287' title='bbox 27 3243 30 3248; x_wconf 81' lang='grc'>,</span> <span class='ocrx_word' id='word_1_288' title='bbox 120 3181 186 3243; x_wconf 86' lang='lat' dir='ltr'><strong>rint.</strong></span> <span class='ocrx_word' id='word_1_289' title='bbox 226 3180 336 3242; x_wconf 85' lang='lat' dir='ltr'><strong>Scimus</strong></span> <span class='ocrx_word' id='word_1_290' title='bbox 354 3177 443 3252; x_wconf 92' lang='lat' dir='ltr'><strong>enim,</strong></span> <span class='ocrx_word' id='word_1_291' title='bbox 462 3178 572 3258; x_wconf 89' lang='lat' dir='ltr'><strong>quoties</strong></span> <span class='ocrx_word' id='word_1_292' title='bbox 591 3177 716 3258; x_wconf 78' lang='lat' dir='ltr'><strong>appqruit</strong></span> <span class='ocrx_word' id='word_1_293' title='bbox 735 3177 877 3252; x_wconf 84' lang='lat' dir='ltr'><strong>Christus,</strong></span> <span class='ocrx_word' id='word_1_294' title='bbox 897 3179 988 3240; x_wconf 91' lang='lat' dir='ltr'><strong>donec</strong></span> <span class='ocrx_word' id='word_1_295' title='bbox 1007 3178 1130 3239; x_wconf 91' lang='lat' dir='ltr'><strong>collectis</strong></span> <span class='ocrx_word' id='word_1_296' title='bbox 1148 3178 1247 3238; x_wconf 91' lang='lat' dir='ltr'><strong>animis</strong></span> 
     </span>
     <span class='ocr_line' id='line_1_33' title="bbox 120 3253 1246 3336; baseline -0.004 -18"><span class='ocrx_word' id='word_1_297' title='bbox 120 3257 232 3318; x_wconf 91' lang='lat' dir='ltr'><strong>adeius</strong></span> <span class='ocrx_word' id='word_1_298' title='bbox 259 3268 442 3334; x_wconf 88' lang='lat' dir='ltr'><strong>conspectum</strong></span> <span class='ocrx_word' id='word_1_299' title='bbox 469 3253 666 3328; x_wconf 83' lang='lat' dir='ltr'><strong>assuevissent,</strong></span> <span class='ocrx_word' id='word_1_300' title='bbox 694 3258 776 3318; x_wconf 88' lang='lat' dir='ltr'><strong>rbetn</strong></span> <span class='ocrx_word' id='word_1_301' title='bbox 795 3267 826 3314; x_wconf 88' lang='lat' dir='ltr'><strong>et</strong></span> <span class='ocrx_word' id='word_1_302' title='bbox 848 3265 895 3314; x_wconf 85' lang='lat' dir='ltr'><strong>stu</strong></span> <span class='ocrx_word' id='word_1_303' title='bbox 914 3277 964 3332; x_wconf 78' lang='lat' dir='ltr'><strong>ore</strong></span> <span class='ocrx_word' id='word_1_304' title='bbox 987 3255 1072 3316; x_wconf 84' lang='lat' dir='ltr'><strong>luisse</strong></span> <span class='ocrx_word' id='word_1_305' title='bbox 1094 3255 1246 3336; x_wconf 86' lang='lat' dir='ltr'><strong>perculsos.</strong></span> 
     </span>
     <span class='ocr_line' id='line_1_34' title="bbox 123 3279 1248 3423; baseline 0 -31"><span class='ocrx_word' id='word_1_306' title='bbox 123 3335 221 3423; x_wconf 79' lang='lat' dir='ltr'><strong>Quare</strong></span> <span class='ocrx_word' id='word_1_307' title='bbox 240 3355 337 3394; x_wconf 89' lang='lat' dir='ltr'><strong>seusus</strong></span> <span class='ocrx_word' id='word_1_308' title='bbox 356 3344 408 3406; x_wconf 72' lang='lat' dir='ltr'><strong>est,</strong></span> <span class='ocrx_word' id='word_1_309' title='bbox 428 3352 493 3392; x_wconf 91' lang='lat' dir='ltr'><strong>meo</strong></span> <span class='ocrx_word' id='word_1_310' title='bbox 513 3329 625 3404; x_wconf 85' lang='lat' dir='ltr'><strong>indicio,</strong></span> <span class='ocrx_word' id='word_1_311' title='bbox 649 3332 782 3412; x_wconf 91' lang='lat' dir='ltr'><strong>quosdam</strong></span> <span class='ocrx_word' id='word_1_312' title='bbox 801 3331 882 3394; x_wconf 87' lang='lat' dir='ltr'><strong>initio</strong></span> <span class='ocrx_word' id='word_1_313' title='bbox 894 3279 1054 3406; x_wconf 74' lang='lat' dir='ltr'><strong>baesitasse,</strong></span> <span class='ocrx_word' id='word_1_314' title='bbox 1072 3331 1164 3392; x_wconf 90' lang='lat' dir='ltr'><strong>donec</strong></span> <span class='ocrx_word' id='word_1_315' title='bbox 1178 3352 1248 3412; x_wconf 88' lang='lat' dir='ltr'><strong>pro-</strong></span> 
     </span>
     <span class='ocr_line' id='line_1_35' title="bbox 122 3407 1247 3492; baseline -0.002 -24"><span class='ocrx_word' id='word_1_316' title='bbox 122 3432 183 3492; x_wconf 86' lang='lat' dir='ltr'><strong>prus</strong></span> <span class='ocrx_word' id='word_1_317' title='bbox 203 3421 232 3468; x_wconf 91' lang='lat' dir='ltr'><strong>et</strong></span> <span class='ocrx_word' id='word_1_318' title='bbox 250 3410 411 3470; x_wconf 81' lang='lat' dir='ltr'><strong>familiarius</strong></span> <span class='ocrx_word' id='word_1_319' title='bbox 433 3409 468 3468; x_wconf 92' lang='lat' dir='ltr'><strong>ad</strong></span> <span class='ocrx_word' id='word_1_320' title='bbox 488 3427 536 3468; x_wconf 89' lang='lat' dir='ltr'><strong>ens</strong></span> <span class='ocrx_word' id='word_1_321' title='bbox 558 3407 685 3470; x_wconf 78' lang='lat' dir='ltr'><strong>Christus</strong></span> <span class='ocrx_word' id='word_1_322' title='bbox 703 3407 864 3468; x_wconf 87' lang='lat' dir='ltr'><strong>accederet:</strong></span> <span class='ocrx_word' id='word_1_323' title='bbox 887 3408 935 3468; x_wconf 92' lang='lat' dir='ltr'><strong>ubi</strong></span> <span class='ocrx_word' id='word_1_324' title='bbox 954 3420 1048 3468; x_wconf 90' lang='lat' dir='ltr'><strong>autem</strong></span> <span class='ocrx_word' id='word_1_325' title='bbox 1065 3429 1133 3470; x_wconf 85' lang='lat' dir='ltr'><strong>vere</strong></span> <span class='ocrx_word' id='word_1_326' title='bbox 1152 3419 1247 3470; x_wconf 85' lang='lat' dir='ltr'><strong>certo-</strong></span> 
     </span>
     <span class='ocr_line' id='line_1_36' title="bbox 123 3481 1248 3565; baseline -0.002 -23"><span class='ocrx_word' id='word_1_327' title='bbox 123 3505 178 3564; x_wconf 91' lang='lat' dir='ltr'><strong>que</strong></span> <span class='ocrx_word' id='word_1_328' title='bbox 197 3483 265 3544; x_wconf 92' lang='lat' dir='ltr'><strong>inno</strong></span> <span class='ocrx_word' id='word_1_329' title='bbox 300 3487 334 3558; x_wconf 85' lang='lat' dir='ltr'><strong>&#39;t,</strong></span> <span class='ocrx_word' id='word_1_330' title='bbox 357 3498 427 3546; x_wconf 90' lang='lat' dir='ltr'><strong>tune</strong></span> <span class='ocrx_word' id='word_1_331' title='bbox 455 3506 505 3546; x_wconf 90' lang='lat' dir='ltr'><strong>eos</strong></span> <span class='ocrx_word' id='word_1_332' title='bbox 530 3482 671 3558; x_wconf 89' lang='lat' dir='ltr'><strong>adorasse,</strong></span> <span class='ocrx_word' id='word_1_333' title='bbox 695 3483 758 3564; x_wconf 90' lang='lat' dir='ltr'><strong>qnia</strong></span> <span class='ocrx_word' id='word_1_334' title='bbox 781 3483 889 3546; x_wconf 88' lang='lat' dir='ltr'><strong>scilicet</strong></span> <span class='ocrx_word' id='word_1_335' title='bbox 907 3484 1079 3565; x_wconf 72' lang='lat' dir='ltr'><strong>&#39;conspicuos</strong></span> <span class='ocrx_word' id='word_1_336' title='bbox 1099 3495 1158 3545; x_wconf 88' lang='lat' dir='ltr'><strong>erat</strong></span> <span class='ocrx_word' id='word_1_337' title='bbox 1176 3481 1248 3542; x_wconf 88' lang='lat' dir='ltr'><strong>divi-</strong></span> 
     </span>
     <span class='ocr_line' id='line_1_37' title="bbox 122 3552 1248 3644; baseline 0 -24"><span class='ocrx_word' id='word_1_338' title='bbox 122 3580 175 3626; x_wconf 87' lang='lat' dir='ltr'><strong>nae</strong></span> <span class='ocrx_word' id='word_1_339' title='bbox 200 3561 258 3619; x_wconf 89' lang='lat' dir='ltr'><strong>eins</strong></span> <span class='ocrx_word' id='word_1_340' title='bbox 282 3559 388 3640; x_wconf 83' lang='lat' dir='ltr'><strong>gloriae</strong></span> <span class='ocrx_word' id='word_1_341' title='bbox 407 3561 518 3644; x_wconf 75' lang='lat' dir='ltr'><strong>sulgon·</strong></span> <span class='ocrx_word' id='word_1_342' title='bbox 550 3561 587 3622; x_wconf 84' lang='lat' dir='ltr'><strong>Et</strong></span> <span class='ocrx_word' id='word_1_343' title='bbox 610 3561 685 3622; x_wconf 82' lang='lat' dir='ltr'><strong>forte</strong></span> <span class='ocrx_word' id='word_1_344' title='bbox 705 3552 807 3625; x_wconf 58' lang='lat' dir='ltr'><strong>eadem*</strong></span> <span class='ocrx_word' id='word_1_345' title='bbox 819 3562 854 3621; x_wconf 91' lang='lat' dir='ltr'><strong>ad</strong></span> <span class='ocrx_word' id='word_1_346' title='bbox 874 3561 1057 3622; x_wconf 88' lang='lat' dir='ltr'><strong>dubitandum</strong></span> <span class='ocrx_word' id='word_1_347' title='bbox 1078 3561 1150 3622; x_wconf 88' lang='lat' dir='ltr'><strong>ratio</strong></span> <span class='ocrx_word' id='word_1_348' title='bbox 1169 3559 1248 3638; x_wconf 84' lang='lat' dir='ltr'><strong>ipsos</strong></span> 
     </span>
    </p>

    <p class='ocr_par' dir='ltr' id='par_1_8' title="bbox 83 3633 1247 3794">
     <span class='ocr_line' id='line_1_38' title="bbox 83 3633 1247 3718; baseline -0.004 -20"><span class='ocrx_word' id='word_1_349' title='bbox 83 3641 87 3648; x_wconf 75' lang='grc'>’</span> <span class='ocrx_word' id='word_1_350' title='bbox 122 3648 241 3716; x_wconf 88' lang='lat' dir='ltr'><strong>repente</strong></span> <span class='ocrx_word' id='word_1_351' title='bbox 269 3633 396 3714; x_wconf 87' lang='lat' dir='ltr'><strong>impulit,</strong></span> <span class='ocrx_word' id='word_1_352' title='bbox 425 3659 497 3716; x_wconf 92' lang='lat' dir='ltr'><strong>qnae</strong></span> <span class='ocrx_word' id='word_1_353' title='bbox 525 3649 620 3716; x_wconf 86' lang='lat' dir='ltr'><strong>postea</strong></span> <span class='ocrx_word' id='word_1_354' title='bbox 645 3639 751 3698; x_wconf 68' lang='lat' dir='ltr'><strong>diduxit</strong></span> <span class='ocrx_word' id='word_1_355' title='bbox 774 3651 806 3698; x_wconf 92' lang='lat' dir='ltr'><strong>ut</strong></span> <span class='ocrx_word' id='word_1_356' title='bbox 830 3637 993 3716; x_wconf 88' lang='lat' dir='ltr'><strong>adorarent,</strong></span> <span class='ocrx_word' id='word_1_357' title='bbox 1028 3637 1092 3718; x_wconf 90' lang='lat' dir='ltr'><strong>quia</strong></span> <span class='ocrx_word' id='word_1_358' title='bbox 1117 3636 1247 3715; x_wconf 88' lang='lat' dir='ltr'><strong>deposito</strong></span> 
     </span>
     <span class='ocr_line' id='line_1_39' title="bbox 123 3710 923 3794; baseline 0 -18"><span class='ocrx_word' id='word_1_359' title='bbox 123 3712 196 3776; x_wconf 88' lang='lat' dir='ltr'><strong>servi</strong></span> <span class='ocrx_word' id='word_1_360' title='bbox 217 3710 309 3771; x_wconf 88' lang='lat' dir='ltr'><strong>babitu</strong></span> <span class='ocrx_word' id='word_1_361' title='bbox 328 3711 395 3780; x_wconf 85' lang='lat' dir='ltr'><strong>nibil</strong></span> <span class='ocrx_word' id='word_1_362' title='bbox 415 3724 482 3774; x_wconf 87' lang='lat' dir='ltr'><strong>tnnc</strong></span> <span class='ocrx_word' id='word_1_363' title='bbox 500 3715 555 3774; x_wconf 89' lang='lat' dir='ltr'><strong>nisi</strong></span> <span class='ocrx_word' id='word_1_364' title='bbox 574 3713 696 3788; x_wconf 83' lang='lat' dir='ltr'><strong>coeleste</strong></span> <span class='ocrx_word' id='word_1_365' title='bbox 715 3721 781 3794; x_wconf 78' lang='lat' dir='ltr'><strong>prae</strong></span> <span class='ocrx_word' id='word_1_366' title='bbox 801 3736 832 3776; x_wconf 88' lang='lat' dir='ltr'><strong>se</strong></span> <span class='ocrx_word' id='word_1_367' title='bbox 851 3714 923 3776; x_wconf 88' lang='lat' dir='ltr'><strong>tulit.</strong></span> 
     </span>
    </p>

    <p class='ocr_par' dir='ltr' id='par_1_9' title="bbox 122 3785 1249 4412">
     <span class='ocr_line' id='line_1_40' title="bbox 201 3785 1248 3868; baseline 0.002 -22"><span class='ocrx_word' id='word_1_368' title='bbox 201 3791 248 3850; x_wconf 89' lang='lat'><strong>18.</strong></span> <span class='ocrx_word' id='word_1_369' title='bbox 266 3789 308 3846; x_wconf 84' lang='lat' dir='ltr'><strong>Et</strong></span> <span class='ocrx_word' id='word_1_370' title='bbox 327 3789 466 3848; x_wconf 78' lang='lat' dir='ltr'><strong>accedens</strong></span> <span class='ocrx_word' id='word_1_371' title='bbox 478 3791 563 3848; x_wconf 80' lang='lat' dir='ltr'><strong>Iesus</strong></span> <span class='ocrx_word' id='word_1_372' title='bbox 582 3791 731 3868; x_wconf 77' lang='lat' dir='ltr'><strong>loquutus.</strong></span> <span class='ocrx_word' id='word_1_373' title='bbox 763 3786 830 3852; x_wconf 82' lang='lat' dir='ltr'><strong>Non</strong></span> <span class='ocrx_word' id='word_1_374' title='bbox 849 3790 963 3852; x_wconf 91' lang='lat' dir='ltr'><strong>dubium</strong></span> <span class='ocrx_word' id='word_1_375' title='bbox 979 3801 1031 3868; x_wconf 77' lang='lat' dir='ltr'><strong>est,</strong></span> <span class='ocrx_word' id='word_1_376' title='bbox 1049 3787 1117 3867; x_wconf 88' lang='lat' dir='ltr'><strong>quin</strong></span> <span class='ocrx_word' id='word_1_377' title='bbox 1136 3785 1182 3848; x_wconf 89' lang='lat' dir='ltr'><strong>bic</strong></span> <span class='ocrx_word' id='word_1_378' title='bbox 1198 3807 1248 3848; x_wconf 89' lang='lat' dir='ltr'><strong>ae-</strong></span> 
     </span>
     <span class='ocr_line' id='line_1_41' title="bbox 124 3862 1249 3942; baseline -0.002 -16"><span class='ocrx_word' id='word_1_379' title='bbox 124 3884 217 3926; x_wconf 90' lang='lat' dir='ltr'><strong>eessus</strong></span> <span class='ocrx_word' id='word_1_380' title='bbox 236 3862 395 3942; x_wconf 90' lang='lat' dir='ltr'><strong>scrupulum</strong></span> <span class='ocrx_word' id='word_1_381' title='bbox 414 3883 528 3924; x_wconf 88' lang='lat' dir='ltr'><strong>ornnem</strong></span> <span class='ocrx_word' id='word_1_382' title='bbox 549 3865 691 3924; x_wconf 85' lang='lat' dir='ltr'><strong>exemerit.</strong></span> <span class='ocrx_word' id='word_1_383' title='bbox 731 3867 888 3929; x_wconf 87' lang='lat' dir='ltr'><strong>blattbaeus</strong></span> <span class='ocrx_word' id='word_1_384' title='bbox 907 3886 977 3926; x_wconf 80' lang='lat' dir='ltr'><strong>vero</strong></span> <span class='ocrx_word' id='word_1_385' title='bbox 996 3875 1145 3942; x_wconf 90' lang='lat' dir='ltr'><strong>antequam</strong></span> <span class='ocrx_word' id='word_1_386' title='bbox 1164 3862 1249 3924; x_wconf 89' lang='lat' dir='ltr'><strong>disci-</strong></span> 
     </span>
     <span class='ocr_line' id='line_1_42' title="bbox 124 3938 1249 4022; baseline 0.002 -24"><span class='ocrx_word' id='word_1_387' title='bbox 124 3939 195 4022; x_wconf 87' lang='lat' dir='ltr'><strong>pulis</strong></span> <span class='ocrx_word' id='word_1_388' title='bbox 219 3938 375 4012; x_wconf 85' lang='lat' dir='ltr'><strong>iniunctum</strong></span> <span class='ocrx_word' id='word_1_389' title='bbox 405 3939 501 3998; x_wconf 82' lang='lat' dir='ltr'><strong>narrat&#39;</strong></span> <span class='ocrx_word' id='word_1_390' title='bbox 524 3939 643 4004; x_wconf 89' lang='lat' dir='ltr'><strong>docendi</strong></span> <span class='ocrx_word' id='word_1_391' title='bbox 662 3963 777 4017; x_wconf 89' lang='lat' dir='ltr'><strong>munus,</strong></span> <span class='ocrx_word' id='word_1_392' title='bbox 806 3943 951 4002; x_wconf 84' lang='lat' dir='ltr'><strong>Christum</strong></span> <span class='ocrx_word' id='word_1_393' title='bbox 974 3939 1009 4000; x_wconf 89' lang='lat' dir='ltr'><strong>de</strong></span> <span class='ocrx_word' id='word_1_394' title='bbox 1036 3961 1085 4000; x_wconf 90' lang='lat' dir='ltr'><strong>sna</strong></span> <span class='ocrx_word' id='word_1_395' title='bbox 1107 3951 1249 4020; x_wconf 79' lang='lat' dir='ltr'><strong>potestate</strong></span> 
     </span>
     <span class='ocr_line' id='line_1_43' title="bbox 124 4013 1248 4096; baseline 0.003 -20"><span class='ocrx_word' id='word_1_396' title='bbox 124 4013 280 4096; x_wconf 81' lang='lat' dir='ltr'><strong>praelatum</strong></span> <span class='ocrx_word' id='word_1_397' title='bbox 299 4035 358 4076; x_wconf 86' lang='lat' dir='ltr'><strong>esse</strong></span> <span class='ocrx_word' id='word_1_398' title='bbox 376 4013 455 4075; x_wconf 87' lang='lat' dir='ltr'><strong>dicit:</strong></span> <span class='ocrx_word' id='word_1_399' title='bbox 474 4035 528 4076; x_wconf 91' lang='lat' dir='ltr'><strong>nec</strong></span> <span class='ocrx_word' id='word_1_400' title='bbox 546 4015 595 4075; x_wconf 92' lang='lat' dir='ltr'><strong>abs</strong></span> <span class='ocrx_word' id='word_1_401' title='bbox 610 4035 649 4076; x_wconf 91' lang='lat' dir='ltr'><strong>re.</strong></span> <span class='ocrx_word' id='word_1_402' title='bbox 688 4019 756 4078; x_wconf 90' lang='lat' dir='ltr'><strong>Non</strong></span> <span class='ocrx_word' id='word_1_403' title='bbox 776 4018 850 4078; x_wconf 91' lang='lat' dir='ltr'><strong>enirn</strong></span> <span class='ocrx_word' id='word_1_404' title='bbox 869 4019 916 4079; x_wconf 88' lang='lat' dir='ltr'><strong>bie</strong></span> <span class='ocrx_word' id='word_1_405' title='bbox 937 4040 949 4076; x_wconf 92' lang='lat' dir='ltr'><strong>s</strong></span> <span class='ocrx_word' id='word_1_406' title='bbox 970 4015 1077 4090; x_wconf 73' lang='lat' dir='ltr'><strong>tricaret</strong></span> <span class='ocrx_word' id='word_1_407' title='bbox 1099 4015 1248 4079; x_wconf 81' lang='lat' dir='ltr'><strong>mediocris</strong></span> 
     </span>
     <span class='ocr_line' id='line_1_44' title="bbox 124 4039 1246 4182; baseline -0.001 -28"><span class='ocrx_word' id='word_1_408' title='bbox 124 4091 288 4176; x_wconf 86' lang='lat' dir='ltr'><strong>auctoritas,</strong></span> <span class='ocrx_word' id='word_1_409' title='bbox 311 4092 360 4152; x_wconf 86' lang='lat' dir='ltr'><strong>sed</strong></span> <span class='ocrx_word' id='word_1_410' title='bbox 383 4111 493 4152; x_wconf 86' lang='lat' dir='ltr'><strong>summo</strong></span> <span class='ocrx_word' id='word_1_411' title='bbox 518 4111 640 4172; x_wconf 87' lang='lat' dir='ltr'><strong>vereque</strong></span> <span class='ocrx_word' id='word_1_412' title='bbox 662 4093 758 4154; x_wconf 88' lang='lat' dir='ltr'><strong>divino</strong></span> <span class='ocrx_word' id='word_1_413' title='bbox 781 4089 899 4176; x_wconf 87' lang='lat' dir='ltr'><strong>imperio</strong></span> <span class='ocrx_word' id='word_1_414' title='bbox 919 4039 1026 4175; x_wconf 81' lang='lat' dir='ltr'><strong>pollere</strong></span> <span class='ocrx_word' id='word_1_415' title='bbox 1045 4113 1063 4152; x_wconf 94' lang='lat' dir='ltr'><strong>o</strong></span> <span class='ocrx_word' id='word_1_416' title='bbox 1085 4103 1174 4168; x_wconf 87' lang='lat' dir='ltr'><strong>ortet,</strong></span> <span class='ocrx_word' id='word_1_417' title='bbox 1198 4091 1246 4182; x_wconf 89' lang='lat' dir='ltr'><strong>qni</strong></span> 
     </span>
     <span class='ocr_line' id='line_1_45' title="bbox 124 4166 1248 4249; baseline -0.004 -18"><span class='ocrx_word' id='word_1_418' title='bbox 124 4188 176 4232; x_wconf 91' lang='lat' dir='ltr'><strong>suo</strong></span> <span class='ocrx_word' id='word_1_419' title='bbox 200 4167 316 4230; x_wconf 89' lang='lat' dir='ltr'><strong>nomine</strong></span> <span class='ocrx_word' id='word_1_420' title='bbox 340 4169 427 4229; x_wconf 86' lang='lat' dir='ltr'><strong>vitam</strong></span> <span class='ocrx_word' id='word_1_421' title='bbox 448 4179 591 4229; x_wconf 90' lang='lat' dir='ltr'><strong>aeternam</strong></span> <span class='ocrx_word' id='word_1_422' title='bbox 614 4169 741 4249; x_wconf 88' lang='lat' dir='ltr'><strong>promitti</strong></span> <span class='ocrx_word' id='word_1_423' title='bbox 764 4172 889 4244; x_wconf 89' lang='lat' dir='ltr'><strong>mandat,</strong></span> <span class='ocrx_word' id='word_1_424' title='bbox 914 4179 1007 4229; x_wconf 91' lang='lat' dir='ltr'><strong>totum</strong></span> <span class='ocrx_word' id='word_1_425' title='bbox 1031 4189 1066 4228; x_wconf 91' lang='lat' dir='ltr'><strong>or</strong></span> <span class='ocrx_word' id='word_1_426' title='bbox 1157 4169 1215 4228; x_wconf 86' lang='lat' dir='ltr'><strong>redr</strong></span> <span class='ocrx_word' id='word_1_427' title='bbox 1237 4166 1248 4226; x_wconf 90' lang='lat' dir='ltr'><strong>i</strong></span> 
     </span>
     <span class='ocr_line' id='line_1_46' title="bbox 122 4188 1248 4328; baseline 0.001 -24"><span class='ocrx_word' id='word_1_428' title='bbox 122 4243 178 4318; x_wconf 75' lang='lat' dir='ltr'><strong>sub</strong></span> <span class='ocrx_word' id='word_1_429' title='bbox 198 4243 333 4312; x_wconf 84' lang='lat' dir='ltr'><strong>ditionem</strong></span> <span class='ocrx_word' id='word_1_430' title='bbox 351 4267 438 4318; x_wconf 85' lang='lat' dir='ltr'><strong>suam,</strong></span> <span class='ocrx_word' id='word_1_431' title='bbox 457 4265 489 4305; x_wconf 91' lang='lat' dir='ltr'><strong>ac</strong></span> <span class='ocrx_word' id='word_1_432' title='bbox 509 4243 664 4306; x_wconf 87' lang='lat' dir='ltr'><strong>doctrinam</strong></span> <span class='ocrx_word' id='word_1_433' title='bbox 684 4246 866 4328; x_wconf 81' lang='lat' dir='ltr'><strong>promulgari,</strong></span> <span class='ocrx_word' id='word_1_434' title='bbox 885 4229 956 4325; x_wconf 74' lang='lat' dir='ltr'><strong>quiae</strong></span> <span class='ocrx_word' id='word_1_435' title='bbox 976 4243 1089 4308; x_wconf 86' lang='lat' dir='ltr'><strong>snba&#39;cta</strong></span> <span class='ocrx_word' id='word_1_436' title='bbox 1110 4243 1188 4304; x_wconf 88' lang='lat' dir='ltr'><strong>omni</strong></span> <span class='ocrx_word' id='word_1_437' title='bbox 1206 4188 1248 4306; x_wconf 72' lang='lat' dir='ltr'><strong>al-</strong></span> 
     </span>
     <span class='ocr_line' id='line_1_47' title="bbox 126 4319 1247 4412; baseline 0 -28"><span class='ocrx_word' id='word_1_438' title='bbox 126 4319 245 4388; x_wconf 87' lang='lat' dir='ltr'><strong>titudine</strong></span> <span class='ocrx_word' id='word_1_439' title='bbox 267 4331 361 4387; x_wconf 84' lang='lat' dir='ltr'><strong>terurn</strong></span> <span class='ocrx_word' id='word_1_440' title='bbox 384 4321 537 4386; x_wconf 88' lang='lat' dir='ltr'><strong>bumannrn</strong></span> <span class='ocrx_word' id='word_1_441' title='bbox 559 4341 647 4406; x_wconf 82' lang='lat' dir='ltr'><strong>genus</strong></span> <span class='ocrx_word' id='word_1_442' title='bbox 660 4319 806 4412; x_wconf 46' lang='lat' dir='ltr'><strong>,humiliet</strong></span> <span class='ocrx_word' id='word_1_443' title='bbox 842 4325 940 4404; x_wconf 76' lang='lat' dir='ltr'><strong>Atque</strong></span> <span class='ocrx_word' id='word_1_444' title='bbox 962 4321 1016 4386; x_wconf 89' lang='lat' dir='ltr'><strong>bac</strong></span> <span class='ocrx_word' id='word_1_445' title='bbox 1035 4319 1148 4404; x_wconf 84' lang='lat' dir='ltr'><strong>quidem</strong></span> <span class='ocrx_word' id='word_1_446' title='bbox 1165 4341 1247 4401; x_wconf 84' lang='lat' dir='ltr'><strong>prae-</strong></span> 
     </span>
    </p>
   </div>
   <div class='ocr_carea' id='block_1_5' title="bbox 0 0 1415 4774">
    <p class='ocr_par' dir='ltr' id='par_1_10' title="bbox 0 0 1415 4774">
     <span class='ocr_line' id='line_1_48' title="bbox 0 0 1415 4774; baseline 0 0"><span class='ocrx_word' id='word_1_447' title='bbox 0 0 1415 4774; x_wconf 95' lang='lat' dir='ltr'><strong> </strong></span> 
     </span>
    </p>
   </div>
  </div>
 </body>
</html>
