2830 4772
509 194 636 242 cunum
658 192 834 240 varnerium.
1166 179 1232 251 ,tat

113 361 148 406 ex
167 337 248 398 variis
271 333 457 398 concionibus
481 351 621 394 smnmam·
641 328 787 390 doetrinae
810 338 965 391 contexens
988 325 1075 407 (sicut
1097 325 1162 388 alibi
1185 348 1233 390 oss

114 411 273 488 tendimus)
296 413 368 475 banc
393 429 506 491 quoque
528 407 691 500 parabolam
708 403 814 466 inserit.
851 405 899 466 Ad
924 405 993 466 haec
1015 403 1153 488 generalis
1175 404 1232 467 illic

112 490 230 573 ponitur
249 487 398 568 praelatio,
419 498 450 546 ut
468 484 595 565 discipuli
613 483 713 543 lumbis
732 481 911 561 praecinctis,
937 494 968 542 ct
986 480 1112 544 lucernas
1130 501 1232 542 accen-

85 609 90 626 .
113 566 302 635 mamanibus
325 575 485 648 gestantes,
515 563 661 624 dominum
685 580 765 620 suum
791 569 959 638 exspectent.
998 558 1052 622 Cui
1076 558 1233 624 sententiae

114 641 270 720 respondet
288 640 435 721 parabola,
455 633 526 718 quae
569 637 630 698 aulo
655 645 722 715 post
737 645 870 714 sequetur
892 634 968 714 apud
986 634 1171 712 Matthaeum,
1195 635 1233 694 de

114 717 272 800 virginibus
289 714 471 796 prudentibus
488 727 517 774 et
548 713 626 774 atuis.
664 711 763 771 Paucis
784 721 878 770 autem
894 710 987 770 verbis
1006 699 1145 772 concinne
1164 727 1232 792 pecs
1262 767 1270 793 ,
1325 761 1326 768 ,

113 795 227 876 stringit
251 793 402 866 Christus,¹
415 792 558 872 quomodo
587 787 681 848 fideles
706 787 735 847 in
759 781 866 864 mundo
880 785 1062 866 peregrinari
1087 799 1230 867 oporteata

114 894 180 934 nam
202 870 299 950 primo'
317 869 476 942 lumborum
499 867 652 928 cincturam
679 859 958 947 dncsidiae'vopponit,
988 859 1114 922 lucernas
1138 877 1232 924 autem

115 949 244 1008 ardentes
264 943 436 1028 ignorantiae
455 943 590 1014 tenebris.
629 939 756 1002 Primum
777 960 845 1021 ergo
871 935 1022 1017 discipulos
1045 937 1125 998 iubet
1145 939 1233 1002 Chri„
1304 940 1308 948 '

116 1037 174 1084 stus
193 1023 227 1084 ad
245 1021 299 1082 iter
317 1033 427 1113 paratos
447 1032 477 1079 et
497 1011 641 1098 expeditos
663 1035 735 1089 esse,
755 1025 788 1074 ut
806 1031 857 1095 per
874 1025 979 1073 tetram
998 1011 1127 1074 celeriter
1143 1025 1234 1078 trans-s

10 1139 13 1144 ι
117 1114 196 1174 eant,
230 1119 283 1158 nec
311 1103 393 1158 usam
419 1097 595 1176 quietamque
625 1091 772 1151 stationem
805 1089 869 1150 alibi
903 1101 1054 1172 quaerant,
1093 1109 1175 1168 quam
1203 1095 1233 1152 in

116 1176 209 1237 coelos·
248 1175 415 1235 Admonitio
443 1171 525 1232 valde
557 1169 642 1229 utilis:
692 1187 829 1246 uauquam
859 1166 933 1226 enim
964 1165 1037 1227 vitae
1065 1166 1235 1230 curriculum

117 1251 365 1344 profaniquoque
388 1249 515 1308 homines
533 1245 562 1306 in
582 1266 634 1304 ore
651 1242 686 1311 lm
708 1248 775 1317 ent,
793 1243 918 1317 uidemus
941 1255 1035 1304 tamen
1058 1253 1090 1302 ut
1110 1242 1140 1302 in
1160 1255 1235 1306 terra

115 1340 226 1388 taceant
244 1323 347 1386 resides
367 1345 399 1384 ac
418 1323 510 1386 defixi.
552 1323 631 1382 Deus
654 1331 747 1380 autem
770 1318 893 1379 liliorum
920 1319 1030 1380 honore
1053 1339 1112 1378 non
1136 1319 1235 1402 digna-

116 1417 179 1480 tur,
198 1402 253 1462 nisi
271 1401 429 1480 quiterrac
447 1397 598 1477 inquilinos
617 1418 647 1458 se
665 1399 835 1490 agnoscunt,
858 1417 912 1456 nec
931 1407 1038 1456 tantum
1058 1395 1091 1456 nd
1111 1397 1148 1454 mi
1171 1417 1237 1456 rana

116 1481 186 1542 dum
204 1497 315 1568 semper
336 1476 426 1556 parati
444 1487 522 1550 sunt,
545 1475 595 1536 s'ed
617 1485 753 1536 coubnuo
771 1472 854 1532 etiam
874 1495 957 1533 cursu
996 1483 1097 1565 argunt
1115 1472 1149 1532 ad
1186 1493 1251 1546 oe..
1318 1471 1321 1482 “

121 1558 223 1616 lestem
241 1565 334 1614 vitam.
372 1553 432 1612 lam
450 1572 519 1612 vero
537 1549 600 1630 quia
619 1549 743 1612 tenebris
761 1549 884 1628 undique
903 1493 1031 1611 obvoluti
1049 1560 1127 1625 sunt,
1152 1571 1236 1628 quarn

117 1633 169 1692 diu
187 1631 217 1690 in
234 1623 339 1688 inundo
359 1639 519 1702 versantur,
541 1626 662 1688 lucernis
688 1647 737 1688 eos
756 1625 881 1698 instruit,
905 1637 937 1684 ut
963 1625 1010 1706 qui
1028 1637 1116 1686 noctu
1135 1625 1237 1705 facturi

118 1719 186 1770 sunt
204 1707 267 1772 iter.
305 1705 405 1766 Priore
423 1704 516 1783 itaque
537 1704 603 1764 loco
624 1701 753 1771 currendi
773 1702 922 1762 strenuitas
942 1703 1166 1762 commendatur:
1185 1701 1237 1763 de-

119 1785 188 1846 inde
199 1793 284 1844 *certa
302 1779 435 1856 dicccum
457 1799 495 1842 ne
514 1779 634 1842 errando
652 1781 755 1840 frustra
773 1799 803 1840 se
822 1777 943 1860 fatigent
960 1779 1065 1840 fideles:
1084 1789 1147 1838 nam
1167 1780 1237 1840 alio-

119 1861 169 1941 qui
192 1869 345 1942 praestaret
372 1859 402 1918 in
426 1857 471 1918 via
498 1857 667 1932 claudicare,
705 1861 786 1934 quain
813 1866 921 1916 temere
952 1856 1093 1916 conficere
1119 1877 1237 1918 coecum

120 1937 183 1996 iter.
224 1935 313 2010 Quod
329 1935 367 1994 ad,
382 1934 542 1994 lumborum
561 1933 715 1994 tincturam
734 1943 857 2012 spectat,
880 1933 1008 2010 loquutio
1036 1955 1070 1994 ex
1093 1933 1238 1996 communi

121 2013 309 2074 Orientalium
328 2031 407 2072 more
424 2022 535 2092 sumpta
554 2021 609 2083 eat,
629 2010 676 2090 qui
694 2009 824 2097 oblongis
842 2019 962 2068 utuntur
979 2010 1110 2070 vestibus.

144 2119 146 2124 .
196 2089 266 2148 Luc.
285 2090 333 2149 36.
370 2089 412 2146 m
430 2109 483 2146 cos
501 2089 623 2146 similes.
661 2085 722 2146 Alia
742 2084 922 2146 similitudine
939 2085 1039 2160 utitur,
1063 2107 1144 2166 quam
1163 2087 1240 2146 Mat-

121 2163 220 2234 thaeus
244 2163 378 2237 subticet,
408 2163 509 2242 quiin
532 2163 584 2222 bac
602 2173 686 2240 parte
709 2161 824 2220 brevior
847 2175 897 2221 est.
936 2161 975 2222 Se
992 2161 1074 2221 >enin
1097 2173 1240 2242 comparat

121 2239 322 2322 patrifamilias,
347 2239 394 2318 qui
418 2240 488 2312 dum
510 2237 634 2297 hilariter
659 2237 784 2316 epulatur
808 2237 837 2294 in
861 2237 979 2317 nuptiis,
1003 2237 1048 2298 uel
1071 2233 1139 2298 alibi·
1162 2253 1239 2298 entra

121 2321 238 2380 domum
256 2316 376 2376 lactitiae
394 2315 533 2397 indulget,
556 2313 616 2374 vult
634 2324 729 2372 tamen
749 2332 845 2374 servos
867 2323 932 2374 suos
952 2315 1078 2376 modeste
1097 2328 1127 2375 ct
1143 2314 1240 2376 sobrie

121 2394 199 2456 domi
218 2413 317 2475 agere,
338 2391 477 2472 legitimis·
493 2389 586 2470 operis
607 2390 746 2463 intentos,
771 2409 803 2448 ac
824 2389 945 2450 reditum
964 2414 1043 2450 suum
1063 2392 1170 2451 assidue
1189 2411 1240 2451 ex·
1328 2426 1330 2432 ι
1404 2381 1405 2386 ¹

122 2479 289 2549 spectantes.
330 2468 412 2526 Licet
435 2487 505 2550 ergo
536 2465 704 2526 Filiusuei
728 2465 756 2523 in
784 2465 894 2524 beatam
917 2465 993 2526 coeli
1011 2469 1135 2547 quietem
1158 2489 1241 2528 rece-

121 2557 186 2633 ptus
205 2566 221 2603 a
240 2543 324 2604 nobis
342 2541 425 2616 absit,
455 2543 518 2622 quia
536 2554 629 2602 tamen
649 2541 749 2623 cuique
768 2561 848 2601 suum
868 2541 997 2603 officium*
1009 2545 1143 2620 iniunxit,
1164 2547 1241 2606 otio·
1300 2585 1301 2590 κ

122 2641 169 2682 sos
187 2619 312 2680 dormire
328 2619 476 2680 absurdum
494 2630 550 2680 est.
579 2616 700 2680 uetare
721 2617 784 2697 quia
809 2637 839 2678 se
862 2619 897 2678 ad
919 2641 971 2680 nos
993 2623 1147 2682 rediturum
1168 2634 1247 2702 ‘pro-e

123 2695 216 2771 misit,
251 2697 287 2756 atl
312 2715 376 2754 eum
399 2694 512 2778 singulis
538 2681 690 2754 momecitis
713 2693 905 2772 excipiendum
923 2709 1033 2788 paratos
1054 2711 1127 2759 stare
1150 2699 1241 2775 decet,

122 2792 161 2833 ne
179 2771 286 2854 sopitos
303 2771 502 2852 deprehendat.
539 2773 612 2832 Nam
636 2769 661 2831 si
684 2771 739 2831 hoc
762 2771 816 2831 sibi
839 2769 936 2832 debera
955 2774 1096 2834 'existimat
1114 2775 1241 2836 mortalis

120 2851 223 2924 bomo,
242 2861 275 2910 ut
293 2869 457 2941 quacunque
476 2849 545 2908 hora
564 2849 678 2908 domum
697 2847 823 2922 redierit,
842 2859 951 2940 praesto
971 2852 1027 2910 sint
1044 2850 1117 2912 servi
1135 2851 1170 2910 ad
1189 2873 1241 2911 oc·
1344 2909 1346 2918 ,

121 2947 247 3002 cursum,
274 2938 379 3004 quanto
402 2925 501 2988 maroti
517 2925 584 2985 'iure
609 2924 664 2985 hoc
687 2945 703 2983 a
726 2925 780 2986 suis
809 2925 910 3007 exigit,
943 2938 975 2987 ut
1002 2927 1060 2988 eius
1089 2929 1241 2987 adventum

123 3003 212 3066 sobrii
231 3013 262 3062 et
279 3002 376 3084 vigiles
394 3021 505 3082 semper
522 3001 701 3081 exspectent?
747 3001 815 3076 Quo
838 3015 931 3064 amem
951 3003 1017 3084 plus
1040 3004 1120 3062 addat
1142 3002 1242 3064 alacri-

122 3082 201 3155 tatis,
225 3078 309 3142 hecos
332 3091 459 3142 terrenos
483 3089 686 3139 commemorat
702 3077 755 3136 ista
767 3097 913 3138 servcrmn
930 3079 1153 3160 promptitudine
1170 3080 1243 3140 adeo

123 3156 270 3231 delectari,
292 3167 324 3216 ut
347 3155 428 3216 etiam
452 3155 504 3216 illis
522 3154 695 3216 ministrent:
718 3174 778 3213 nou
822 3157 877 3218 uod
901 3153 1029 3216 omnibus
1048 3155 1167 3216 dourinis
1186 3157 1243 3220 hoc

124 3232 161 3293 sit
178 3232 323 3308 usitatum,
348 3231 397 3293 sed
420 3232 485 3312 quia
510 3233 564 3292 boc
588 3229 727 3291 interdum
750 3177 862 3304 accidit,
887 3243 921 3290 ut
944 3233 1041 3306 herus,
1069 3232 1117 3310 qui
1143 3243 1242 3300 natum

125 3308 213 3368 comis
232 3321 263 3368 et
282 3311 416 3370 humanus
435 3321 491 3384 est,
513 3328 610 3374 servos
632 3319 765 3386 tanquam
786 3309 892 3368 sodales
910 3308 944 3368 ad
964 3329 1141 3370 communem
1160 3323 1245 3373 men-i

125 3405 183 3445 sam
201 3384 334 3447 admittat.
376 3385 530 3460 Quaeritur
548 3396 656 3459 mmen,
682 3405 768 3520 ‹puum
794 3384 894 3464 passim
914 3384 1058 3463 Scriptura
1081 3407 1134 3448 nos
1158 3401 1244 3450 vocet

125 3459 298 3536 filios-lucis,
330 3474 360 3523 et
378 3462 519 3524 Dominus
539 3462 621 3521 etiam
646 3482 684 3520 no
706 3461 729 3520 is
752 3461 842 3520 verbo
862 3481 913 3520 suo
932 3461 1107 3541 praeluceat,
1131 3476 1164 3524 ut
1182 3487 1243 3526 am-

124 3534 253 3596 bulemus
271 3549 400 3616 tanquam
418 3539 448 3599 in
466 3538 582 3600 meridie
608 3538 693 3618 (Eph.
714 3540 748 3610 5,
766 3539 794 3600 8.
814 3538 837 3595 Ι.
857 3537 956 3597 Thess.
974 3542 1008 3611 5,
1027 3539 1076 3614 5),
1100 3543 1245 3632 quomodo

125 3613 212 3674 vitam
230 3625 353 3672 nostram
373 3616 512 3676 Dominus
531 3618 661 3676 conferat
681 3614 827 3675 nocturnis
848 3613 954 3696 vigiliis.
1000 3617 1057 3676 Sed
1075 3617 1157 3678 hunus
1176 3617 1248 3676 nodi
1321 3651 1324 3658 ·

65 3689 69 3706 ⁴
127 3685 230 3750 solutio
260 3707 294 3746 ex
318 3690 397 3749 Petri
422 3692 480 3783 (ep.
503 3692 543 3749 II.
569 3689 680 3767 1‚19.)
705 3690 797 3751 verbis
820 3693 940 3771 petenda
964 3706 1024 3768 est,
1051 3695 1101 3774 qui
1124 3693 1244 3753 verbum

124 3763 183 3824 Dei
203 3763 333 3824 lucernae
359 3767 478 3828 ardentis
504 3769 591 3834 instar
619 3767 729 3850 fulgere
754 3767 850 3842 docet,
881 3780 913 3826 ut
941 3767 973 3828 in
996 3770 1069 3830 loco‘
1088 3769 1244 3852 caliginoso

124 3839 170 3902 via
189 3839 224 3900 sit
250 3837 332 3900 nobis
353 3843 510 3920 conspicua.
548 3845 626 3926 Ergo
650 3856 800 3923 utrumque
823 3843 994 3920 notandum,
1019 3846 1094 3925 quod
1116 3867 1169 3924 per
1188 3844 1244 3904 ob-

125 3937 219 3980 scuras
238 3916 334 3976 mundi
349 3919 478 3978 tenebras
496 3918 552 3978 iter
570 3918 652 3980 nobis
669 3919 825 3980 faciendum
845 3933 900 3995 est,
924 3933 953 3980 et
975 3933 1071 3981 tameo
1089 3932 1244 4001 praeeunte

125 3991 256 4054 coelestis
273 3992 417 4055 doctrinae
436 3993 548 4054 lucerna
572 3995 607 4054 ab
633 3996 742 4056 errandi
785 3997 890 4056 ericulo
914 3998 967 4056 tuti
986 4016 1092 4072 sumus,
1115 4017 1244 4077 pracser-

123 4073 175 4133 tim
194 4091 280 4149 quum
299 4069 381 4130 nobis
404 4070 532 4132 Christus
551 4069 610 4151 ipse
629 4071 703 4133 Solis
722 4017 847 4134 ofblbium
866 4083 997 4164 praestet.

197 4149 246 4209 43.
284 4148 382 4208 lllattb.
402 4147 486 4207 Illud
502 4157 603 4206 autem
621 4153 739 4220 scitote.
771 4148 837 4208 Alia
855 4148 1034 4210 similitudine
1051 4170 1128 4209 nunc
1146 4147 1180 4210 ad
1198 4167 1243 4212 se-

123 4220 200 4285 dulas
218 4223 345 4286 excubias
363 4223 513 4317 discipulos
531 4245 597 4285 suus
615 4224 745 4288 hortatur
763 4225 898 4286 Christus.
947 4226 1021 4284 Nam
1038 4226 1062 4285 si
1085 4226 1146 4305 quis
1166 4225 1244 4292 iures

21 4313 24 4321 '
124 4311 213 4362 nocta
235 4301 354 4388 grassari
374 4302 509 4390 audierit,
537 4313 630 4382 metus
651 4301 712 4400 ippe
735 4313 764 4361 et
784 4301 908 4380 auspicio
939 4319 1003 4361 eum
1029 4302 1154 4365 dormire
1182 4324 1243 4366 non

269 4465 273 4508 l
