2790 4764
417 256 494 332 (1⁵⁵.
524 217 944 354 anconitanensem.)
1019 287 1026 308 t
1186 260 1243 323 „3
1344 258 1350 274 .

8 407 10 412 ’
109 408 237 472 secundo
260 405 332 470 luco
353 406 462 483 rubri,
490 425 576 488 qnmu
596 404 673 480 inter
696 409 727 467 s'e
745 405 879 472 dissident
897 404 1029 471 homiues
1046 405 1077 470 in
1095 405 1242 492 religionis

109 486 257 560 doctrina,
285 483 368 546 facile
389 483 420 544 in
442 496 538 544 mutua
561 482 624 544 odia
642 502 759 564 prorum
782 505 838 544 ere.
877 484 998 568 Signum
1013 483 1095 549 'enim
1112 487 1243 566 acerrimi

112 562 172 623 odii
191 561 258 635 fuit,
283 560 437 639 esurientes
454 558 582 632 fraudare
601 559 691 635 victu,
713 571 742 620 ot
759 505 840 621 lessis
858 581 966 645 negare
985 559 1147 646 hospitium.
1185 561 1242 625 At-

77 705 80 709 ,
112 639 164 720 qui
188 637 374 698 Samaritanus
396 637 434 698 ita
457 635 529 696 male
551 635 636 696 babet
659 657 692 696 ao
714 635 773 696 urit
790 637 903 700 Iudaica
920 635 1037 721 religio,
1060 649 1093 698 ut
1111 637 1241 720 quieuu

111 725 256 778 sectantur
279 713 352 773 nulla
375 711 546 782 humanitate
569 712 671 796 dignos
689 724 801 794 putent,
840 714 974 798 Augebat
992 715 1074 776 etiem
1094 713 1170 780 sorte
1190 737 1240 778 eos

0 821 1 836 ÷
114 789 300 850 contumeliae
327 789 407 850 dolor
449 790 526 884 qnod
544 787 651 849 scirent
668 786 803 870 templum
823 811 903 850 suum
925 789 1002 871 quasi
1020 790 1171 873 profanum
1188 793 1240 854 de-

112 865 255 928 testationi
283 887 342 928 esse
368 831 490 941 Iudaeus,
525 859 611 944 seque
635 864 669 924 de
691 885 791 950 encres
820 877 850 944 et
869 857 1041 928 ¹adulterinos
1065 863 1161 930 haberi
1182 869 1241 930 Dei

113 940 244 1003 cultores.
281 943 337 1004 Sed
360 961 447 1023 quum
470 939 653 1021 pertinaciter
670 885 807 1002 inuenerat
828 940 989 1020 superstitio
1012 943 1098 1004 semel
1115 965 1164 1007 rec
1200 957 1239 1024 ta,

133 1039 198 1080 rava
216 1017 398 1092 aemulatione
418 1027 564 1082 certarunt
581 1035 670 1096 usque
687 1017 723 1093 ad
742 1027 900 1084 exuernum
917 1016 949 1082 tn
968 1037 1001 1076 ea
1018 1019 1131 1082 tuenda
1187 1043 1240 1092 an,
1304 1059 1308 1064 -

110 1039 176 1162 dem
200 1115 319 1176 eousque
343 1093 446 1155 exarsit
472 1091 635 1164 contentio,
664 1103 697 1167 ut
718 1112 778 1165 nno
806 1090 938 1156 incendio
961 1101 1052 1166 utram
1091 1113 1107 1154 e
1146 1109 1240 1160 entem

109 1170 273 1258 perdiderit:
292 1191 359 1230 nam
377 1169 470 1246 facem
488 1167 555 1228 belli
575 1165 682 1228 Iudaici
701 1167 795 1242 lirisae,
812 1166 893 1228 testis
913 1178 956 1228 est
974 1167 1059 1252 Iosep
1078 1115 1169 1304 11εῆ

109 1267 191 1326 quum
213 1259 308 1310 autem
332 1245 466 1310 invidiam
491 1242 633 1304 declinare
657 1241 773 1313 Christo
792 1254 956 1324 promptum
975 1254 1049 1318 erat,
1075 1257 1182 1306 merut
1198 1259 1242 1308 ta-

106 1343 175 1460 fflpp
197 1345 229 1385 ae
250 1324 390 1392 Iudaeum
412 1319 554 1402 profiteri,
582 1339 667 1400 quam
685 1317 797 1400 obliqua
815 1317 1004 1404 abnegatione
1024 1321 1177 1402 hospitium
1194 1344 1243 1386 re-

166 1419 224 1462 ΒΓΕ·
1217 1429 1223 1454 a
1271 1409 1278 1426 ⁵

183 1478 232 1538 54.
253 1467 527 1553 'Quumniclr’ssent
544 1471 693 1550 discipuli.
731 1468 891 1552 Admopuit
908 1470 985 1551 forte
998 1493 1053 1536 eos
1072 1473 1131 1555 ipsa
1149 1494 1182 1536 re
1204 1473 1242 1553 ὀ,

106 1561 140 1611 ot
166 1560 269 1612 contra
291 1549 330 1609 im
350 1547 395 1608 ios
415 1547 545 1630 protinus
567 1547 718 1608 fulminare
731 1559 888 1630 oupeneutt
917 1549 974 1614 illic
998 1550 1074 1612 enim
1100 1571 1176 1632 quon
1196 1573 1242 1614 am

105 1625 186 1686 Elias
201 1625 270 1708 igne
285 1567 401 1686 coelesti
414 1624 510 1708 regios
526 1623 628 1692 milites
640 1623 789 1761 deiecerat¹21
804 1622 852 1706 qui
865 1625 900 1688 ad
916 1645 980 1688 eum
990 1627 1156 1709 capiendum
1164 1624 1242 1692 uiissi

107 1701 225 1763 fuerant
243 1701 297 1777 (11.
317 1702 391 1784 neg.
412 1703 443 1774 1,
465 1699 534 1776 lt).
573 1699 662 1762 Venit
681 1721 751 1786 ergo
789 1700 821 1761 lis
840 1699 871 1762 in
887 1713 1027 1778 mentem,
1051 1703 1133 1766 simili
1154 1701 1241 1766 exitio

108 1777 230 1840 devotos
249 1796 308 1839 esse
326 1787 396 1838 tunc
415 1777 578 1853 Samaritae,
603 1777 651 1858 qui
669 1789 726 1838 tam
745 1775 804 1838 indi
825 1797 862 1838 ne
880 1778 985 1841 Filium
1003 1779 1062 1842 Dei
1079 1781 1241 1844 reiicerent.

108 1855 167 1915 Hic
194 1864 287 1915 autem
306 1853 445 1928 videmus,
468 1875 525 1934 quo
544 1875 597 1917 nos
618 1852 744 1936 impellat
761 1799 843 1916 stulta
861 1867 1025 1920 sanctorum
1042 1858 1158 1920 Patruna
1176 1857 1242 1920 imi-

107 1931 196 1992 tatio:
228 1929 399 2004 Obtenduut
416 1930 537 1992 Iacobus
558 1942 588 1991 et
605 1931 727 1992 Ioannes
745 1931 823 1992 Eliae
846 1931 1017 2015 exemplum,
1046 1935 1096 1996 sed
1118 1955 1182 1996 nou
1198 1949 1241 1997 at-

109 2007 241 2098 tendunt,
253 2019 396 2089 quantum
415 2005 450 2068 ab
469 2005 530 2068 Elia
548 1992 694 2082 differant:
714 2029 774 2068 non
792 2007 867 2072 bene
885 2011 1045 2072 examinant
1062 2009 1117 2086 aeli
1134 2011 1177 2084 sui
1195 2011 1241 2090 iu-

1171 1193 1241 1232 llan-

5 2136 9 2163 ,
109 2094 286 2164 temperiem,
304 2083 339 2144 ad
357 2081 414 2144 Dei
431 2083 616 2146 vocationem
629 2105 691 2144 non
709 2083 872 2175 respiciunt,
909 2087 1011 2167 Aeque
1019 2085 1148 2167 specioso
1157 2109 1242 2170 prae-

5 2231 6 2235 η
108 2170 188 2222 textu
208 2181 286 2220 ruam
305 2159 490 2220 idololatriam
508 2159 642 2221 locabant
661 2161 830 2236 Samaritae,
854 2160 935 2223 sicuti
953 2161 1076 2224 habetur
1091 2164 1241 2238 Innumd,

3 2251 6 2307 j
107 2239 171 2313 20„
205 2236 254 2297 sed
278 2235 409 2297 errabant
426 2236 539 2316 utrique
575 2235 652 2315 quod
669 2233 748 2308 nullo
767 2235 890 2300 adhibito
909 2235 1022 2298 delectu
1039 2237 1135 2299 suniae
1154 2241 1243 2320 rpagis
1341 2237 1347 2251 '

2 2312 6 2321 '
109 2333 191 2410 quam
202 2311 357 2373 imitatores
367 2323 528 2372 sanctorum
539 2279 654 2379 i'atrum
664 2321 753 2386 erant.
783 2311 952 2390 Quanquam
960 2322 1055 2371 autem
1065 2313 1181 2373 dubimn
1190 2325 1242 2398 est,

108 2400 249 2470 putentne
268 2387 321 2448 sibi
339 2387 370 2446 in
388 2407 473 2446 manu
492 2407 553 2448 esse
592 2385 743 2461 utentium,
761 2406 797 2444 an
816 2385 869 2446 sibi
887 2385 1034 2448 aChrlsto
1052 2387 1112 2447 dari
1131 2399 1243 2469 petant:

108 2465 178 2524 mihi
195 2476 293 2524 tamen
311 2461 368 2523 boc
385 2461 475 2542 magia
492 2461 565 2542 prob
603 2460 640 2520 ile
660 2471 716 2543 est,
730 2461 818 2540 'prod
836 2459 919 2523 stulta
938 2459 1039 2521 fiducia
1058 2460 1136 2539 elati,
1155 2465 1243 2526 modo

108 2549 217 2678 tppnuat
232 2537 375 2611 Christus,
395 2537 430 2596 ad
440 2537 653 2616 ,exsequendam
671 2535 824 2598 vindictam
844 2547 1013 2612 rearmatur
1032 2557 1093 2602 esse
1111 2559 1172 2603 uon
1190 2540 1243 2610 dur

133 2615 216 2676 itent.
423 2625 448 2640 ’“
877 2665 879 2670 .

187 2685 235 2752 65.
254 2689 387 2750 Nescitis
400 2691 485 2748 cutus
499 2687 706 2767 Spirttnsooa.
731 2689 798 2764 Hoc
810 2708 946 2770 responso
965 2681 1025 2758 nori
1044 2693 1130 2754 modo
1151 2693 1239 2758 etfre-

1 2815 2 2838 ,
109 2787 178 2828 nem
196 2765 334 2848 impetum
356 2763 484 2827 Christus
502 2765 533 2833 in
552 2764 662 2830 dnobus
679 2760 821 2848 discipulis
839 2767 1027 2849 compescuit,
1045 2770 1095 2831 aed
1111 2772 1241 2864 regulam

1 2849 3 2870 ³
109 2843 193 2904 nobis
213 2841 344 2904 omnibus
362 2836 548 2924 praescripsit,
566 2862 604 2902 ne
623 2841 684 2902 zelo
704 2853 805 2910 nostro
822 2843 1023 2928 indigeamus.
1054 2847 1151 2908 Probe
1166 2867 1243 2921 enup
1354 2915 1356 2922 Α

111 2920 163 2981 sibi
188 2917 333 2980 conscium
359 2939 420 2985 esse
444 2929 573 2997 oportet,
596 2917 720 3000 quisquis
739 2917 841 3002 aliquid
854 2921 1036 3004 aggreditur,
1055 2925 1131 3004 quod
1149 2924 1243 3006 Spiri-

109 3008 171 3056 tum
195 2995 252 3056 Dei
276 3005 420 3055 auctorem
444 2993 736 3075 ducemque'habent,
764 3008 903 3090 rectoque
924 3009 953 3082 et
970 3019 1044 3078 puro
1063 3010 1164 3082 agatur
1181 2999 1242 3060 eius
1265 3066 1268 3069 ,

110 3071 254 3142 instinctu,
293 3070 399 3134 Multos
417 3069 542 3152 impellet
560 3070 613 3132 aeli
632 3071 738 3147 fervor,
757 3073 816 3148 sed,
837 3095 860 3137 u
878 3075 959 3138 deest
977 3074 1100 3154 Spiritus
1118 3075 1243 3156 pruden-

109 3149 181 3226 tiae,
194 3147 330 3213 ebulliunt
348 3147 379 3208 iu
398 3168 520 3228 spumas}
548 3167 632 3240 saepe
652 3147 737 3210 etiam
754 3148 905 3232 contingit,
923 3149 985 3211 zelo
1004 3149 1132 3212 turbidos
1151 3151 1242 3236 earnip
1305 3193 1308 3200 .

112 3225 231 3306 allectus
248 3223 404 3325 permixtos
423 3245 494 3297 esse,
513 3233 542 3285 et
561 3245 609 3304 qur
627 3225 757 3286 acerrimi
773 3225 906 3287 videntur
925 3224 1033 3310 gloriae
1050 3225 1107 3288 Dei
1125 3227 1242 3320 zelotae,

112 3321 257 3363 exonerari
274 3300 386 3382 privato
406 3300 496 3371 carnis
514 3299 636 3360 allectu-
669 3300 767 3377 Quare
789 3301 843 3364 uid
861 3300 924 3379 aelo
942 3313 1043 3364 nostro
1062 3303 1168 3383 praesit
1185 3305 1243 3384 Der
1280 3319 1284 3335 ‘

107 3377 245 3457 Spiritus,
270 3378 304 3437 ad
324 3376 533 3441 excusationem
551 3375 620 3443 nittt
638 3378 768 3459 proderit
785 3379 901 3454 iactare,
919 3377 988 3448 nihil
1007 3377 1062 3450 nisi
1080 3379 1159 3448 bono
1179 3380 1255 3454 galo

110 3453 196 3514 fuisse
220 3475 236 3514 a
259 3452 512 3514 nobistentatum.
555 3453 677 3590 Spirppus
701 3465 795 3524 autem
816 3453 877 3548 ipse
902 3453 1021 3540 consilio
1046 3465 1076 3516 et
1094 3459 1243 3540 prudentia

110 3551 164 3590 uos
186 3540 283 3614 reget,
312 3529 441 3609 ne‘quid
465 3541 577 3611 praeter
600 3549 618 3590 o
651 3529 726 3591 cium
744 3529 789 3593 uel
813 3541 884 3592 cntra
901 3531 1096 3610 vocationem,
1119 3535 1186 3598 deni
1207 3555 1243 3596 ne

1 3645 9 3685 3
110 3605 165 3666 nisi
188 3605 342 3686 prudenter
365 3615 395 3666 et
413 3618 574 3740 opportune
599 3617 752 3668 tentemus:
781 3605 882 3668 deinde
901 3619 1012 3670 mentes
1030 3622 1153 3690 nostras,
1213 3633 1243 3672 s·
1328 3613 1331 3618 ’

110 3692 186 3744 tersa
214 3681 293 3758 omni
321 3680 412 3748 carnis
451 3703 531 3756 aece,
563 3694 646 3757 recto
670 3683 776 3761 ellectu
794 3683 915 3760 imbuet,
938 3705 978 3746 ne
1015 3687 1063 3748 nid
1082 3710 1097 3748 a
1116 3699 1243 3770 petamus

107 3755 167 3818 nisi
185 3757 262 3837 quod
280 3757 360 3834 Dens
379 3757 533 3820 dictaverit
571 3760 741 3843 Perstriugit
754 3757 837 3820 etiam
849 3758 978 3829 Christus
992 3707 1151 3845 dscipulor,
1165 3760 1242 3847 qupd

110 3834 202 3916 longe
223 3851 247 3908 a=
263 3831 362 3913 spiritu
385 3831 462 3893 Eliae
485 3835 604 3910 remoti,
635 3843 789 3917 perperam
808 3837 886 3916 quod
904 3837 951 3900 ille
969 3839 1055 3920 gessit
1083 3837 1136 3898 sibi
1159 3845 1242 3895 usur.-

110 3919 192 3992 peut.
230 3907 304 3966 Nam
328 3905 401 3968 Elias
423 3909 479 3970 D'ei
504 3910 649 3984 iudicium,
678 3913 754 3992 quod
771 3911 811 3972 illi
829 3915 991 3980 mandatum
1009 3924 1072 3974 erat
1089 3933 1106 3972 a
1125 3907 1242 4048 Spiritu,

112 3993 283 4064 exsequutus
303 3993 357 4041 est:
376 3982 420 4046 isti
439 3996 532 4046 autem
551 4007 611 4046 non
630 3987 687 4055 Dei
705 3989 789 4062 iussu,
808 3989 858 4062 sed
877 3989 968 4050 carnia
986 3985 1106 4065 impulsu
1124 4005 1140 4046 a
1177 4005 1242 4061 vrn-
1295 4005 1299 4032 ¹

112 4061 217 4130 dictam
232 4056 395 4151 prosiliunt.
430 4060 529 4196 (puae-e
547 4061 618 4124 nihil
636 4059 718 4126 nobie
736 4063 949 4144 patrocinantur
966 4073 1129 4138 sanctorum
1147 4077 1242 4140 mem-

112 4139 166 4228 pla,
186 4136 241 4216 nisu
260 4134 344 4228 idem,
364 4135 411 4224 qui
429 4135 439 4196 i
459 4157 491 4198 os
510 4135 610 4198 direxit
628 4141 757 4221 Spiritum,
774 4140 806 4200 in
824 4140 908 4209 nobis
925 4135 1041 4208 habitet,
