2790 4764
150 229 153 236 ¹
262 365 263 370 Ν
333 223 973 352 'crta-1sc·rramigurau0csrau.)
1179 245 1235 339 ns

97 423 219 500 scirent,
249 421 434 485 nondumne
461 423 496 483 ad
509 420 771 504 ·contemplandum
800 421 929 485 coelestis
957 421 1065 508 gloriae
1086 421 1229 508 fulgorem

96 500 219 560 idoneos
241 519 310 560 esse.
349 499 421 560 Nam
459 521 526 560 uum
544 499 685 560 Dominus
704 497 783 582 signa
801 499 878 560 dedit
887 499 1070 582 praesentiae
1090 521 1171 575 suae,
1190 503 1228 564 si-
1310 501 1315 513 ’

96 573 157 635 mul
181 586 347 657 tegumenta
365 520 499 658 querclam
519 575 635 650 adddit,
720 596 736 636 e
755 588 970 657 compescerent
988 575 1102 638 humani
1120 577 1227 660 ingenii

96 651 252 714 audaciam:
271 653 310 712 ita
329 673 403 714 nnnc
421 663 454 712 ut
472 651 621 732 discipulos
640 596 871 714 silentiunm
885 653 1001 729 erudiat,
1021 653 1151 714 coelestis
1162 655 1227 737 glo·

96 728 157 788 riae
174 728 309 818 intuitum
327 729 456 790 subducit
475 729 510 789 ab
530 729 745 808 carumloculis.
784 731 865 792 llaec
886 751 999 811 quoqne
1017 731 1174 792 admonitio
1192 734 1227 806 ad

96 825 151 866 nos
168 815 303 884 pertinet,
322 827 360 866 ue
377 815 540 887 appetamus
558 825 708 886 erumpere
726 806 757 866 in
776 827 887 882 arcana,
907 827 978 886 qnae
997 827 1093 868 sensus
1112 821 1226 871 nostros

94 892 236 962 superant
255 883 304 943 sed
324 881 420 962 potius
439 893 472 941 ut
489 881 521 941 in
539 881 604 942 fidei
623 903 688 944 suae
706 903 838 943 mensura
857 881 974 963 quisque
992 904 1023 944 se
1040 881 1134 946 sobrie
1153 905 1224 946 con-

90 957 189 1018 tineat.
227 958 364 1039 Denique
382 957 473 1019 nubes
491 957 561 1019 haec
580 958 654 1020 freni
672 957 738 1018 loco
757 958 840 1018 nobis
860 979 919 1020 esse
937 957 1030 1028 dehet,
1049 979 1087 1020 ne
1106 961 1225 1024 curiosi-

89 1044 132 1094 tas
150 1045 248 1096 nostra
286 1035 333 1098 lus
352 1053 436 1114 quam
477 1053 509 1094 ar
530 1046 574 1096 est
590 1033 725 1096 lasciviat.
763 1033 876 1096 Deinde
894 1033 1030 1094 admoniti
1047 1034 1163 1096 sumunt
1181 1039 1224 1099 di-

90 1110 130 1172 sci
150 1109 201 1185 uli,
231 1057 413 1173 releuatus
437 1054 498 1172 sibi.
515 1131 576 1172 esse
599 1111 633 1172 ad
676 1110 802 1172 ristinam
827 1109 968 1183 militiam,
996 1129 1035 1170 ne
1053 1109 1225 1194 triumphum

89 1187 142 1248 sihi
164 1189 374 1270 promitterent
398 1199 464 1248 ante
486 1196 606 1267 tempus.
683 1209 724 1245 oa
739 1187 836 1262 facta
858 1197 904 1246 est
926 1185 963 1245 ds
985 1187 1068 1247 nubs.
1112 1187 1150 1246 Et
1168 1187 1224 1267 boc

89 1275 189 1326 notatu
214 1265 339 1349 dignum
366 1275 421 1339 est,
450 1281 553 1332 sonare
580 1284 682 1324 vocem
701 1263 810 1324 Dei'ex
830 1262 919 1336 nube,
946 1281 1049 1342 corpus
1067 1263 1225 1326 autem‘vel

89 1340 190 1402 saeiem
209 1363 274 1400 non
292 1339 394 1401 videri.
432 1341 512 1422 Ergo
530 1338 614 1400 nobis
633 1339 679 1400 illa
698 1338 854 1400 admonitio
874 1337 961 1400 trost
980 1337 1075 1418 veniat
1094 1339 1124 1399 in
1143 1361 1225 1400 men-

88 1428 160 1492 tem,
181 1418 282 1478 Deum
301 1415 406 1478 visibili
423 1414 513 1497 figura
535 1435 595 1476 non
614 1415 700 1478 fuisse
719 1417 862 1490 indutum,
886 1415 1022 1476 neforto
1039 1413 1153 1495 decepti
1171 1437 1224 1497 pu·
1270 1445 1271 1448 ¹

87 1504 195 1569 temus,
215 1493 299 1554 illum
318 1491 428 1551 homini
447 1489 564 1552 similem
585 1491 895 1570 esseffleut.4,'15.).
917 1495 1024 1553 Verum
1044 1491 1156 1572 quidem
1172 1504 1223 1570 cst,
1250 1552 1253 1558 .

87 1571 179 1631 varias
198 1569 312 1651 species
331 1567 399 1627 olim
419 1567 519 1628 sanctis
529 1569 658 1630 Patribus
676 1570 747 1631 visas
767 1589 836 1643 esse,
856 1569 886 1630 in
905 1569 1006 1650 quibus
1019 1569 1113 1630 Deum
1131 1588 1147 1628 a
1190 1589 1225 1629 o-

87 1657 218 1708 scerent:
253 1665 369 1726 semper
391 1655 485 1706 tamen
504 1666 519 1706 a
539 1645 674 1727 symbolis
692 1645 842 1720 abstinuit,
867 1665 939 1727 quac
957 1643 1152 1706 sabrimndisr
1173 1645 1224 1708 olis

86 1722 237 1790 materiam
261 1717 441 1804 praeberent.
460 1759 466 1770 ·
484 1723 522 1782 Et
544 1743 612 1784 saue
630 1745 717 1804 quum
739 1721 800 1803 plus
818 1741 909 1803 aequo
928 1722 963 1784 ad
982 1741 1086 1788 crassas
1104 1719 1223 1804 phanta-

88 1799 141 1860 sias
164 1818 334 1890 propensae
354 1796 411 1858 sint
436 1797 573 1860 humanae
596 1811 721 1874 mentes,
751 1798 846 1860 oleum
866 1799 976 1860 camino
995 1795 1097 1870 addere
1116 1817 1224 1879 nequa-

88 1897 174 1956 quam
192 1875 267 1936 utile
286 1873 349 1935 suit
388 1875 467 1936 Haec
485 1876 605 1937 maxime
623 1874 736 1938 illustris
756 1875 810 1938 fuit
822 1875 878 1938 Dei
896 1875 1004 1958 gloriae
1020 1873 1222 1938 manifestatio:

89 1974 177 2032 quum
199 1951 369 2034 interposita
392 1951 470 2012 nube
492 1973 545 2015 nos
571 1974 643 2014 voce
660 1975 709 2014 sua
727 1953 762 2014 ad
781 1973 812 2014 se
832 1951 945 2027 invitet,
969 1973 1052 2032 quam
1071 1951 1223 2027 absurdum

90 2038 142 2105 est,
154 2029 193 2090 'in
210 2041 317 2090 trunco
334 2026 353 2088 li
395 2029 405 2088 i
423 2027 469 2090 vel
484 2027 578 2110 lapide
598 2029 657 2092 eius
675 2029 860 2111 praesentiam
878 2028 952 2092 selle
969 2040 1036 2090 aute
1055 2027 1153 2090 oculos
1166 2049 1222 2088 no-

90 2114 165 2166 stros
194 2103 314 2166 sistere?
391 2125 429 2188 go
458 2103 594 2172 discamus
622 2104 681 2167 sola
703 2105 772 2180 fide,
799 2116 977 2166 nouantem
1000 2104 1108 2166 carneis
1132 2104 1221 2166 oculis

89 2193 246 2262 penetrare
264 2181 299 2243 ad
311 2179 390 2242 illam
407 2180 501 2244 lucem
518 2181 695 2256 inaccessam,
714 2203 798 2262 qnam
816 2181 895 2243 Deus
915 2179 1060 2243 inhabitat.
1082 2183 1155 2242 ·Vox
1171 2201 1222 2242 an-

78 2268 154 2318 tem
174 2259 250 2328 edita
272 2257 328 2319 suit
353 2279 370 2318 e
394 2257 484 2333 nube,
513 2269 547 2318 ut
569 2258 669 2317 aDeo
687 2255 847 2337 prolectam
866 2277 927 2319 esse
945 2257 1067 2318 scientes
1084 2255 1222 2335 discipuli,

90 2353 145 2412 qua
164 2333 298 2411 decebat,
320 2335 481 2395 reverentia
498 2353 559 2394 eam
578 2333 749 2412 exciperent.
787 2333 846 2389 Hic
862 2343 908 2391 est
928 2331 1024 2389 illius
1044 2352 1135 2390 meus.
1173 2329 1224 2389 Li-

89 2407 197 2476 benter
217 2430 317 2470 eorum
336 2407 482 2470 subscribo
501 2409 667 2481 sententiae,
681 2405 730 2486 qui
747 2407 861 2466 tacitam
879 2406 994 2466 subesse
1007 2399 1159 2465 antithesin
1171 2425 1224 2485 pu-

89 2497 154 2546 tant
173 2485 264 2546 Mosis
283 2497 313 2546 et
330 2483 407 2544 Eliae
427 2505 493 2544 cum
511 2483 641 2558 Christo,
660 2481 716 2542 acsi
734 2481 846 2542 iuberet
864 2479 1006 2555 Christus,
1020 2497 1086 2540 suos
1104 2479 1224 2562 discipu-

89 2561 136 2622 los
162 2559 251 2622 unico
270 2560 343 2620 Filio
367 2579 428 2634 esse
448 2569 606 2618 contentos.
644 2559 669 2617 E
717 2556 840 2617 haticnm
859 2557 936 2619 enim
957 2567 1000 2618 est
1017 2558 1090 2617 atla·
1107 2577 1223 2632 nomen,

91 2657 152 2716 quo
172 2657 257 2714 supra
273 2656 371 2726 seryos
390 2633 540 2696 extollitur.
580 2633 672 2696 Porro
710 2633 801 2696 uobus
820 2633 918 2718 elogiis
938 2631 984 2696 hic
999 2631 1120 2698 ematur
1138 2625 1222 2697 Chri-

50 2720 52 2728 ’
91 2723 153 2773 stus
173 2711 238 2770 non*
257 2731 346 2796 magis
365 2711 419 2773 sibi
437 2706 616 2788 honorificis,
640 2731 722 2794 quam
741 2709 806 2774 fidei
825 2723 939 2772 nostrae
958 2709 1085 2772 utilibus:
1117 2731 1222 2792 nempe

91 2787 159 2850 Filii
179 2786 287 2864 dilecti,
316 2787 417 2860 deiude
439 2787 572 2870 Magistri.
612 2787 701 2864 Quod
719 2789 805 2849 Pater
822 2789 963 2856 dilectum
981 2793 1091 2863 vocat,=
1106 2787 1139 2848 in
1164 2809 1221 2868 quo

92 2865 148 2928 sibi
166 2863 350 2949 complacuit,
375 2864 562 2926 Mediatorem
588 2885 649 2926 esse
667 2876 798 2940 testatur,
823 2865 855 2926 in
873 2886 930 2946 quo
949 2863 1002 2926 sibi
1020 2863 1155 2926 mundum
1173 2885 1221 2924 re-

15 3007 16 3014 ,
93 2941 238 3004 conciliat.
297 2941 395 3018 Quum
420 2940 509 3002 audiri
528 2940 621 3017 iubet,
648 2963 787 3004 summum
803 2954 842 3003 et
860 2942 974 3002 unicum
993 2939 1137 3003 Ecclesiae
1155 2959 1222 3001 suae

93 3019 244 3082 doctorem
282 3018 396 3080 raeficit.
433 3018 507 3080 Nam
524 3039 610 3110 quum
630 3018 689 3110 qius
709 3017 856 3079 consilium
874 3017 969 3094 fuerit,
989 3032 1089 3078 cuma
1109 3014 1223 3093 reliquis

94 3095 228 3157 omnibus
250 3041 425 3170 discernere,
457 3094 539 3154 sicuti
558 3116 592 3154 ex
609 3092 653 3154 his
672 3094 765 3162 verbis
784 3115 853 3156 vere
872 3107 901 3161 et
938 3094 1037 3175 roprie
1055 3089 1222 3174 colligimus,

95 3184 195 3246 natura
212 3173 327 3232 unicum
348 3191 407 3232 esse
426 3170 540 3244 Filium,
560 3169 687 3230 similiter
705 3171 866 3247 conficitur,
885 3113 977 3231 solnm
996 3191 1013 3228 a
1030 3167 1118 3232 Patre
1135 3165 1222 3250 diligi,

41 3261 45 3267 '
95 3261 125 3310 et
142 3248 236 3312 solum
255 3247 389 3310 constitui
404 3247 565 3322 doctorem,
583 3259 617 3306 ut
634 3255 695 3306 tota
713 3249 864 3308 auctoritas
881 3267 970 3327 penes
989 3246 1079 3326 ipsum
1093 3243 1222 3319 resideat.

95 3327 126 3386 Si
146 3325 209 3408 quis
229 3323 355 3406 excipiat,
375 3345 411 3384 an
429 3344 490 3384 non
508 3323 624 3406 angelos
644 3333 674 3382 et
690 3323 820 3386 honrines
838 3335 913 3383 amet
930 3323 1019 3396 Deus,
1038 3319 1068 3380 in
1086 3333 1233 3458 promptu

95 3399 201 3470 solutio
218 3413 270 3477 est,
308 3411 437 3466 aternum
455 3400 513 3462 Dei
530 3418 666 3474 amorem,
684 3401 733 3480 qui
750 3399 918 3464 dilftmditur
936 3400 970 3458 ad
988 3396 1103 3482 angelos
1122 3409 1152 3470 et
1190 3419 1223 3458 o-

96 3480 197 3555 mines,
216 3478 249 3539 ab
268 3423 316 3539 illo
338 3477 420 3539 tonse
438 3477 564 3559 prodire.
603 3477 704 3556 Neque
724 3477 799 3560 enim
817 3477 882 3536 ideo
902 3475 1061 3560 diligitura
1075 3475 1160 3538 Patre
1174 3475 1223 3536 Fi·
1269 3478 1271 3488 '

97 3553 157 3634 lius,
178 3567 210 3617 ut
232 3555 297 3616 odio
316 3555 373 3615 sint
387 3553 458 3616 'aliae
477 3565 629 3627 creaturae,
649 3553 699 3614 sed
773 3613 786 3635 Ἰ,
806 3553 844 3626 pd
861 3551 915 3612 sibi
934 3552 1077 3634 proprium
1097 3563 1141 3614 est
1158 3573 1223 3612 cnm

98 3631 150 3705 illis
178 3632 383 3708 communicet,
412 3652 570 3712 quanquam
594 3629 704 3692 diver'sa
778 3635 885 3695 ,bostra
905 3640 934 3704 et
951 3628 1118 3714 angelorum
1136 3627 1222 3689 ratio:

98 3731 162 3783 nam
188 3707 217 3768 bi
240 3710 340 3770 allen
359 3727 501 3788 nunquam
520 3705 632 3792 alienati
650 3705 780 3781 fuerunt,
800 3717 832 3765 ut
850 3703 1065 3771 reconciliatore
1084 3726 1155 3797 opus
1174 3703 1223 3790 ha·
1250 3757 1265 3772 κ

97 3785 197 3860 beant,
220 3805 274 3846 nos
292 3796 386 3845 autern
405 3783 511 3844 inimici
529 3793 649 3864 propter
689 3791 824 3857 secatum,
844 3781 936 3861 donec
955 3803 1018 3844 eum
1038 3781 1122 3842 nobis
1137 3777 1224 3837 Chrs-

51 3884 53 3892 ’
98 3874 156 3925 stus
179 3861 323 3944 propitiat.
373 3863 472 3921 Manet
490 3872 586 3920 tamen
604 3803 788 3935 illusifixum,
812 3860 907 3920 Deum
924 3861 1050 3949 utrisque
1068 3851 1222 3949 propitium

99 3957 173 4019 esse,
198 3949 336 4018 qnatenus
354 3957 408 3998 nos
427 3937 457 3996 in
476 3934 592 3999 Christo
612 3933 821 4016 complectitur,
867 3936 912 3996 uia
930 3957 968 3996 ne
987 3958 1023 3994 an

98 4015 158 4076 sine
178 4013 270 4097 capite
287 4013 366 4078 firma
386 4025 457 4074 esset
477 4035 541 4073 cum
559 4014 625 4074 Deo
645 4011 818 4082 coniunctio.
846 3957 908 4090 iam
925 4034 1011 4092 quum
1024 3954 1075 4079 luis
1093 4005 1225 4084 loqudtur

99 4093 193 4164 Pater,
217 4102 294 4151 etse
314 4081 397 4150 alium
415 4111 431 4149 a
449 4089 524 4170 Filio,
544 4088 682 4170 designet,
702 4089 836 4170 sequitur,
875 4088 983 4148 arsonis
998 4085 1143 4146 distinctos
1158 4099 1225 4155 esse,

100 4169 211 4248 quando
230 4187 286 4226 uua
305 4179 347 4232 est
367 4165 487 4228 essentia
505 4177 535 4230 et
555 4165 651 4226 eadem
669 4166 807 4226 maiestas.
850 4110 953 4241 ipsum
971 4162 1084 4219 audite.
1127 4158 1227 4236 Nuper

1045 3933 1092 3994 a..
1111 3929 1223 4008 quidem
1274 3997 1278 4005 Χ
1378 3893 1379 3928 ³

100 4243 246 4321 admonui,
275 4245 327 4304 hac
349 4262 422 4304 voce
445 4241 573 4304 revocari
595 4241 751 4317 Ecqlesiam
775 4241 810 4300 ad
832 4239 947 4300 unicum
970 4237 1120 4292 doctorem
1140 4231 1227 4292 Chri·
1276 4287 1278 4290 ,
1378 4269 1379 4330 l

101 4333 239 4400 stum,·us
257 4333 365 4393 lantum
384 4319 419 4384 ab
440 4319 467 4379 ei
519 4339 570 4378 ore
588 4318 719 4396 pendeat.
758 4315 820 4374 Etsi
840 4311 915 4372 enim
934 4305 1227 4398 sententiasque

102 4395 173 4482 Legi
196 4411 224 4461 et
238 4397 399 4482 ¹Prophetis
420 4396 457 4458 fid
528 4405 656 4496 asserat&
675 4393 716 4454 sic
739 4403 835 4452 tamen
859 4391 979 4460 occupat
1005 4399 1143 4442 summum
1161 4401 1227 4464 8¹²·
