2804 4762
161 205 166 216 ’
238 295 241 300 .
312 243 479 318 <roa-cs.
518 239 691 324 Anagnia
710 241 807 338 rann
824 255 854 306 a
872 243 1011 324 ronnas.)
1170 253 1226 320 ru

132 412 133 418 ¹
185 395 300 480 (rso.)
339 395 512 464 marra.
534 375 600 460 x'x.
644 396 696 460 or.
724 396 767 463 ar
792 419 891 486 quum
918 400 1082 488 audnseur
1103 401 1223 484 aecem,

97 495 255 586 indignati
277 507 350 566 sunt
371 487 412 564 dc
434 491 561 566 duobus
582 497 742 588 fratribus.
785 501 837 567 25.
859 503 950 570 Iesus
972 513 1079 571 autern
1097 511 1224 576 vocarit
1291 479 1294 495 ι

97 624 157 668 eos
179 601 220 667 ad
243 624 292 680 se,
319 613 350 668 et
370 605 423 696 ait,
451 593 560 680 Scitis,
588 581 678 688 duod
703 605 865 691 principes
890 609 1030 693 gentium
1058 603 1223 686 domincu-

96 716 151 770 tur
170 704 298 784 ¹illinet
319 707 372 792 qui
393 706 498 790 magni
521 713 602 782 sunt,
624 715 811 792 potestatem
835 721 1004 776 exerceant
1025 713 1060 776 io
1082 731 1147 776 eas.
1169 711 1222 778 26.

96 809 175 875 Non
196 809 238 874 ita
261 809 318 874 orit
337 809 507 888 intervos,
530 805 587 871 sed
610 811 794 894 quicunque
815 808 954 876 voluerit
974 815 1057 877 iuter
1077 833 1137 896 vos
1158 836 1226 880 ma·
1267 841 1288 863 -·

90 933 179 996 gnus
194 909 270 989 fieri,
293 907 335 982 sit
356 921 463 976 vester
484 911 642 974 minister:
684 909 736 974 27.
758 911 803 974 Et
822 916 879 996 qui
899 911 1037 978 voluerit
1057 915 1141 980 inter
1161 937 1223 990 voe

95 1015 215 1102 primus
237 1035 317 1094 esse,
339 1016 379 1078 sit
399 1021 506 1086 vester
527 1028 651 1076 servus:
693 1008 746 1077 28.
769 1011 858 1076 Sicut
875 1012 977 1078 Filius
999 1013 1136 1080 bominis
1156 1033 1224 1084 non

95 1119 248 1196 venitsut
270 1101 583 1192 sibimibistretur,
598 1113 657 1178 aed
674 1103 719 1179 'ut
740 1115 810 1198 ipse
836 1115 1009 1196 ministret,
1037 1125 1143 1206 ,utque
1168 1118 1223 1188 det

94 1223 226 1285 animam
249 1207 616 1312 suamredernptionem
637 1237 698 1304 pro
719 1214 836 1280 multis.
1078 1285 1081 1292 ⁴
1161 1302 1164 1305 Ι
1213 1209 1215 1216 '

176 1337 323 1404 MARC.
350 1339 390 1404 X.
434 1335 487 1400 41.
514 1335 557 1401 Et
584 1357 681 1422 quum
709 1332 872 1400 audissent
899 1333 1022 1418 decern,
1050 1330 1250 1426 coeperunt

91 1440 253 1528 indignari
276 1438 319 1505 de
341 1436 463 1504 Iacobo
486 1448 518 1516 ct
537 1440 668 1506 Ioanne.
712 1437 763 1504 m.
786 1439 876 1505 lesus
904 1449 1020 1518 autem,
1046 1431 1145 1528 quum
1166 1463 1226 1510 vo·
1317 1514 1322 1530 ,

19 1597 21 1618 ,
91 1553 196 1610 cassat
218 1562 277 1606 eos
302 1539 343 1614 ad
365 1562 409 1618 se,
433 1539 509 1605 dicit
529 1539 607 1623 iliis,
630 1539 741 1620 Scitis,
764 1539 854 1627 quod
878 1543 934 1628 qui
956 1542 1110 1627 videntur¹
1125 1547 1225 1634 irnpe-

19 1655 21 1726 ξ
70 1667 164 1718 ‚rare
188 1637 352 1732 gentibus,
374 1641 548 1712 dominium
572 1653 721 1710 exercent
742 1644 899 1728 adversus
918 1633 1136 1736 illasgetqui
1157 1669 1224 1714 nra-
1309 1683 1311 1691 ·

88 1755 203 1836 gnatas
225 1756 304 1812 sunt
324 1748 407 1812 iuter
428 1768 498 1824 eas,
524 1755 711 1836 potestatem
735 1756 883 1827 excreant
903 1749 937 1813 in
958 1744 1039 1814 illae.
1083 1751 1135 1815 43.
1158 1751 1224 1824 Ve-
1293 1749 1298 1760 ‘

88 1873 162 1920 rum
183 1871 255 1917 non
277 1840 326 1914 sic
347 1849 406 1915 erit
426 1852 509 1915 inter
528 1871 602 1930 roa,
626 1849 683 1915 sed
704 1851 888 1937 quicunque
908 1847 1047 1917 voluerit
1067 1849 1138 1918 fieri
1157 1874 1224 1920 ma-

91 1939 172 2040 gnus
190 1955 276 2041 inter
296 1973 365 2032 vos,
386 1955 445 2018 erit
466 1954 609 2020 minister
630 1963 748 2018 vester:
770 1950 822 2016 44.
843 1953 886 2020 Et
906 1955 1091 2042 quicunque
1113 1947 1223 2024 etro}
1271 1994 1272 1998 =

91 2056 144 2122 bis
165 2057 306 2122 voluerit
324 2075 398 2120 esse
418 2057 555 2142 primus,
582 2058 642 2122 erit
664 2057 804 2120 omnium
833 2076 958 2126 servus.
1004 2056 1057 2122 45.
1083 2058 1168 2124 Nam
1191 2069 1223 2126 et

92 2160 196 2226 Filius
218 2157 356 2224 bominis
378 2176 445 2222 non
458 2160 553 2237 venit,
574 2169 610 2222 ut
631 2155 696 2224 sibi
715 2143 916 2234 ministretur,
937 2155 996 2222 sed
1014 2168 1054 2222 ut
1073 2161 1144 2269 ipsp
1165 2163 1223 2228 mi-

92 2265 214 2342 nistret,
237 2283 276 2326 ac
298 2257 351 2324 det
361 2261 496 2324 animam
519 2279 609 2325 suam
630 2257 882 2344 redemptionem
903 2279 965 2342 pro
988 2255 1105 2323 multis.
1204 2271 1214 2334 ἶ

179 2377 281 2450 LUC.
300 2375 398 2442 XXII.
431 2359 490 2442 24.
508 2378 607 2442 Facta
625 2371 673 2442 est
694 2385 798 2440 autern
821 2386 852 2439 et
874 2376 1036 2440 contentio
1057 2372 1228 2458 intereoa‚'
1279 2371 1314 2472 ’ἱ

87 2486 169 2572 =quis
192 2503 230 2546 ex
251 2479 315 2545 illis
336 2465 502 2546 videretur
522 2477 726 2558 esse‘rnaior.
751 2474 824 2570 125.Ι
840 2477 931 2570 Dixit
951 2486 1056 2541 autem
1078 2479 1137 2558 eir,
1157 2481 1229 2546 Re·

94 2607 153 2675 ges
178 2583 317 2667 gentium
340 2577 544 2647 dominantur
563 2582 622 2658 eis,
650 2589 681 2643 et
703 2579 761 2666 qui
778 2569 967 2665 potestatem
987 2578 1106 2648 hubent
1125 2603 1224 2671 super

96 2708 162 2764 eas,
183 2679 322 2754 benedici
341 2691 504 2748 vocantur.
546 2682 597 2747 26.
620 2681 690 2746 Vos
712 2693 817 2750 autem
837 2703 906 2756 non
927 2685 983 2762 sic,
1005 2683 1063 2750 sed
1085 2687 1141 2774 qui
1157 2708 1222 2754 ma·
1257 2709 1258 2717 ¹

19 2799 20 2802 ’
83 2793 221 2867 ἀοιγοεῑ
241 2786 275 2848 in
296 2783 409 2863 vobis,
429 2783 486 2851 frat
505 2787 590 2850 sicut»
605 2785 723 2870 junior,
746 2772 778 2851 et
799 2787 1026 2884 quiprjncepe
1048 2798 1109 2868 est,
1136 2791 1219 2855 sicut
1318 2819 1325 2828 ·
1366 2795 1370 2802 '

95 2891 152 2980 qui
173 2891 336 2983 ministrat.
380 2887 433 2954 27.
454 2886 538 2954 Nam
559 2897 629 2954 uter
648 2888 750 2954 maior
772 2898 828 2967 est,
850 2887 1090 2977 quiraocumbit,
1113 2893 1223 2982 anqui

92 2995 274 3072 ministrati·
311 2990 431 3058 Nonne
457 2993 513 3076 qui
533 2983 711 3056 accumbit?
752 2991 795 3056 At
815 3011 876 3078 ego
898 2993 931 3058 in
951 2990 1058 3060 medio
1080 3001 1222 3070 vestrum

93 3119 183 3176 sum,
205 3105 241 3162 ut
263 3096 318 3182 qui
339 3095 503 3160 ministrat.
542 3170 546 3184 .
595 3131 616 3172 χ
684 3100 687 3140 ²
884 3103 886 3106 ’
1279 3099 1281 3108 “

68 3247 71 3257 ¹
171 3279 274 3344 Manb.
296 3283 344 3344 24.
386 3280 485 3361 Quum
502 3279 658 3340 aoniam
675 3257 795 3342 (lacerno¹
819 3277 942 3340 Videtur
951 3247 1051 3340 ducas
1075 3277 1234 3342 cancerem

95 3359 205 3420 tionem
224 3359 295 3420 hunc
314 3357 423 3420 referre
442 3359 472 3418 io
490 3357 563 3417 aliud
581 3369 639 3418 tem
659 3379 702 3419 us.
741 3359 847 3416 Verum
887 3355 986 3446 ‘inquis
1004 3354 1159 3437 prudenter
1176 3378 1223 3418 ca-
1327 3404 1328 3407 η

118 3449 149 3496 ut
168 3435 234 3494 iilud
253 3439 300 3496 22.
321 3433 557 3516 expendendam
576 3433 624 3496 rid
662 3434 686 3494 it
695 3452 847 3494 sermones
896 3433 980 3494 versis
988 3431 1162 3512 temporibus
1173 3434 1224 3494 ha·
1337 3483 1339 3488 ,

96 3459 184 3587 ditos,
210 3512 342 3594 neglecto
363 3511 477 3587 ordine,
500 3509 581 3572 simui
600 3508 721 3578 contexi.
759 3511 840 3590 Ergo
863 3509 1012 3574 contentio
1035 3510 1070 3570 de
1112 3512 1223 3584 rimato,

98 3589 179 3650 cuius
196 3587 325 3648 meminit
346 3588 452 3664 Lucas,
470 3587 505 3648 ab
521 3585 583 3665 boc
602 3585 682 3646 fonte
701 3583 829 3666 proiecta
847 3597 902 3659 est,
922 3586 997 3664 quod
1015 3584 1065 3648 filii
1084 3532 1223 3648 debedaei

95 3665 200 3746 primas
219 3664 299 3723 sedes
316 3663 348 3738 ‘in
368 3661 473 3724 Christi
491 3682 582 3746 regno
600 3661 762 3722 ambierant.
801 3662 840 3720 Et
862 3673 958 3724 tamea
975 3661 1130 3745 indignatio
1152 3661 1222 3722 alio-

96 3759 162 3800 rum
182 3738 297 3798 minime
315 3738 388 3798 iusta
407 3739 476 3799 fuit:
495 3761 559 3800 uam
572 3759 664 3820 ¹quum
683 3735 767 3797 stulta
786 3735 902 3798 ambitio
921 3738 951 3798 ia
964 3738 1079 3819 *duobus
1097 3736 1222 3821 graviter

97 3814 270 3894 reprehensa
289 3826 374 3889 esset,
390 3827 422 3874 ut
442 3837 506 3881 eum
526 3815 634 3896 pudore
651 3834 670 3874 a
690 3811 805 3874 Christo
824 3812 1006 3889 discederent,
1026 3813 1091 3893 quid
1110 3811 1222 3887 reliq-urs

98 3892 198 3950 decem
217 3889 356 3964 nocebat,
378 3890 440 3952 ilios
458 3891 543 3952 stulte
561 3903 671 3973 optasse
690 3890 766 3969 quod
789 3911 847 3950 non
866 3889 977 3954 fucrant
1000 3887 1112 3968 adepti?
1148 3887 1242 3956 Nam,

97 3964 226 4046 quarraria
244 3965 346 4026 merito
366 3987 414 4026 eos
423 3977 562 4048 pungeret
571 3966 725 4040 aemulatio,
743 3965 852 4047 repulsa
870 3979 964 4043 tamen
983 3986 1035 4026 eoo
1049 3962 1160 4056 placare
1172 3959 1223 4021 de-

97 4041 193 4104 bebat.
233 4041 295 4101 Sed·
309 4042 448 4102 Dominus
469 4043 560 4103 voluit
577 4043 629 4104 hac
650 4041 797 4104 occasione
815 4041 948 4108 latentem
965 4039 1070 4120 inipsrs
1089 4035 1244 4102 morbum*
1297 4096 1302 4102 .

99 4120 203 4203 detegi.
240 4120 335 4179 Nemo
354 4118 430 4186 enim
449 4131 517 4194 erat,
538 4119 586 4198 qui
605 4119 727 4180 libenter
745 4117 804 4180 aliis
822 4119 951 4191 cederet,
969 4117 1018 4178 sed
1037 4112 1152 4194 quisque
1171 4133 1224 4178 oce-

99 4187 206 4257 adte‘s
229 4217 273 4257 ern
292 4195 426 4276 primatus
445 4195 518 4276 apud
536 4215 566 4256 se
584 4194 711 4258 fovebat:
732 4195 771 4256 ita
789 4193 870 4266 bt2ut
887 4194 962 4274 inter
979 4210 1010 4250 se
1029 4188 1170 4275 inrideant
1189 4209 1222 4250 ac

100 4285 205 4334 conten
241 4284 281 4344 nt,
302 4273 332 4334 in
352 4271 482 4333 omnibus
499 4283 594 4332 tamen
611 4283 713 4353 regnet
730 4267 966 4360 praracupiditas.
1007 4261 1118 4350 Quodn
1136 4265 1222 4324 rosti-

20 4389 30 4404 .
101 4346 139 4410 cb
156 4362 185 4412 et
203 4350 330 4414 obscuri,
347 4349 507 4432 hominiis„
525 4349 685 4434 ingenitum
700 4345 757 4406 faut
774 4343 961 4424 boc-utrum,
969 4349 1025 4475 g*
1035 4337 1091 4400 leri
1109 4357 1142 4400 ac
1159 4338 1222 4402 fere

810 4477 815 4510 t
