2796 4774
71 3353 73 3358 ,
126 3345 128 3350 Ι
152 3279 240 3394 Εἴπω
263 3280 366 3340 operae
389 3261 511 3354 pretium

80 3738 83 3747 ¹
172 3735 216 3787 us,
275 3727 350 3776 rtum
371 3727 466 3777 tamen
490 3729 545 3792 est,

714 103 795 168 'w

163 293 207 360 to
371 267 486 356 secl.
504 289 588 357 xm.
625 304 795 360 ammonas
814 305 856 366 tr
874 279 1103 362 astruantur.¹

103 435 110 449 ⁰
164 437 264 539 imglis
285 442 375 511 invni
395 459 450 507 nos
472 441 541 522 binc
564 437 720 528 colligante
749 441 893 506 namhoc
917 444 1005 506 modo
1028 443 1138 528 periret
1160 443 1208 525 qui
1264 444 1293 508 id

164 518 287 604 indignis
304 519 486 602 impenditur.
524 521 614 604 Atqui
632 541 692 582 non
712 517 807 580 obstat
826 517 974 581 bominum
991 522 1121 604 pravitas,
1141 463 1292 602 ῳιίηἛο·

165 597 265 672 minus¹
281 597 311 658 in
335 595 440 658 tabulas
464 617 528 662 suas
547 617 581 658 ex
601 615 699 656 eurum
716 593 836 671 referat,
880 596 992 677 uicquid
1012 597 1043 658 in
1066 620 1119 680 pau
1140 618 1202 660 eres
1222 617 1293 660 con-

164 673 289 736 tulimus.
337 669 466 754 Respicit
493 691 563 756 ergo
616 673 728 732 ondans
754 691 815 740 non
841 617 880 734 ad
925 673 1052 748 ersonas',
1080 618 1137 736 scd
1157 673 1192 736 ad
1220 695 1292 756 opus

165 749 271 826 isam,
299 757 332 808 ut
355 747 542 810 beneficentia
569 759 679 822 nostra,
717 745 825 826 etiamsi
848 747 878 812 in
903 691 1037 810 immines
1066 748 1194 832 ingratos
1220 751 1294 812 inci-

185 826 253 901 erit,
291 823 376 886 nobis
408 843 505 886 coram
532 823 598 886 Deo
633 825 812 908 respondeat.
865 825 923 886 Sed
953 824 993 888 ita
1022 824 1134 886 videtur
1162 827 1293 904 innuere,

163 905 250 980 vitam
271 911 414 962 aeternam
433 897 543 962 merltlt
564 899 668 962 nornis
693 899 820 982 rependi.
863 900 1052 982 Respondeo,
1075 901 1144 962 satis
1162 901 1236 964 clare
1256 925 1293 964 cx

163 989 303 1070 contextm
319 989 426 1062 patere,
447 975 570 1040 humanu
589 995 755 1040 meracum
773 974 863 1068 loqui:
883 995 986 1061 nempe
1005 977 1238 1058 quemadmodum
1256 981 1291 1055 is,
1389 995 1390 1016 *

204 1053 212 1070 ⁰
231 1066 320 1136 gratia
340 1051 429 1136 pollet
449 1073 483 1116 ac
503 1047 620 1140 opibus,
641 1051 667 1116 si
689 1053 795 1116 amicos
810 1050 866 1116 ¹arbi
884 1051 1019 1116 conciliet
1037 1053 1067 1116 in
1086 1073 1135 1114 sua
1153 1075 1291 1136 prospera

161 1077 294 1206 ibimus,
314 1127 459 1214 perculsus
477 1131 597 1192 adverso
616 1149 682 1194 casu
700 1128 787 1194 babet
809 1145 826 1192 a
846 1129 948 1223 quibus
967 1139 1151 1204 sustentetur,
1176 1131 1215 1190 ita
1234 1152 1291 1191 no-

161 1219 250 1273 etram
268 1206 470 1285 humanitatem
492 1205 576 1270 nobit
599 1205 754 1290 opportuni
771 1205 875 1290 refugii
894 1206 985 1268 instar
1001 1205 1077 1280 lore,
1101 1207 1166 1287 quia
1187 1207 1290 1267 Domi-

161 1285 386 1376 nus,‚qnicquid
404 1277 558 1344 liberaliter
578 1277 608 1346 io
626 1281 772 1370 protimus
793 1285 910 1364 quisque
933 1279 1098 1358 contulerit,
1125 1301 1186 1342 non
1206 1303 1289 1345 secus

161 1381 195 1423 ac
216 1361 270 1422 sibr
287 1360 452 1442 praestitum
471 1359 609 1442 agnoscit.
649 1359 749 1438 Quum
765 1358 943 1440 defeceritis.
966 1361 1042 1420 Hoc
1060 1353 1151 1420 'verbo
1170 1357 1290 1433 denotat

161 1437 262 1498 mortis
275 1445 396 1518 tempus,
415 1456 449 1498 ac
462 1431 551 1496 breve
569 1435 781 1516 dispensationis
801 1447 915 1496 nostrae
932 1445 991 1496 tcrn
1011 1455 1045 1496 us
1063 1433 1127 1496 lore
1145 1436 1288 1510 admonet,

162 1531 202 1572 ne
220 1511 379 1572 tenaciores
397 1523 450 1572 nos
468 1507 570 1572 reddat
585 1507 723 1592 longioris
740 1511 814 1573 vitae
831 1511 940 1572 fiducia.
1008 1512 1064 1574 nde
1088 1511 1163 1574 enim
1184 1512 1229 1586 lit,
1253 1523 1288 1572 ut

160 1585 254 1648 maior
271 1607 335 1670 pars
355 1583 513 1648 indormiat
524 1587 581 1649 attis
595 1587 707 1662 divitiis,
726 1586 808 1649 multi
825 1589 902 1669 quod
920 1585 1025 1650 babent
1035 1587 1158 1670 profusis
1168 1587 1287 1669 sumpti·
1389 1597 1390 1600 ’

160 1663 215 1724 bns
228 1664 376 1745 dissipent,
394 1662 441 1724 alii
459 1662 658 1746 supprimendo
676 1685 708 1730 se
727 1675 757 1724 et
774 1662 978 1748 ali0s¹maligne
994 1665 1134 1738 fraudent,
1153 1665 1207 1724 nisi
1222 1663 1287 1744 quia
1389 1693 1390 1746 3

72 1776 74 1784 ι
162 1735 231 1800 falsa
262 1741 410 1800 diuturnae
437 1740 512 1801 vitae
540 1735 742 1822 imaginatione
769 1739 881 1821 decepti
907 1759 1008 1802 secure
1039 1741 1093 1800 sibi
1119 1740 1197 1802 indtd
1220 1737 1286 1801 ent?
1389 1749 1390 1782 t

164 1815 253 1891 Quod
271 1835 438 1875 mammona
455 1819 629 1894 miquitatis
651 1827 748 1890 vocat,
772 1827 913 1909 suspectas
932 1817 1016 1877 nobis
1039 1815 1147 1877 divitias
1165 1840 1181 1876 r
1217 1818 1286 1877 dere

161 1891 245 1968 vult,
257 1889 326 1972 quia'
338 1901 371 1950 nt
388 1891 539 2026 plurimum
554 1891 683 1952 dominos
697 1911 765 1954 suos
781 1891 928 1972 iniquitate
946 1890 1105 1952 involvunt.
1129 1893 1190 1952 Etsi
1209 1893 1286 1954 enirn

160 1987 214 2048 per
227 1987 259 2028 se
272 1985 333 2028 non
351 1977 396 2026 nia
407 1987 440 2028 ae
457 1976 532 2040 sunt,
551 1969 614 2047 quia
632 1975 727 2028 tamen
745 1988 810 2028 raro
832 1967 1015 2047 acquiruntur
1032 1969 1093 2028 sine
1112 1967 1217 2042 fraude,
1237 1979 1286 2028 aut

160 2041 304 2119 violentia,
323 2055 373 2104 aut
390 2043 572 2104 aliisartibus
590 2037 701 2118 illicitis,
719 2063 786 2104 raro
805 2045 890 2105 etiam
907 2044 969 2104 sine
985 2044 1124 2126 snperbia,
1143 2043 1190 2106 vel
1208 2043 1284 2120 luxu,

160 2117 207 2182 vel
228 2117 283 2180 alio
306 2131 395 2202 pravo
418 2118 524 2180 aflectu
542 2115 862 2202 possidentur,''merito
885 2130 1027 2200 suspectas
1050 2119 1133 2182 nobis
1154 2120 1286 2182 Christus
1389 2157 1390 2164 κ

159 2195 267 2272 reddit,
292 2196 524 2277 quemadmodum
546 2207 575 2256 et
592 2193 657 2257 alibi
675 2197 789 2258 vocavit
806 2196 898 2280 spinas
918 2195 1038 2273 (naeth.
1052 2199 1103 2271 13,
1123 2197 1195 2274 22).
1230 2198 1284 2256 Vi-

108 2279 110 2286 “
159 2265 243 2342 detur
260 2283 356 2334 tamen
373 2271 560 2334 subaudienda
580 2293 641 2333 esse
659 2271 818 2348 antithesis,
837 2272 894 2332 acsi
911 2273 1040 2347 dixisset,
1064 2273 1186 2348 divitias,
1230 2294 1284 2334 uae

158 2347 265 2430 alioqui
282 2363 403 2432 propter
420 2349 553 2410 vitiosum
572 2347 688 2410 abusum
701 2369 877 2430 possessores
890 2369 957 2410 suos
968 2349 1159 2430 coinquinant,
1179 2295 1284 2410 aclere

145 2425 227 2492 'sunt
244 2426 381 2508 peccandi
397 2424 555 2500 illecebrae,
572 2425 719 2487 vertendas
739 2445 799 2486 esse
818 2425 849 2487 in
868 2425 1155 2500 contrariumlinem,
1173 2437 1206 2485 ut
1216 2427 1285 2508 g‘ra-¹

128 2517 130 2526 ’
158 2499 227 2563 tiam
245 2503 328 2564 nobis
348 2501 509 2564 concilient.
548 2503 716 2562 Tenendum
732 2513 880 2584 praeterea
899 2503 1035 2562 memoria
1053 2513 1096 2562 est
1114 2503 1191 2582 quod
1203 2502 1282 2584 prius

158 2575 229 2667 dini,
250 2578 345 2638 Deum
370 2599 403 2638 cx
426 2577 529 2659 praeda
551 2575 654 2640 iniuste
677 2590 757 2658 parta
781 2577 948 2642 sacrificium
966 2598 1027 2638 non
1050 2581 1198 2658 quaerere,
1225 2577 1283 2638 acsi

157 2671 251 2718 socrus
266 2665 340 2714 esset
353 2652 457 2730 surum,
468 2653 597 2734 'ideoque
615 2654 711 2738 potius
729 2655 843 2718 moneri
855 2654 964 2730 fideles,
982 2665 1015 2715 ut
1031 2673 1064 2717 se
1082 2653 1117 2716 ab
1134 2653 1282 2738 iniquitate
1389 2703 1390 2730 ,

156 2745 244 2807 puros
264 2739 443 2787 conservent.

232 2805 278 2864 10.
321 2803 381 2895 put
395 2803 501 2880 fidelis
524 2813 570 2864 est
593 2807 626 2864 ta
649 2807 776 2864 minimo.
814 2793 1107 2878 Proverbialessunt¹
1123 2805 1281 2868 sententiae
1389 2797 1390 2860 l

156 2897 173 2938 a
189 2893 336 2940 commum
354 2899 407 2937 usu
426 2889 455 2938 et
474 2879 645 2960 experientia
662 2901 722 2938 sum
744 2891 798 2953 tae,
814 2879 936 2959 ideoque
954 2881 1059 2941 sufficit
1077 2893 1109 2940 ut
1128 2881 1280 2963 plurimtun

155 2970 315 3015 esseveras.
344 2953 502 3036 Continget
521 2955 632 3035 quidem
650 2901 800 3030 interdtnn,
820 2967 852 3014 ut
871 2955 1023 3030 fraudator,
1039 2957 1171 3039 neglecto
1190 2980 1279 3044 parvo

153 3027 248 3106 lucro,
272 3031 303 3090 in
321 3052 353 3095 re
370 3049 472 3112 magna
492 3049 570 3092 suam
587 3031 740 3112 nequitiam
755 3031 870 3112 prodat:
895 3032 953 3110 imo
970 3031 1052 3092 multi
1068 3034 1100 3094 in
1119 3035 1203 3095 rebus
1222 3037 1286 3106 mi?

153 3107 230 3167 nutis
251 3103 433 3189 simplicitatis
453 3108 519 3168 luco
539 3129 582 3167 am
603 3108 736 3168 lissimum
756 3119 901 3188 quaestum
920 3121 1073 3185 venantur,
1095 3113 1278 3190 quemadmo-

153 3183 221 3241 dum
243 3183 313 3244 dicit
334 3184 381 3246 ille
404 3177 536 3262 (Livius)
579 3130 667 3246 lmus
691 3184 721 3242 in
744 3183 835 3266 parvis
859 3183 913 3244 sibi
936 3185 1021 3246 fidem
1043 3188 1206 3268 praestruit,
1234 3200 1276 3264 ut,

535 3226 634 3334 luerit,
658 3282 759 3344 magna
781 3263 912 3322 mercede
935 3261 1019 3321 fallat
1062 3265 1162 3342 Neque
1181 3277 1276 3324 tamen

192 3351 221 3394 sa
240 3345 282 3394 est
296 3337 402 3400 Christi
419 3337 567 3411 sententia,
588 3337 652 3418 qnia
669 3337 706 3396 in
718 3337 886 3418 proverbiis,
905 3349 937 3398 nt
955 3337 1019 3412 diri,
1039 3341 1182 3420 sequimur
1238 3341 1276 3402 od

153 3420 198 3468 est
216 3408 303 3492 vulgo
322 3415 463 3474 usitatum.
501 3414 642 3474 Hortatur
661 3433 730 3495 ergo
749 3435 815 3474 suos
836 3412 984 3496 discipulos
1000 3414 1135 3490 Christus,
1154 3427 1187 3474 ut
1225 3417 1275 3476 de-

125 3515 128 3522 ·
151 3481 219 3544 liter
237 3495 352 3568 agentes
370 3489 401 3549 in
421 3489 505 3550 rebus
543 3490 615 3552 arvis
635 3509 665 3550 se
684 3491 718 3550 ad
735 3489 819 3550 fidem
835 3489 866 3550 in
886 3491 1010 3551 maximis
1030 3492 1114 3552 rebus
1128 3489 1275 3554 colendam

151 3561 342 3624 assuefaciant
384 3566 497 3635 Deinde
518 3511 590 3626 iane
612 3565 769 3626 doctrinam
792 3565 827 3627 ad
848 3567 1004 3649 spirituales
1023 3568 1125 3651 gratias
1143 3568 1198 3629 rite
1217 3569 1275 3646 dis-

150 3657 257 3774 pensan
277 3660 305 3699 as
325 3643 530 3716 accommodat,
578 3662 626 3702 uas
644 3642 755 3702 tametsi
773 3663 834 3702 non
853 3665 904 3704 suo
924 3643 1017 3725 pretio
1040 3645 1166 3704 aestimat
1188 3655 1274 3704 mun·

559 3663 656 3800 longe
679 3740 763 3801 supra
787 3720 901 3780 caducas
920 3719 1017 3780 mundi
1037 3741 1104 3802 opes
1125 3719 1271 3782 excellere.

151 3789 288 3876 indignos
307 3803 400 3852 autem
416 3813 476 3853 esse
494 3795 587 3870 docet,
608 3794 706 3874 quibus
724 3795 972 3884 incomparabilem
980 3795 1127 3878 Evangelii
1147 3809 1176 3856 et
1194 3797 1272 3858 simi-

150 3863 219 3926 lium
246 3869 387 3929 donorum
413 3868 574 3930 thesaurum
598 3871 677 3932 Deus
701 3872 870 3944 committat,
901 3873 949 3952 qui
970 3871 1044 3932 male
1070 3885 1100 3933 et
1121 3872 1272 3934 infideliter

150 3955 240 4036 agtmt
255 3944 286 4003 in
305 3943 389 4009 rebus
408 3945 499 4006 nunus
517 3947 661 4026 pretiosis,
684 3958 717 4006 ut
735 3960 801 4007 sunt
818 3947 919 4008 lluidae
938 3949 1036 4008 mundi
1056 3969 1133 4030 opes.
1171 3950 1271 4030 Itaque

149 4015 193 4078 lus
212 4017 305 4082 verbis
323 4019 430 4080 inclusa
448 4032 490 4080 est
508 4023 592 4082 tacita
616 4023 812 4098 comminatio,
830 4023 984 4084 timendum
1004 4045 1077 4102 esse,
1096 4047 1133 4086 ne
1151 4039 1271 4107 propter

149 4103 279 4184 terrenae
292 4096 503 4179 dispensationis
518 4097 633 4158 abusrnn
644 4097 811 4160 coelestibus
830 4099 911 4162 donis
928 4101 1079 4182 privemur.
1106 4101 1174 4176 Quo
1186 4123 1270 4162 sensu

149 4167 250 4306 dqvitiim
265 4175 425 4256 ¹opponitur
446 4194 558 4250 verum,
584 4186 717 4257 tanquam
739 4173 859 4237 solidum
885 4187 915 4238 et
936 4189 1104 4260 perpetuum
1127 4177 1270 4239 umbratili

149 4262 166 4302 e
198 4265 229 4304 ca
248 4270 312 4309 uco.

224 4325 270 4384 12.
308 4325 347 4387 St
364 4330 397 4387 ira
415 4325 510 4389 alieno
520 4329 634 4409 fidelis.
661 4329 800 4390 Alienum
816 4325 909 4420 queat,
929 4329 1005 4409 quod
1023 4339 1066 4390 est
1083 4339 1160 4390 extra
1174 4327 1268 4390 honri-

9 4357 12 4365 ,
53 4379 57 4390 ’
146 4411 228 4456 nem:
248 4417 345 4481 ‘neque
367 4403 444 4470 enim
467 4403 519 4473 bac
543 4405 608 4492 tege
630 4405 739 4474 divitias
761 4403 844 4469 nobas
866 4403 985 4491 largitur
1002 4403 1096 4485 Deus,
1124 4411 1157 4468 att
1181 4407 1267 4469 simus
1324 4469 1327 4492 ¹
1389 4437 1390 4450 κ
