2830 4772
169 213 228 276 m
386 203 497 272 SECr.
515 203 597 268 m.
635 215 1093 270 murmurosum·

244 361 293 422 m
317 363 482 450 Coepnpat
509 357 623 439 auguli
647 357 753 416 dicere.
792 356 861 418 Non
879 367 952 438 puto
969 365 1015 420 tre
1034 354 1124 420 idme
1141 355 1306 442 discipulos.

171 431 1017 600 ttssdr‚⁹‘t‘d5s”d⁰tt'f¹d,ttd:js²gtt‘‘ds
1039 435 1330 574 hiimiil'se‘il'

172 591 227 654 tiae
247 591 360 673 signum
379 594 442 660 est‚¹
496 585 534 645 od
552 583 668 676 obhque
686 595 827 677 persuum
850 605 910 646 non
935 595 1044 648 stomat
1083 607 1114 650 re
1137 601 1308 670 responsant

172 667 307 750 mg’rstro
326 683 392 734 suo,
494 681 559 722 eum
582 661 637 722 aibr
659 679 776 742 qmsque
798 659 919 722 iudicem
943 663 1094 728 constituit
1128 663 1227 740 (sicuti
1248 667 1306 726 hoc

172 742 322 826 praecipue
340 737 423 799 nobis
439 737 631 819 quaerendum
650 749 708 811 est,
727 749 760 796 ut
777 734 824 798 ille
842 758 894 800 sno
914 757 966 800 ore
985 760 1040 800 nos
1058 739 1210 818 absolvat),
1229 740 1307 802 bona

173 832 268 880 umen
290 813 463 876 conscientia
486 813 553 874 ireti
582 811 671 874 libere
698 811 797 874 testari
827 811 939 888 volunt,
968 837 1052 895 quam
1075 815 1177 898 procul
1201 817 1307 878 remoti

172 895 264 956 sint'a
283 903 365 954 tanto
383 889 500 952 sedere.
539 887 669 952 Christus
687 901 781 952 autem
800 909 853 952 mo
872 911 1010 972 responso
1030 911 1126 972 neque
1144 894 1306 974 scrupulum

171 971 225 1032 illis
245 969 356 1042 sunit,
382 987 476 1058 neque
499 965 627 1047 designat
649 967 736 1028 Indae
759 974 926 1048 pers'ouam,
950 968 999 1028 sed
1021 977 1135 1030 tantum
1158 971 1307 1046 confirmat

212 1045 249 1108 od
273 1065 364 1126 nuper
386 1043 472 1122 dina,
494 1064 584 1104 unum
613 1063 648 1104 ex
674 1041 853 1104 familiaribus
878 1042 1005 1105 convivis
1032 1065 1101 1110 esse
1122 1046 1305 1127 proditorem.

172 1071 345 1202 &uunquam
364 1131 457 1182 autem
474 1119 575 1180 durum
594 1117 647 1180 illis
666 1119 737 1196 luit,
757 1141 770 1180 s
874 1141 908 1181 os
927 1129 957 1179 et
974 1119 1124 1202 perplexos
1142 1121 1176 1182 ad
1195 1133 1306 1204 tempus

175 1199 309 1280 relinqui,
338 1209 370 1259 ut
388 1217 420 1258 se
441 1206 607 1258 exercerent
625 1195 656 1256 in
674 1208 795 1278 repntan
854 1195 969 1257 sceleris
994 1195 1140 1258 atrocitate
1180 1197 1233 1258 alia
1255 1200 1307 1259 de·

174 1277 241 1340 uude
260 1286 377 1355 sequuta
396 1284 438 1334 est
456 1271 572 1364 utilitas,
606 1295 694 1352 quum
720 1283 908 1364 agnoscerent
926 1271 1070 1364 impletum
1089 1239 1189 1335 Psalrui
1207 1274 1307 1336 vatici-

174 1349 429 1489 nium-filzlll.)
442 1371 538 1484 :ubqpa
549 1367 670 1484 depetunt
689 1349 784 1410 dulces
804 1348 931 1430 capiebat
950 1349 1051 1425 cibos,
1072 1349 1147 1410 calce
1166 1371 1212 1411 me
1231 1349 1306 1443 peti-

175 1441 268 1568 illuit
287 1523 348 1564 esse
357 1447 548 1590 ²aeclmbpaitot,u
555 1445 599 1560 nee
612 1447 780 1595 Ciangantor
798 1501 845 1564 vel
866 1501 1005 1562 uenimus
1021 1502 1170 1562 concidant
1188 1514 1304 1586 propter

175 1580 346 1668 domesticos
376 1576 552 1658 proditores:
589 1577 653 1656 quia
681 1580 770 1652 rdem,
803 1578 881 1658 quod
914 1577 974 1658 ipse
1007 1590 1136 1660 expertus
1164 1590 1223 1655 est,
1257 1580 1307 1660 qui

177 1675 329 1722 commune
352 1666 395 1716 est
412 1651 556 1716 Ecclesiae
580 1664 676 1736 caput,
708 1653 792 1716 uobis
815 1654 864 1736 qui
889 1653 1015 1716 membra
1038 1676 1147 1730 snmus,
1180 1655 1309 1720 accidere

178 1745 303 1870 oporpp,
323 1809 420 1868 Fallere
442 1807 565 1886 quidem
587 1785 715 1867 mrum
739 1807 835 1868 cudit.
880 1805 938 1866 liic
956 1805 1087 1867 scandalo
1107 1805 1237 1870 Christus
1256 1829 1294 1870 ⁰⁰

177 1885 281 1960 currit,
304 1885 380 1963 quud
402 1883 609 1968 graviter'pias
632 1895 741 1944 menter
765 1881 871 1964 alioqui
896 1897 1049 1944 concutere
1067 1894 1187 1973 poterat
1227 1883 1311 1961 Quid

177 1963 253 2024 enim
271 1960 360 2054 magis
379 1959 541 2034 absurdum,
573 1981 655 2040 quam
677 1960 777 2020 Filium
796 1959 852 2020 Dei
896 1959 980 2034 erfide
1010 1957 1184 2043 adrscipulo
1228 1961 1310 2022 rodi-

176 2051 254 2112 tum,
285 2037 393 2098 libidini
416 2035 537 2097 hostium
565 2035 681 2116 exponi,
712 2049 751 2126 ut·
768 2035 802 2095 ad
828 1981 992 2126 probrosam
1019 2049 1142 2126 mortem
1164 1981 1226 2096 trab

177 2113 306 2176 Christus
323 2126 417 2176 anum
436 2113 491 2174 boc
509 2125 601 2174 totum
621 2132 680 2173 non
699 2112 752 2172 nisa
760 2112 818 2174 Dei
836 2111 953 2174 arbitrio
967 2111 1028 2171 herr
1046 2123 1217 2192 pronuntiat.
1240 2115 1308 2177 Hoc

167 2212 265 2274 ,porro
272 2189 419 2252 decretum
438 2188 708 2270 probatSeripturae
725 2187 898 2278 testimonio,
916 2187 980 2269 quia
998 2188 1214 2268 quodstatutum
1233 2203 1306 2266 erat,
1393 2217 1394 2224 ¹

175 2291 282 2352 perot
302 2267 463 2350 Prophetae
481 2267 524 2327 sui
543 2263 611 2327 olim
631 2263 774 2346 patefecit.
814 2265 957 2325 Tenemus
978 2285 1066 2339 nunc,
1084 2281 1217 2350 quorsum
1236 2288 1305 2346 spe-

179 2357 261 2408 ctent
280 2344 386 2408 Christi
405 2343 502 2405 verba:
523 2361 625 2424 nempe
644 2354 676 2402 ut
695 2339 831 2422 discipuli,
850 2339 970 2402 scienter
983 2339 1039 2402 Dei
1056 2337 1225 2422 providentia
1245 2361 1304 2422 gu.

177 2423 292 2486 berneri
311 2421 443 2504 quicquid
461 2419 679 2502 agitem-vitam
699 2418 758 2480 eius
782 2416 828 2478 vel
847 2427 1058 2508 mortemuusu
1077 2411 1149 2505 volui
1167 2437 1226 2476 non
1245 2438 1303 2496 pu-

177 2511 251 2560 tent.
290 2499 444 2560 Caeterum
466 2497 546 2558 latius
569 2507 646 2576 patet
672 2493 752 2556 huius
775 2493 919 2584 doctrinae
944 2492 1060 2584 utilitas:
1083 2509 1146 2573 quta
1163 2503 1233 2553 bruc
1251 2492 1305 2554 de-

178 2597 257 2636 mum
275 2574 330 2632 rite
347 2574 431 2633 nobis
449 2571 573 2633 sancitur
592 2572 689 2638 mortis
716 2570 824 2633 chron
839 2569 968 2646 inactus,
996 2567 1045 2629 uba
1064 2590 1123 2628 non
1145 2579 1251 2631 temere
1269 2569 1304 2632 ab

98 2713 103 2722 ,
179 2649 342 2710 hominihus
368 2650 402 2708 ad
422 2669 535 2708 crucem
561 2648 708 2728 abreptum
730 2649 791 2708 ess‘e
811 2657 933 2720 constat,
962 2645 1010 2706 sed
1033 2657 1151 2707 aeterno
1173 2647 1232 2708 Dei
1256 2647 1304 2708 de-

145 2785 152 2800 ,
180 2737 262 2799 creto¹
280 2721 445 2784 sacrificium
467 2723 535 2784 illud
559 2721 644 2784 fuisse
670 2723 828 2784 ordinatmn
848 2723 883 2782 ad
907 2721 1039 2816 expianda
1061 2723 1160 2782 mundi
1182 2736 1305 2804 peccata.

178 2799 267 2860 Unde
284 2797 362 2860 cuim
380 2798 464 2860 uobis
482 2797 691 2873 reconciliatio,
717 2800 772 2868 nisi
816 2799 859 2860 uia
879 2797 1009 2860 Christus
1027 2799 1140 2860 Patrem
1160 2821 1209 2859 sua
1234 2801 1303 2861 obe·

178 2875 283 2938 dientia
314 2871 450 2956 placavit?
509 2875 607 2950 Quare
639 2884 749 2958 semper
771 2896 810 2936 uo
831 2875 854 2936 is
874 2885 1012 2942 ,occurrat
1036 2873 1093 2934 Dei
1109 2876 1302 2964 providentia,

179 2955 226 3020 cui
243 2950 341 3018 Iudam
361 2951 464 3034 ipsum,
487 2963 518 3012 et
541 2971 640 3035 omnes
664 2950 765 3034 impios
778 2950 871 3030 '(licet
889 2951 1005 3024 inritos,
1033 2949 1154 3026 etalrud
1173 2953 1302 3034 agentes)
1392 2963 1393 3010 l

178 3053 279 3114 perere
298 3046 416 3092 necesse
434 3025 499 3088 suit.
538 3027 657 3108 Semper
675 3028 731 3090 boc
749 3027 832 3090 fixuiu
851 3039 974 3102 maneat,
994 3025 1138 3091 Christum
1157 3026 1222 3090 ideo
1240 3049 1302 3108 pas-
1392 3019 1393 3108 J

181 3131 251 3200 sum·
267 3129 342 3182 esse,
370 3103 434 3186 quie
455 3100 512 3165 tale
535 3103 603 3240 DepJ
624 3103 914 3241 placuitdexpiatiopis
936 3121 1033 3196 genos.
1066 3103 1182 3238 'hilegat
1206 3115 1300 3196 tameo
1392 3153 1393 3184 ,

178 3183 553 3352 lltthtlttttttd
569 3183 1310 3392 iriilplini'firiiieli’sliiiliffp'niffgnl‘piil
1392 3251 1393 3255 Ν

178 3335 589 3500 tttsttl‘ttltddfft‘ti
604 3334 1018 3494 littdtlzthtl‘dtn
1037 3350 1297 3486 hettd’dtd

178 3486 386 3548 damnationem
414 3487 557 3550 conflavit
605 3431 738 3568 lienique
760 3485 835 3578 quod
861 3488 939 3548 neus
967 3485 1100 3568 mundum
1124 3484 1297 3545 redemtum

177 3561 282 3636 toluit,
306 3561 372 3620 'hoc
396 3581 571 3641 nequaquam
596 3563 700 3635 obstat,
732 3584 801 3641 qurn
825 3563 907 3622 Iudas
931 3562 1082 3624 sceleratus
1106 3559 1142 3621 sit
1164 3505 1296 3641 probtor.

176 3638 254 3700 llius
277 3636 471 3718 perspicimus,
524 3638 626 3700 uamvis
650 3637 718 3699 nibil
761 3639 849 3700 ossiut
880 3636 1007 3700 homines
1031 3637 1085 3698 nisi
1108 3639 1183 3717 qnod
1206 3636 1296 3698 statuit

156 3717 269 3790 ·Deus,
292 3724 471 3790 nontamen
494 3659 558 3779 ileo
577 3735 594 3776 a
616 3727 717 3776 reato⁴
760 3715 844 3789 solvi,
863 3714 928 3774 doru
948 3735 1037 3796 pravo
1055 3713 1162 3781 ellectu
1180 3713 1214 3774 ad
1233 3733 1296 3794 pec-

177 3787 452 3872 candumOleruntnr.
489 3790 571 3852 Licet
590 3793 665 3854 enim
684 3793 762 3853 Deus
786 3790 898 3852 occulto
918 3791 1002 3852 sreno
1027 3811 1077 3851 eos
1095 3790 1126 3848 in
1143 3790 1228 3850 finem
1246 3789 1294 3850 ilis
1320 3796 1326 3804 '

176 3867 354 3961 incognitum
373 3865 500 4002 dirigat,1
522 3867 591 3927 nihil
609 3869 700 3960 narinus
716 3869 769 3929 illis
787 3889 840 3950 pro
861 3867 963 3930 ositum
983 3877 1038 3941 est,
1069 3867 1230 3957 quam-cios
1247 3865 1293 3925 tle-

176 3944 811 4150 tz;t;,tttc·„t¹torrefacta
829 3944 1292 4102 ,detricarent-t
1391 4007 1392 4012 ψ

174 4095 887 4260 tt:2¹tttmzatsrtarttzstret·
911 4095 1305 4252 §attestato

175 4237 303 4302 Christus
324 4243 529 4322 hrcutromque
548 4241 687 4316 conciliet,
707 4245 895 4311 maledictioni
912 4247 1064 4308 subiiciens
1073 4248 1179 4320 ludam,
1200 4255 1293 4328 qnam-

643 1446 743 1486 ersona
771 1425 910 1486 Dominus
939 1446 1005 1487 suos
1029 1425 1160 1487 omnihus
1191 1426 1305 1488 saeculo

174 4309 215 4368 vis
232 4313 362 4386 divinitus
380 4318 435 4378 hoc
453 4329 595 4386 statutum
613 4333 700 4392 esset,
730 4324 805 4400 qrrod
827 4325 889 4404 ipse
911 4335 1013 4383 contm
1040 4323 1136 4384 Deum
1154 4323 1292 4384 enachita-¹

1226 2033 1310 2098 atur?
1393 2041 1394 2048 ’
