2830 4772
419 41 425 80 l

150 211 236 326 ⁸25⁰
338 259 449 325 SEGP.
467 207 564 324 ivn
601 249 855 321 rmuuauonu'rr
873 273 1153 325 uarumsrrouns.

176 413 214 477 sti
232 411 382 476 eonsilium
401 423 453 474 est
473 409 660 473 .Hoc·etiam
679 403 747 472 luco
765 409 837 492 apud
856 410 1002 472 indoctum
1020 411 1067 474 vul
1122 406 1133 488 ,
1156 411 1217 474 imo
1237 415 1317 496 apud

177 510 277 552 omnes
300 489 421 562 ludaeos
443 489 571 568 saporem
598 487 653 548 sibi
680 487 828 568 captabant
852 487 974 564 scribae,
1002 511 1039 570 qu
1101 491 1315 570 Prophetarum

129 575 133 588 '
176 566 343 628 memoriam
360 576 526 628 reverenter
543 563 682 626 colebant
720 567 792 626 Nam
815 586 900 644 quum
923 585 954 626 se
977 563 1032 626 boc
1055 566 1142 626 modo
1165 565 1315 649 fingerent

176 643 290 705 illorum
314 641 472 702 doctrinam
494 659 632 715 asserere,
682 639 751 702 uiris
774 651 898 720 putasset
919 639 990 700 fidos
1014 661 1075 702 esse
1096 641 1255 704 imitatores
1278 666 1312 705 ae
1356 654 1359 658 '

177 718 300 800 optimos
319 717 406 780 divini
425 715 516 777 cultus
535 716 648 778 aelotas.
705 737 733 776 es
753 735 823 796 ergo
843 727 902 776 erat
919 716 1047 796 apprime
1063 717 1224 801 plausibilis,
1245 741 1311 780 mo-

176 805 313 856 numenta
326 792 477 876 Prophetis
493 805 647 866 exstruere,
666 793 730 872 quia
748 792 805 854 hoc
825 792 911 853 modo
930 793 1009 872 quasi
1027 813 1061 862 ex
1080 795 1208 856 tenebris
1226 817 1311 856 erue-

175 871 260 932 batur
278 867 393 954 religio,
416 880 449 930 ut
468 869 498 928 in
516 890 570 930 suo
590 869 701 929 bonore
720 879 814 930 staret.
852 867 941 950 Atqui
964 867 1033 928 nibil
1056 871 1148 931 minos
1173 881 1233 932 erat
1257 872 1310 942 illis

197 945 354 1038 ropositum
372 967 455 1026 quam
473 943 630 1006 doctrinam
648 943 806 1020 restituere,
825 965 896 1026 quae
910 945 966 1006 Pro
985 943 1112 1006 hetamm
1131 945 1249 1026 interitu
1267 949 1312 1010 ri-

175 969 238 1086 ien
255 1034 370 1104 poterat
387 1021 533 1083 exstincta.
571 1019 628 1082 Sed
651 1031 736 1112 marm
760 1021 813 1101 ipsi
834 1007 894 1080 nin
917 965 1003 1082 modo
1027 1043 1043 1082 a
1066 1023 1238 1104 Prophetica
1257 1025 1312 1085 do-

177 1099 269 1177 ctrina
286 1097 370 1160 alieni
385 1097 494 1174 forent,
513 1097 563 1160 sed
581 1096 751 1162 tufesussimi
770 1097 828 1160 eius
847 1096 942 1160 hostes
961 1109 1091 1168 mortuos
1108 1109 1204 1160 umen
1223 1121 1312 1162 orna-

175 1175 246 1236 bant
268 1174 415 1256 sepulcris,
438 1174 515 1256 quasi
537 1173 590 1234 sibi
614 1173 753 1236 cumillis
776 1175 872 1234 eadem
897 1185 971 1236 esset
994 1195 1084 1234 causa.
1133 1175 1230 1256 Atque
1253 1175 1312 1238 lton

174 1251 331 1335 hypocritis
349 1251 477 1314 sollenne
496 1262 551 1326 est,
571 1261 683 1312 sanetus
702 1249 758 1310 Dei
776 1249 921 1312 ministros
940 1261 970 1310 et
987 1271 1073 1330 puros
1092 1251 1224 1314 doctores
1244 1265 1311 1334 post

175 1340 299 1390 mortem
320 1329 432 1388 honore
453 1328 600 1409 prosequi,
630 1347 702 1407 quos
725 1325 800 1390 serre
822 1326 902 1389 vivos
925 1339 1078 1408 nequeunt.
1128 1328 1230 1409 Neque
1252 1329 1311 1390 boc

91 1435 97 1452 ·
174 1417 285 1466 tantum
311 1423 346 1466 ex
373 1402 482 1486 vulgari
509 1402 644 1484 prouenit
670 1401 741 1467 vitio
766 1402 857 1482 (quod
878 1413 958 1464 notat
981 1403 1116 1468 Horatius
1141 1403 1183 1466 bis
1204 1405 1311 1480 rerhis,

175 1482 320 1543 Virtutem
341 1479 513 1541 ineolumem
537 1479 658 1542 odimus:
687 1477 822 1544 sublatam
845 1499 880 1540 ex
902 1477 990 1540 oeub's
1013 1479 1171 1558 quaerimus
1193 1480 1311 1558 iuvidi)a

176 1558 226 1619 sed
251 1558 315 1638 quia
339 1555 415 1616 duris
444 1567 474 1618 et
501 1555 606 1618 severis
630 1553 856 1616 correctionibus
881 1553 993 1616 molesti
1017 1556 1133 1640 amplius
1160 1578 1221 1616 non
1243 1565 1310 1618 suut

74 1634 77 1645 '
173 1633 283 1694 mortui
300 1631 510 1707 eineres„n0n
534 1651 620 1714 aegre
642 1631 673 1691 in
697 1629 749 1692 illis
772 1629 898 1692 colendis
917 1629 1061 1692 evanidam
1079 1632 1226 1716 religionis
1244 1655 1310 1696 um-

175 1710 255 1771 bram
274 1720 432 1784 ostentant,
457 1708 507 1790 qui
524 1705 700 1788 loquentium
718 1705 835 1770 roribus
853 1707 888 1768 ad
905 1705 1039 1768 insaniam
1058 1719 1190 1792 aguntur.
1229 1711 1311 1773 Haec

176 1787 253 1848 enim
280 1785 357 1846 fictio
385 1807 446 1844 non
469 1806 513 1844 ma
535 1787 565 1844 ni
587 1796 711 1860 constat,
739 1783 867 1865 profiteri
894 1805 961 1867 erga
988 1795 1084 1846 mutos
1113 1785 1311 1848 observantiae

176 1862 307 1930 studium.
340 1861 384 1924 lta
402 1805 680 1952 singulil'ropbetae
698 1859 772 1941 apud
789 1859 908 1924 ludaeos
926 1881 976 1923 sua
993 1872 1084 1924 aetate
1103 1864 1311 1926 contumeliose

147 1947 155 1962 ⁸
174 1937 275 2000 relecti
293 1957 326 2008 ac
344 1950 479 2020 proterve
497 1949 597 2010 vexati,
618 1957 702 2016 saepe
720 1937 804 1998 etiam
823 1937 973 1999 crudeliter
991 1937 1083 1998 necati
1100 1937 1231 2002 fuerunt:
1253 1961 1311 2020 po-

102 2063 104 2071 ,
175 2013 285 2075 sterilae
308 2035 394 2090 vero,
424 2033 495 2095 quae
517 2013 607 2086 nihilo
629 2013 731 2074 melior
754 2023 816 2074 erat
835 2013 975 2093 patribus,
1002 2013 1181 2076 umbratilem
1209 2035 1310 2078 eorum

141 2127 143 2131 ·
173 2090 340 2153 memoriam
358 2100 491 2153 venerata
513 2101 557 2150 est
579 2088 673 2171 potius
691 2086 774 2168 quan'r
792 2089 950 2151 doctrinam
968 2089 1107 2172 amplexa,
1131 2093 1310 2182 quandoqui-

174 2167 239 2235 dem
259 2168 364 2249 etipsa
383 2167 438 2229 suis
457 2166 622 2236 doctoribus
641 2187 781 2246 peraeque
798 2163 908 2226 insensa
926 2177 994 2226 erat.
1033 2169 1106 2228 Nam
1124 2168 1205 2226 srcuti
1224 2189 1310 2228 mun-

174 2244 235 2320 dus,
255 2243 318 2325 quia
333 2245 428 2305 Deum
447 2243 560 2326 penitus
576 2263 711 2334 spernere
729 2243 789 2302 non
805 2241 898 2318 audet,
917 2241 965 2305 rel
983 2241 1079 2304 saltem
1096 2242 1186 2324 palam
1205 2255 1308 2306 contra

173 2321 184 2382 i
204 2343 266 2383 sum
283 2321 448 2406 insurgere,
471 2319 526 2380 boe
549 2319 699 2380 artificium
721 2317 863 2402 excogitat
882 2329 918 2378 ut
937 2317 994 2380 Dei
1012 2319 1136 2380 umbram
1156 2316 1231 2380 colat
1249 2341 1306 2455 pro

206 2417 257 2474 eo,
280 2399 320 2460 ita
338 2399 371 2458 in
387 2391 542 2478 Prophetis=
556 2395 674 2458 similem
692 2408 807 2460 exercet
824 2393 929 2458 ludum.
969 2395 1057 2458 Cuius
1075 2395 1117 2455 rei
1136 2394 1221 2456 nimis
1238 2393 1249 2452 i
1268 2417 1306 2456 u·-

173 2486 233 2540 stre
251 2473 453 2536 documentum
472 2473 501 2544 in
521 2475 627 2554 Papatu
644 2473 780 2534 cernitur.
819 2471 899 2532 ‘Nam
918 2472 1121 2552 Apostolorum
1146 2482 1176 2532 et
1193 2471 1307 2556 Marty-

173 2571 238 2614 rum
263 2549 387 2632 legitima
406 2551 591 2614 veneratione
614 2570 674 2610 non
697 2547 826 2610 contenti
848 2547 958 2610 divinus
980 2547 1032 2610 illis
1050 2548 1141 2610 cultus
1158 2547 1223 2616 aihu
1264 2563 1308 2627 nt,
1343 2547 1371 2618 ,’

174 2636 205 2684 et
224 2644 409 2716 quormnqne
428 2638 584 2708 congerant
603 2625 741 2706 honores,
764 2643 824 2684 non
845 2635 946 2705 putant
969 2644 1000 2684 se
1021 2627 1144 2688 modum
1158 2646 1227 2698 exce
1247 2649 1309 2690 ere:
1402 2681 1403 2694 ,

173 2699 452 2773 interea‘saerrendo
472 2713 574 2762 eontra
591 2702 696 2778 fideles,
715 2701 868 2774 ostendunt
881 2697 967 2780 qualis
983 2699 1077 2764 futura
1095 2702 1133 2769 sit
1151 2724 1201 2766 sua
1219 2704 1307 2784 pietas

174 2773 417 2866 erga-Apostolos
437 2787 466 2834 et
479 2777 627 2860 Martyres,
647 2777 671 2839 si
687 2777 771 2842 hodie
789 2777 950 2860 superstites
968 2775 1042 2838 idem
1061 2777 1140 2866 quod
1159 2777 1228 2840 olim
1247 2802 1310 2848 mu-

173 2869 228 2911 nus
248 2849 370 2911 obirent.
410 2849 472 2914 Cur
491 2853 567 2914 enim
585 2853 666 2915 'tanta
682 2855 720 2914 'io
743 2873 795 2914 nos
814 2853 892 2914 rabie
910 2853 1057 2926 exardent,
1080 2855 1136 2916 nisi
1155 2855 1221 2933 quia
1245 2877 1308 2918 earn

174 2926 331 2993 doctrinam
350 2925 409 2988 reci
429 2927 440 2986 i
457 2949 490 2988 ac
508 2929 536 2990 v'
559 2951 607 2992 ere
627 2932 766 3012 cupimus,
786 2947 869 3010 quum
887 2949 939 2990 suo
959 2929 1096 3014 sanguine
1118 2930 1308 3012 obsignarunt

173 3005 313 3086 Apostoli
331 3013 360 3071 et
386 2949 538 3090 tibrtyres
573 3008 684 3078 xPorro
712 3018 799 3088 quum
828 3006 929 3072 sanctis
954 3006 1014 3077 Dei
1036 3004 1126 3090 seprio
1153 3005 1308 3088 pretiosior
1401 3033 1402 3066 t

174 3102 208 3152 ea
226 3081 313 3144 luerit
330 3103 413 3164 quam
431 3101 483 3162 pro
505 3080 545 3143 ria
563 3082 635 3160 vita,
653 3105 690 3144 an
709 3083 774 3144 huie
787 3095 955 3164 parcerent,
976 3079 1023 3162 qui
1043 3101 1104 3146 eam
1123 3093 1179 3144 tam
1199 3081 1308 3149 furiose
1401 3087 1402 3095 ’

173 3157 400 3238 persequuntur?
444 3101 548 3220 Sulfltu
568 3179 654 3243 ergo,
665 3159 811 3234 ,candelis,
834 3159 965 3234 floribus,
987 3157 1120 3237 omnique
1137 3177 1308 3249 pomparum

173 3251 282 3312 genere
301 3235 471 3298 Sanctorum
489 3233 625 3319 imagines
645 3248 761 3309 ornent,
778 3246 811 3296 ut
828 3230 954 3318 libtrerits
982 3233 1099 3296 aimone
1119 3247 1230 3297 vereret
1249 3235 1308 3308 Pe-.
1400 3313 1401 3318 ἵ

172 3316 245 3382 trus,
262 3327 329 3380 etum
346 3311 551 3393 discerperent,
571 3311 705 3393 lapidibus
725 3311 882 3380 obruerent
898 3313 921 3372 P
938 3310 1026 3380 ulum:
1051 3310 1074 3369 si
1094 3309 1228 3371 Christus
1246 3310 1259 3386 i
1277 3335 1308 3384 se
1400 3365 1401 3372 ,

174 3379 265 3444 adbuc
283 3397 381 3468 ageret
399 3388 429 3454 in
447 3391 563 3464 mundo,
584 3411 648 3452 eum
667 3387 712 3448 len
765 3387 824 3472 ign'
842 3334 1003 3454 ustndrens
1042 3385 1120 3460 Quia
1138 3407 1212 3466 vero
1232 3409 1264 3448 ae
1293 3427 1308 3438 -
1400 3415 1401 3426 ¹

135 3475 140 3482 ·
173 3457 209 3532 tis
234 3475 300 3519 suae
324 3451 428 3526 lcribas
457 3476 485 3524 et
504 3465 650 3526 sacrificos
674 3400 787 3526 riddbat
857 3465 950 3528 i'rrirrus
975 3459 1085 3524 laudem
1115 3461 1182 3524 inde
1211 3465 1306 3526 venari

173 3533 249 3614 apud
267 3536 415 3628 populum,
439 3542 516 3619 quod
537 3541 577 3621 pii
601 3551 695 3603 essent
716 3537 921 3630 Prophetarum
945 3540 1079 3614 rutroru,
1104 3537 1240 3604 fallaciter
1258 3561 1305 3604 eos

148 3645 150 3648 -
172 3607 271 3682 ludere
291 3619 518 3750 roargmtgqqia
536 3625 697 3697 praesentes
718 3625 749 3675 et
769 3615 823 3676 sthi
844 3617 943 3680 missos
964 3617 1123 3698 Prophetas
1144 3637 1204 3696 non
1222 3617 1306 3680 modo

433 3713 462 3750 rn

82 3700 85 3708 .
173 3687 336 3776 qepudient,
360 3690 409 3750 sed
484 3693 621 3761 amariter
643 3693 727 3752 etiam
747 3691 883 3774 affligant.
921 3693 957 3752 In
979 3713 1015 3752 co
1040 3706 1136 3768 ωηο
1159 3713 1189 3754 se
1213 3683 1305 3829 prodit

171 3762 262 3898 rrq'piq
278 3763 357 3824 iictio
373 3763 411 3826 'et
434 3789 522 3828 crassa
544 3768 730 3860 impudentia,
753 3769 819 3828 dnm
837 3771 867 3830 in
888 3768 967 3838 cultu
984 3781 1165 3830 mortuorum
1183 3791 1216 3836 rc
1229 3769 1305 3853 ‘giosl

124 3869 145 3891 s
173 3859 202 3898 vr
222 3859 261 3898 err
281 3853 430 3921 appetunt,
456 3867 541 3924 quum
561 3866 642 3906 vrvos
658 3845 837 3926 exstinguere
857 3857 1006 3914 conmitte-
1077 3861 1080 3864 ’

134 3975 138 3980 .
239 3917 296 4004 .30.
327 3915 376 4006 ,δι’
395 3920 566 3994 fuissemus
580 3924 628 3980 in
657 3923 769 3985 diebos,
813 3921 882 3982 Non
910 3921 1013 3982 frustra
1039 3923 1113 3984 haue
1139 3922 1304 3986 sententiam

175 3987 306 4054 Christus
325 3995 450 4058 inseruit,
499 3995 668 4076 Quanquam
688 3997 761 4060 enim
783 4017 832 4058 eos
851 4019 912 4058 non
929 4010 1042 4060 accusat
1063 3999 1095 4068 in
1130 4009 1225 4064 ‚atrum
1241 4005 1304 4077 per·

77 4131 79 4138 Ι
148 4083 252 4145 xsona,
271 4085 326 4148 nec
341 4067 413 4127 'vitio
435 4069 582 4148 praecipue
602 4071 700 4143 vertit,
716 4073 800 4149 'quod
822 4074 879 4134 sint
902 4075 1110 4143 homicidarum
1142 4073 1190 4150 ii,
1214 4075 1303 4146 obiter

172 4147 268 4228 tegmen
286 4143 452 4273 perstringit
470 4144 580 4214 stultam
598 4147 698 4207 eorum
717 4146 883 4223 iactantiam,
903 4150 978 4227 quod
997 4150 1027 4208 in
1046 4169 1098 4210 sun
1116 4169 1226 4232 genere
1244 4149 1305 4238 glo·
1398 4167 1399 4194 t

172 4231 241 4270 marr
258 4233 290 4272 so
302 4227 390 4289 erent,
410 4219 457 4295 qui
475 4233 568 4280 tamen
588 4239 621 4278 ex
636 4221 818 4301 sanguinariis
833 4225 888 4286 Dei
906 4223 1031 4286 hostibus
1047 4237 1141 4285 essent
1154 4225 1303 4312 progeniti.

173 4281 311 4370 Sic-ergo¹
331 4292 434 4352 resolvi
453 4293 538 4354 debet
555 4293 660 4352 oratio:
689 4295 791 4371 cultus,
811 4321 903 4379 quem,
915 4299 1067 4392 Prophetis
1087 4303 1206 4364 mortuis
1226 4323 1304 4384 prae-

89 4449 102 4455 *
176 4365 424 4440 statts,‘quaednm
446 4387 463 4428 a
488 4367 570 4434 vobis
593 4367 897 4460 impietatispaterhae
920 4377 1043 4456 expiatio
1067 4389 1209 4442 censetur.
1245 4379 1304 4444 lam
