2796 4774
151 191 195 278 u'
494 209 691 297 sucum
728 172 932 320 ramnus

150 371 293 459 proletrnn
316 385 361 442 est
384 373 447 440 sine
464 395 546 442 mota
654 376 758 474 gando
783 377 925 470 excipere:
949 373 1069 450 sciamus
1092 383 1189 448 tamen
1207 373 1278 438 nihil

39 464 46 480 '
150 449 252 524 actum
265 471 336 526 essa
354 451 447 512 donee
469 451 590 513 solidum
624 451 698 518 obus
716 453 864 538 collegerit
881 454 959 529 fides,
977 473 1016 516 ne
1032 453 1064 534 in
1081 453 1172 544 prima
1189 451 1278 514 herba

74 2627 76 2634 ›
145 2597 203 2648 tur.

150 539 267 605 arescat.
301 525 434 608 'Exempli
454 549 535 606 causa
553 529 621 590 dicit
641 529 780 605 Christus,
799 532 847 611 qui
864 527 934 592 tales
952 539 1020 590 sunt
1037 551 1129 591 crucis
1147 529 1277 606 scandalo

150 602 268 686 tenberi-
307 605 347 668 Et
364 623 440 680 sane,
459 615 493 674 ut
509 617 589 667 aestu
607 603 674 666 solis
692 607 830 688 probatur
846 619 941 668 terrae
959 603 1103 680 sterilitas,
1122 605 1161 666 ita
1178 627 1278 687 perse-

151 679 252 776 puutio
276 682 306 740 et
324 701 394 759 crux
420 691 520 764 eortina
544 680 785 750 vanitatem'dete
808 683 842 760 it,
871 683 919 764 qni
938 681 1040 762 leviter
1057 681 1153 764 tincti,
1178 682 1278 742 nescio

150 777 209 837 qno
229 755 384 835 desiderio,
409 775 470 818 non
508 755 581 818 robe
604 759 679 836 serio
697 759 808 840 pietatis
830 759 936 834 affectu
958 757 1060 818 imbuti
1078 770 1153 829 sunt
1192 757 1278 820 Tales

148 833 223 908 aud
242 831 416 894 Matthaeum
436 843 465 893 et
519 855 614 908 areum
636 847 776 897 vocantur
792 835 980 916 campomis,
1004 833 1064 893 non
1082 844 1193 894 tanturn
1212 835 1279 916 quia
1392 895 1393 900 ,

94 978 98 986 ,
148 854 185 970 ai
201 919 312 996 tempus
350 908 453 970 rofessi
475 930 507 970 se
527 909 802 1002 Christidiscipulos
825 925 924 995 postea
948 912 981 972 in
1003 909 1163 970 tentatione
1185 911 1279 972 desei·
1391 933 1393 956 Α

148 995 241 1060 scunt,
261 985 311 1046 sed
370 986 398 1044 ’a
413 982 467 1046 sibl
486 979 599 1069 quoqne
617 989 750 1050 videntur
771 1005 868 1054 veram
885 985 991 1050 habere
1008 986 1101 1061 fidem,
1121 985 1279 1076 ideoapud
1376 1050 1383 1061 f

147 1061 256 1122 Lucam
279 1061 349 1124 dicit
368 1061 501 1132 Christus
524 1083 576 1125 eos
597 1065 632 1124 ad
650 1075 761 1148 tempus
785 1067 914 1142 credere,
939 1064 1004 1157 quia
1025 1062 1091 1123 fidei
1117 1060 1280 1136 similrs'est

147 1135 244 1199 honor
261 1137 319 1214 ille,
337 1159 422 1218 quem
441 1139 598 1223 Evangelio
618 1141 761 1222 deserunt.
798 1136 914 1223 Interea
936 1139 1035 1202 tamen
1054 1139 1200 1200 sciendum
1224 1147 1279 1214 est,
1392 1155 1393 1224 j

147 1233 210 1274 non
228 1235 298 1276 vere
316 1235 378 1276 esse
395 1215 426 1294 iu
445 1215 623 1296 corruptibili
642 1219 751 1299 semine
769 1220 929 1304 regenitus,
949 1217 1026 1312 <prod
1044 1235 1187 1296 nunquam
1201 1235 1279 1274 mar-
1392 1247 1393 1284 3

148 1289 245 1366 cescit,
285 1288 502 1372 uemadmodum
512 1292 615 1354 Petrus
634 1293 720 1356 docet
738 1295 777 1374 (1.
801 1315 844 1380 ep.
855 1299 882 1370 l,
901 1293 954 1370 4.).
992 1295 1066 1354 Nam
1084 1290 1278 1366 illudlesaiae,
1392 1313 1393 1320 ¹

50 1379 52 1384 '
147 1366 240 1454 capite
258 1371 285 1440 4Ι
304 1409 313 1440 ,
333 1370 378 1442 8.,
403 1367 507 1426 Sermo
527 1368 584 1428 Dei
602 1383 698 1432 manet
716 1371 747 1430 in
768 1378 938 1450 aeternum,¹
953 1369 985 1428 in
1003 1367 1136 1430 cordibus
1154 1366 1280 1428 fidelium
1392 1393 1393 1442 ,

146 1440 259 1524 irnpleri
278 1442 361 1518 dicit,
390 1441 492 1522 qru'bus
510 1441 598 1504 semel
615 1445 699 1507 infixa
718 1445 776 1508 Dei
796 1445 1199 1535 veritastnnnqnamellluit,
1226 1443 1278 1504 sed
1391 1463 1393 1482 ·

146 1534 237 1600 nsque
255 1519 290 1580 ad
307 1517 394 1596 linem
412 1517 500 1602 viget.
539 1520 670 1583 Credunt
688 1521 784 1584 'tamen
803 1519 1020 1604 quodammodo,
1039 1521 1140 1602 quibus
1159 1519 1279 1582 amabile
1312 1521 1314 1524 ’

146 1605 192 1655 est
200 1594 255 1656 Dei
271 1595 391 1658 verbum
410 1607 441 1656 et
460 1595 535 1678 apud
553 1618 624 1678 qnos
642 1600 830 1660 reverentiam
848 1598 967 1684 aliquam
977 1597 1100 1660 obtinet:
1120 1596 1184 1678 quia
1198 1607 1280 1658 certe

145 1670 184 1732 ab
198 1670 353 1750 incredulis
372 1670 487 1748 distant,
506 1673 554 1752 qui
573 1674 766 1758 meinung
802 1688 815 1737 t
832 1673 962 1756 loquenti
974 1675 1049 1748 Deo,
1067 1671 1114 1750 uel
1133 1674 1191 1734 eins
1208 1693 1279 1735 uer-

57 1821 62 1832 .
145 1745 216 1819 bum
234 1759 384 1830 respuunt.
421 1750 547 1808 Tantum
566 1751 701 1840 sciamus,
724 1773 744 1812 n
784 1773 816 1814 os
837 1746 1095 1832 esse-udae'fidei
1114 1749 1279 1832 participes,

145 1823 201 1884 nisi
225 1825 274 1904 qui
295 1824 457 1906 adoptionis
476 1825 584 1907 Spiritu
603 1827 745 1920 obslgupfi
763 1831 858 1910 Deum
882 1829 917 1890 ei
941 1827 1036 1888 animo
1054 1827 1169 1887 Patrem
1191 1825 1279 1905 invo-

146 1910 221 1970 cant.
254 1901 350 1962 Porro
369 1913 555 1982 utnusquam
574 1905 762 1988 exstinguitur
771 1905 893 1988 Spiritus
910 1901 966 1978 ille,
985 1903 1033 1965 ita.
1044 1901 1174 1977 etlidern,
1192 1921 1279 1982 quarn

145 1973 234 2038 semel
252 1975 400 2058 insculpsit
408 1979 522 2061 piorum
533 1977 674 2055 cordibus,
694 2001 864 2043 evanescere
884 1991 915 2042 et
931 1979 1028 2062 perire
1039 1976 1212 2060 impossibile
1224 1987 1277 2038 est.

221 2055 270 2114 22.
311 2054 373 2131 Qui
386 2059 594 2134 inopinante.
633 2057 670 2116 In
679 2057 765 2119 tertia
781 2056 869 2120 classe
886 2067 1018 2130 recenset
1032 2072 1089 2129 eos,
1109 2055 1158 2135 qui
1175 2054 1211 2116 ad
1229 2053 1297 2118 lo·.

144 2129 266 2194 vendam
289 2129 367 2192 intus
390 2145 547 2195 sementem
571 2132 669 2194 idonei
692 2132 810 2212 fierent,
836 2131 892 2194 nisi
910 2131 1022 2208 aliunde
1045 2152 1108 2191 eam
1132 2127 1279 2211 corrumpi

145 2225 179 2268 ac
197 2207 372 2290 degenerem
394 2209 475 2282 reddi
493 2211 629 2292 sinerent.¹
667 2209 762 2346 §pinis
778 2207 878 2286 ‘autem
905 2217 1050 2289 comparat
1068 2205 1199 2268 Christus
1222 2221 1280 2296 vp-

144 2280 267 2419 lnphtates
291 2283 410 2364 saeculi,
435 2285 482 2366 vel
501 2285 586 2361 malas
610 2285 675 2347 oui
705 2297 791 2362 tates,
818 2297 848 2346 et
865 2285 1020 2364 avaritiam,
1047 2295 1078 2344 et
1095 2281 1160 2344 alias
1183 2291 1279 2344 carnis

143 2379 178 2420 so
200 2359 357 2423 'citudines
397 2359 568 2446 Quanquam
578 2365 639 2424 Mat
671 2383 737 2423 aeus
755 2384 845 2438 curos
854 2363 968 2438 meruli
986 2360 1120 2420 duntaxat
1137 2373 1279 2422 camara-

163 2435 211 2497 'tia
252 2438 324 2514 onit,
343 2439 394 2500 sed
417 2443 519 2502 eodem
536 2461 634 2502 sensu:
655 2439 722 2521 quia
737 2437 791 2500 sub
809 2438 862 2499 hac
880 2458 968 2518 voce,
986 2434 1164 2518 voluptatum
1180 2432 1280 2494 illece-

143 2457 211 2576 lias
230 2459 249 2592 l
265 2535 364 2582 uarum
383 2517 475 2578 Lucas
493 2515 646 2593 meminit),
666 2527 697 2576 et
716 2535 802 2577 omne
820 2513 978 2598 cupiditatis
997 2533 1087 2596 genus
1110 2509 1280 2594 complecti-

246 2534 324 2676 δύο
349 2591 423 2652 sicut
445 2593 547 2653 laetam
563 2591 675 2671 'alioqui
698 2611 728 2651 se
750 2597 849 2666 stem,
869 2593 936 2651 dum
960 2589 992 2651 in
1015 2585 1124 2668 culmos
1145 2609 1224 2648 asson
1245 2586 1278 2664 it,

143 2662 290 2732 suffocant
307 2664 405 2748 spinae
423 2679 453 2726 et
471 2667 523 2726 alia
539 2688 632 2726 noxae
652 2611 862 2746 impedimenta,
878 2667 919 2727 sic
937 2663 1125 2726 inhominum
1144 2685 1196 2728 cor
1215 2656 1222 2678 ⁸
1244 2685 1279 2725 us

111 2741 116 2748 '
166 2735 311 2820 raevalent
327 2739 432 2819 vitiosi
444 2743 536 2822 carnis
554 2741 684 2826 assectrp,
704 2753 737 2804 et
751 2743 807 2802 fide
825 2741 984 2820 superiores
995 2751 1070 2814 sunt,
1084 2753 1122 2800 ut
1139 2741 1197 2801 vim
1208 2761 1280 2803 coe-

158 2815 223 2877 estis
241 2813 399 2896 doctrinae,
418 2815 489 2898 qua'a
507 2813 635 2894 nondum
646 2826 763 2882 ,matura
781 2827 832 2891 est,
851 2817 989 2880 obruant
1001 2815 1170 2876 Etsiautem
1188 2815 1280 2878 malae

140 2891 322 2980 cupiditates,
343 2893 494 2979 antequem
512 2889 632 2974 ¹pepinum
650 2891 769 2968 Domini
784 2889 950 2951 in'lrrbam
964 2910 1046 2970 emer
1082 2902 1104 2965 t,
1123 2911 1175 2950 cor
1183 2889 1279 2954 homi-

145 2967 190 3030 nls
209 2979 363 3050 occupant,
389 2990 450 3029 non
470 2981 566 3049 tamen
589 2968 666 3029 inter
684 2967 775 3050 prima
798 2967 878 3030 initia
896 2965 1030 3045 videntur
1052 2966 1201 3042 ominari,
1226 2969 1279 3031 sed

143 3041 310 3128 paulatim‘s
351 3046 516 3123 erveniunt',
538 3056 692 3129 postquam·
715 3055 813 3124 eaorta
837 3053 881 3104 est
903 3063 1002 3126 seges,
1027 3055 1058 3104 et
1077 3043 1128 3104 uhi
1151 3043 1279 3107 fructum

89 3123 99 3132 “
144 3121 295 3204 promittit
364 3123 435 3183 anda
452 3123 541 3208 igitur
559 3121 676 3204 singulis
696 3141 784 3218 opera
805 3131 856 3196 est,
876 3131 910 3179 ut
928 3119 1022 3200 spinas
1041 3119 1200 3181 ecordibus
1219 3122 1278 3183 suis

145 3195 277 3274 evellant,
296 3198 352 3259 nisi
369 3200 489 3261 verbum
507 3199 564 3266 Dei
582 3197 830 3262 suffocarr'velints
849 3196 962 3277 qnando
980 3205 1069 3257 nemo
1087 3207 1138 3271 est,
1158 3195 1278 3278 quinon
1330 3221 1334 3229 ·

144 3273 258 3354 ingenti
273 3275 424 3362 'spinarum
443 3276 525 3358 copia
549 3287 580 3336 et
599 3275 677 3356 quasi
701 3275 787 3351 densa
813 3271 881 3336 silua
902 3271 1026 3334 refertus
1049 3273 1094 3334 sit
1134 3275 1174 3334 Et·
1195 3286 1278 3336 certe

144 3351 284 3428 videmus,
310 3373 394 3432 quarn
421 3353 505 3435 pauci
528 3353 563 3414 ad
581 3352 771 3431 maturitatem
789 3349 970 3432 perveniant:
993 3349 1058 3430 quia
1081 3349 1128 3410 vix
1150 3349 1278 3416 decimus

144 3428 264 3520 quisque
281 3447 342 3508 non
362 3427 426 3498 dico
443 3429 478 3490 ad
497 3427 700 3517 exstirpandas,
719 3427 769 3492 sed
787 3449 826 3508 ne
844 3427 879 3486 ad
896 3427 1069 3506 resecandas
1083 3425 1196 3506 quidem
1217 3427 1278 3508 spi-

144 3525 195 3567 nas
217 3513 345 3567 autentus
364 3514 415 3566 es't.
455 3506 543 3586 Atqui
565 3506 625 3598 ipsa
647 3499 793 3596 multiplex
813 3502 905 3585 copia,
933 3519 1005 3582 qnae
1022 3514 1172 3583 torporem
1189 3521 1278 3574 excu-

143 3591 209 3642 tere
230 3579 360 3656 debebat,
377 3581 520 3674 plerisque
536 3579 690 3650 latiscendr
710 3591 858 3642 causaest·
883 3581 1091 3658 imposturam
1099 3580 1278 3648 diuitiarum
1387 3603 1388 3650 ξ

146 3655 278 3718 Clnistus
301 3677 355 3738 pro
374 3659 489 3720 avaritia
514 3659 617 3740 posuit
653 3659 715 3720 Sed
738 3655 868 3727 consulto
893 3653 1002 3718 divitias
1025 3654 1139 3715 vocavit
1163 3653 1277 3718 fallaces

144 3731 192 3794 vel
210 3733 395 3814 deceptrices,
415 3756 472 3816 quo
487 3735 581 3818 'magis
601 3734 637 3806 ab
657 3755 753 3794 earum
770 3731 876 3814 laqueis
896 3730 951 3792 sibi
970 3749 1074 3798 carue
1096 3731 1205 3792 discant
1221 3731 1277 3794 ho-

99 3869 107 3876 „
144 3809 246 3890 mines,
284 3810 437 3872 Caeterum
461 3823 533 3892 quot
550 3821 617 3888 snut
639 3811 729 3871 carnis
748 3817 863 3870 nostrae
885 3807 1020 3887 allectus,
1044 3827 1166 3888 quorum
1190 3807 1277 3868 innu-

144 3907 224 3954 mera
243 3897 287 3948 est
307 3886 388 3970 copia
407 3885 816 3965 etvarietas„meminerim1u,
834 3883 955 3958 totidem
974 3893 1036 3946 esse
1054 3898 1141 3952 noxas
1160 3885 1196 3945 ad
1209 3903 1276 3962 cor-

145 3960 334 4048 rumpendum
352 3963 428 4024 vitae
445 3985 553 4044 sorren.

222 4043 270 4102 23.
311 4040 373 4118 Qui
393 4043 426 4100 in
434 4050 548 4118 terram
556 4043 661 4102 bonam
670 4050 726 4110 ste.
756 4039 815 4102 Eos
825 4048 936 4098 tantum
954 4036 1049 4098 bonae
1067 4048 1098 4100 et
1109 4036 1272 4113 &emotae

144 4125 240 4176 terrae
261 4115 390 4188 Chrisurs
410 4128 568 4197 comparat,
587 4117 618 4177 in
637 4111 738 4254 pilius
758 4133 819 4175 non
838 4113 931 4174 solum
950 4113 1058 4176 radices
1074 4112 1271 4202 agitvrerbum

621 4213 639 4254 o

145 4189 274 4267 Domini,
293 4189 453 4274 etquidem
471 4191 619 4272 altasacs

660 4194 722 4268 das,
750 4189 801 4256 sed
819 4185 963 4260 obstacula
981 4203 1207 4272 quoqpffomm,
1225 4209 1273 4264 sp.
1385 4213 1386 4250 ,

145 4277 240 4358 perat,
254 4289 293 4332 ne
310 4259 434 4332 lructum
453 4268 512 4332 eius
532 4279 722 4352 praevortant
761 4265 875 4360 Siquis
896 4265 1019 4342 obiiciat,
1038 4265 1181 4328 nuninem
1189 4281 1275 4344 posse
1385 4301 1386 4308 κ

98 4343 101 4348 ’
145 4343 267 4427 repenti
284 4365 301 4408 a
318 4346 405 4428 spinis
423 4365 543 4414 vacuum
562 4357 593 4412 et
609 4367 729 4432 purum,
754 4342 843 4410 saulis
856 4355 904 4409 est
919 4339 1040 4424 solutio,
1064 4339 1209 4408 Christano
1224 4336 1285 4444 hic.
1385 4435 1386 4448 ἵ
