2790 4764
158 214 199 278 ὥ
389 206 597 294 SEGT.X1Y.
640 218 813 268 urnacuna
833 219 875 266 sn
894 219 1072 298 ssauoms.
1136 223 1140 242 ¹

157 383 226 436 non
252 360 411 450 potestis?
458 357 489 424 t.
513 356 614 426 Natio
640 377 742 446 prava
772 365 805 422 et
831 354 975 424 adultera
1004 359 1129 444 signum
1155 359 1309 446 requirit,

158 476 191 535 et
210 465 337 554 siguum
360 462 393 528 ei
414 477 483 526 non
505 458 645 542 dabitur,
666 460 731 527 nisi
752 459 879 548 signum
900 460 1002 528 lonae
1022 459 1212 552 Prophetae.
1257 461 1308 529 Et

158 565 278 651 relictis
303 563 369 632 illis
392 561 482 630 abiit

191 751 195 758 ⁴
242 766 385 838 MARC.
405 767 496 836 Vlll.
541 766 593 832 ll.
615 764 798 854 Et'egressi
820 774 896 834 sunt
915 765 1087 846 Pharisaei,
1109 773 1308 858 coeperunt-

157 856 231 966 que¹
248 871 416 961 disputare
444 889 517 934 eum
542 865 616 948 illo,
644 879 835 956 quaerentes
863 867 905 934 ab
933 891 974 937 eo
1000 871 1125 955 signum
1155 871 1308 950 ecoelo,

157 985 315 1046 tentantes
338 996 422 1040 eum.
471 970 524 1035 12.
551 971 594 1036 Et
618 993 717 1058 quum
744 974 954 1058 ingemuisset
974 973 1089 1059 spiritu
1111 995 1186 1052 suo,
1213 973 1306 1053 dicit,

159 1081 230 1148 Cur
257 1075 422 1168 generatio
449 1073 529 1138 haec
556 1075 682 1160 signum
711 1077 853 1168 quaerit?
900 1074 1003 1140 Amen
1031 1073 1107 1140 dico
1133 1074 1243 1155 vobis,
1273 1077 1308 1140 si

159 1183 288 1252 dabitur
309 1179 508 1270 gesserationi
530 1176 604 1242 huic
627 1180 771 1264 signum!
817 1175 870 1244 13.
890 1177 932 1257 Et
951 1175 1071 1244 relictis
1091 1175 1156 1244 illis
1176 1179 1308 1273 ingres·

160 1309 219 1356 sus
237 1304 351 1354 rursus
373 1283 497 1361 niiim,
527 1277 608 1346 abiit
628 1283 761 1348 traiecto
782 1279 866 1346 laen.

244 1485 347 1558 LUC.
367 1485 440 1554 ΧΠ.
485 1483 538 1550 bl.
560 1483 701 1552 Dicebat
722 1493 828 1552 autem
843 1493 883 1552 ‚et
904 1483 946 1552 ad
966 1481 1091 1570 turbas,
1118 1483 1228 1571 Quum
1249 1485 1304 1550 ri-

159 1595 273 1663 deritis
299 1587 420 1658 nubem
443 1589 601 1654 orientem
629 1585 671 1653 ab
693 1609 825 1666 occasu,
852 1590 956 1654 statim
975 1589 1094 1667 dicitis,
1117 1585 1224 1653 Imber
1243 1607 1303 1652 ve·

161 1699 225 1766 nit:
252 1695 352 1789 etita
377 1690 423 1756 fit.
460 1685 594 1770 *55.'‚Et
623 1711 722 1778 quum
743 1700 885 1756 austrum
906 1689 1051 1769 flantem,
1079 1690 1185 1757 dicitis
1207 1689 1302 1780 quod

162 1807 272 1865 aestus
299 1797 373 1872 erit,
407 1801 439 1858 et
467 1791 514 1858 fit.
557 1790 611 1858 56.
638 1792 990 1878 Hypooritae,faciem
1017 1792 1103 1860 coeli
1136 1802 1302 1862 etterrae

161 1902 266 1968 nostis
288 1895 442 1986 probare:
470 1895 533 1959 hoc
555 1903 660 1960 autem
682 1905 822 1981 tempus,
851 1897 908 1982 qui
928 1893 965 1958 fit
987 1903 1022 1958 ut
1041 1914 1109 1958 non
1131 1894 1301 1981 probetis?

163 2001 215 2068 at.
252 2000 324 2070 Cur
350 2007 455 2066 autem
482 2007 515 2063 et
540 2018 591 2096 ex·
605 1995 700 2072 ‚vobis
727 1997 807 2086 ipsis
836 2018 906 2063 non
932 1983 1094 2076 iudicatis,
1127 1997 1217 2084 quod
1248 1999 1300 2066 iu·

164 2115 248 2174 stum
272 2105 338 2172 esti
546 2105 553 2118 “

603 2195 610 2228 Ι
1148 2211 1150 2216 .

239 2262 389 2334 etiami.
426 2259 469 2324 fit
488 2263 616 2344 ingressi
633 2258 793 2322 Pharisaei
811 2253 967 2341 rogabant.
1004 2259 1117 2322 Marcus
1134 2255 1216 2332 dicit,
1239 2259 1298 2321 ini.

164 2345 206 2410 tio
232 2343 398 2424 disputasse,
428 2337 505 2400 unde
531 2337 674 2407 couiicere
701 2336 782 2412 lieet,
811 2357 898 2417 quum
920 2333 989 2396 victi
1013 2333 1312 2412 assentationibus,

166 2431 323 2495 extremuni
345 2416 402 2478 hoe
425 2414 479 2476 illis
503 2414 587 2476 luisse
613 2413 781 2496 suffugium:
808 2423 843 2472 ut
861 2410 995 2474 obstinati
1015 2411 1159 2486 homines,
1183 2411 1297 2492 quoties

165 2495 273 2558 redacti
291 2493 411 2557 suntad
430 2505 618 2566 extremaue
637 2501 732 2550 tamen
746 2487 858 2551 veritati
879 2488 1056 2557 subscribere
1075 2497 1224 2570 cogantur,
1243 2487 1297 2548 ali-

127 2614 134 2627 .
166 2572 234 2652 quid
257 2582 337 2632 extra
361 2588 473 2630 causam
496 2567 590 2629 solent
614 2566 780 2627 obtendere.
820 2564 989 2645 Quanquam
1006 2575 1101 2624 autem
1119 2584 1180 2624 non
1200 2565 1301 2644 expri-'

165 2647 253 2706 mitur
271 2645 379 2724 species
399 2643 607 2724 disputationis,
629 2643 699 2702 mihi
716 2654 812 2702 umen
829 2641 980 2702 verisimile
1000 2651 1043 2702 est
1060 2639 1096 2700 de
1116 2639 1223 2702 Christi
1239 2659 1295 2702 vo-

167 2719 278 2781 catione
296 2719 401 2778 rixatus
420 2739 495 2793 esse,
516 2739 567 2780 eur
585 2719 690 2799 aliquid
710 2737 817 2779 novare
835 2719 963 2792 auderet,
989 2737 1089 2778 curse
1107 2727 1165 2778 uin
1185 2737 1227 2776 ma
1270 2715 1294 2766 '-

30 2849 36 2860 ,
165 2795 219 2856 fiee
240 2789 366 2867 efferret,
385 2793 442 2854 acsi
459 2814 511 2854 suo
529 2793 652 2854 adventu
670 2792 778 2854 reddita
797 2805 869 2854 esset
887 2805 937 2854 sua
954 2791 1101 2878 integritas
1119 2813 1210 2883 regno
1255 2791 1291 2852 ei.

167 2870 228 2932 Ubi
245 2867 315 2930 nihil
332 2867 464 2948 suppetit,
484 2870 560 2948 quod
579 2879 679 2928 contra
699 2868 757 2928 eius
774 2869 933 2930 decumam
952 2867 1093 2942 obiiciant,
1111 2890 1222 2952 siguum
1236 2889 1293 2949 po-

165 2946 272 3036 stulant
288 2941 342 3005 sibi
360 2964 376 3004 e
396 2943 477 3004 coelo
496 2944 564 3005 dari.
601 2943 691 3036 Atqui
712 2954 821 3004 certum
840 2957 896 3035 est,
915 2957 1030 3006 centum
1048 2944 1134 3027 signis
1153 2965 1214 3004 non
1231 2964 1291 3003 ma-

187 3021 196 3038 '
228 3022 313 3083 fuisse
332 3039 473 3092 cessuros,
498 3041 580 3098 qnam
600 3019 763 3100 Scripturas
787 3021 963 3082 testnaoniis.
1001 3021 1084 3082 Adde
1103 3022 1179 3102 quod
1196 3019 1290 3082 multis

12 3113 16 3120 ·
102 3131 105 3139 ·
165 3119 222 3160 iani
239 3095 378 3158 miraculis
397 3094 450 3158 sub
470 3093 570 3155 oculos
588 3095 678 3175 po'sita
697 3095 789 3156 fuerat
809 3097 916 3158 Christi
934 3087 1037 3172 virtus,
1057 3107 1086 3158 et
1106 3097 1183 3178 quasi
1200 3095 1298 3164 mani,

166 3173 219 3233 bus
238 3171 388 3254 palpabilis.
428 3169 536 3260 higna,
560 3169 660 3260 quihus
679 3193 710 3232 se
729 3171 902 3236 familiariter
939 3173 1054 3236 iteueii
1072 3173 1213 3246 christia,
1237 3193 1306 3234 ne«,

186 3247 290 3329 ligurit:
308 3257 414 3328 quanto
426 3258 521 3327 itaque
530 3267 622 3307 minus
636 3268 670 3308 ex
683 3247 841 3332 longinquo
856 3261 886 3312 et
896 3195 1019 3312 obscuro
1034 3249 1116 3332 signo
1125 3247 1289 3340 proficient?

164 3267 319 3414 dichodie
337 3322 481 3414 Papistae,
504 3322 580 3413 quasi
605 3335 747 3404 numqaum
770 3325 875 3388 sancita
895 3337 969 3388 esset
986 3325 1134 3408 Evangelii
1152 3323 1289 3401 doctriua,

165 3417 247 3457 novis
265 3399 402 3467 miraculis
420 3398 535 3478 probari
553 3397 606 3460 sihi
624 3400 776 3480 posurlant.
824 3403 987 3464 Notandum
1008 3415 1103 3496 autqi
1121 3413 1179 3476 est,
1204 3401 1287 3481 quod,

164 3493 252 3552 quum
274 3473 414 3564 hostiliter
436 3475 643 3540 contenderent
665 3477 819 3540 Sadducaei
844 3500 908 3538 cum
932 3477 1100 3554 Pharisaeus,
1124 3499 1179 3540 nee
1203 3479 1287 3538 modo
1391 3521 1392 3528 κ

163 3568 230 3608 aere
249 3558 321 3608 esset
339 3550 451 3624 omum,
472 3551 521 3612 sed
538 3551 645 3612 assidue
663 3553 794 3616 arderent
812 3555 888 3614 inter
907 3555 981 3636 ipsos
1001 3554 1077 3630 lites,
1100 3575 1177 3614 nunc
1196 3575 1227 3616 se
1243 3565 1287 3614 ta-
1391 3575 1392 3578 ’

165 3643 232 3708 ruera
250 3623 296 3682 alii
313 3622 491 3685 aliis‘contra
511 3625 654 3688 Christum
671 3641 770 3692 mutuo
788 3631 956 3724 adiungunt:
977 3631 1016 3694 ita
1035 3654 1121 3713 quum
1139 3625 1287 3692 dissideant

158 3699 257 3782 impii,
280 3721 425 3779 nunquam
441 3711 536 3791 tamen
553 3723 602 3763 eos
620 3703 776 3786 impediunt
793 3707 942 3768 intestinae
959 3708 1127 3782 discordiae,
1151 3706 1220 3798 quin
1237 3706 1285 3768 ad-

163 3797 258 3866 versus
272 3777 367 3836 Deum
382 3788 561 3865 conspirent,
583 3789 613 3840 et
627 3781 704 3862 quasi
718 3782 806 3864 pactis
826 3783 943 3855 induciis
955 3806 1069 3846 inanum
1083 3783 1205 3847 vicissim
1218 3803 1285 3865 por-

120 3931 133 3938 ,
161 3873 177 3909 r
207 3851 307 3943 autad
327 3853 539 3942 opprimendam
555 3855 713 3920 ¹ueritatem.
746 3858 891 3920 Tentondi
907 3859 997 3922 verbo
1016 3860 1174 3946 significant
1192 3861 1285 3922 Evan-

162 3945 199 4006 ge
211 3941 291 4005 istae,
317 3947 377 3986 non
399 3929 514 3990 sinceris
532 3930 644 4005 animis,
667 3955 721 3996 nec
741 3935 833 3996 studio
853 3937 993 4013 discendi,
1019 3939 1140 4018 scapei-
1158 3937 1283 3998 fraudem

162 4014 287 4082 captasse
304 4003 381 4096 quod
402 4003 455 4065 sibi
477 4017 612 4144 nepetam
629 4005 666 4068 iri
683 4011 834 4090 putabant,
858 4013 904 4075 vel
926 4011 1024 4076 saltem
1048 4015 1124 4094 quod
1146 4013 1283 4076 finxerant

160 4093 220 4136 uun
243 4099 305 4172 esse
325 4101 362 4171 ¹¹¹,
382 4081 518 4173 inanuC
539 4081 608 4164 sisti.
658 4085 735 4160 Quia
753 4087 835 4150 ‘enim
857 4087 927 4149 nihil
951 4090 1005 4151 nisi
1028 4089 1135 4152 humile
1159 4101 1189 4152 et
1212 4111 1283 4152 coo·

160 4156 315 4232 temptibde
339 4156 392 4218 sibi
415 4157 451 4220 de
472 4157 521 4220 illo
544 4175 750 4242 persuaserant,
775 4185 835 4226 non
858 4163 931 4228 aliud
953 4165 1007 4229 illis
1031 4164 1082 4230 est'
1095 4165 1281 4249 propositum,

257 4243 288 4292 ut
302 4233 476 4314 deprehensa
488 4235 546 4298 eius
565 4235 718 4319 iufirmitas,
737 4239 868 4326 quicquid
887 4241 1020 4306 haetenus
1039 4243 1204 4325 acquisierat
1222 4241 1280 4303 lau-

115 4405 130 4422 ,
158 4239 306 4382 ΕἶιιὶἔὶΡιιά
327 4311 464 4390 P⁰P¹¹l¹¹ffl
485 4313 614 4403 abroget·
658 4316 707 4381 Sic
723 4321 951 4384 tenure-Deum
976 4318 1121 4414 increduli
1139 4315 1278 4398 dicuntur,
