2830 4772
645 117 651 151 ,
736 119 740 132 .

423 225 503 301 (197.
542 223 645 282 Sacrae
665 225 771 282 coenae
788 218 955 295 institutio.)
1033 229 1038 246 ⁸
1200 221 1257 284 811

121 375 203 452 bito,
234 375 303 470 quin
322 375 464 438 contiuuo
482 385 597 446 tenore,
624 381 773 452 postquam
794 389 896 451 panem
914 369 1107 451 distribuerit,
1140 365 1256 439 calibem
1316 429 1320 444 ,

121 451 272 515 addiderit.
314 451 404 528 Quod
424 471 493 511 vcro
517 451 555 510 de
572 447 657 509 calice
703 448 860 508 eculiariter
884 460 977 510 narmt
1001 449 1107 526 Lucas,
1140 451 1195 530 c'go
1220 447 1255 510 ad

121 550 227 609 panem
247 547 360 608 quoque
380 527 508 587 extendo.
547 469 736 590 Vescentibus
761 543 832 606 ergo
858 523 911 586 illis
937 535 1038 606 panem
1059 524 1254 586 Christusac-

123 604 215 685 cepit,
238 617 343 666 utros
363 603 397 664 ad
423 624 513 663 novae
532 621 638 664 coenae
663 599 904 682 participationem
923 613 1049 664 vocaret.
1089 601 1254 662 Gratiarum

25 695 30 703 “
82 735 84 740 .
121 681 216 756 actio,
301 682 379 750 edam
398 679 571 760 praeparatio
596 677 650 737 luit
674 697 706 738 ac
731 677 863 738 transitus
891 678 925 736 ad
942 678 1128 758 reputandum
1147 688 1254 759 myste-

120 757 213 818 rium?
245 701 393 819 bituiti
418 776 522 829 coena,
551 775 659 814 saccum
678 773 793 833 panem,
824 763 853 814 et
871 751 968 812 riuum
993 765 1154 837 gustarunt:
1189 753 1254 833 quia

120 833 203 916 prius
222 833 416 916 expergefacta
433 832 488 892 luit
505 850 606 892 eorum
625 829 773 904 securitas,
795 840 828 888 ut
848 828 904 888 toti
922 829 957 890 ad
975 841 1032 890 tam
1053 831 1172 892 sublima
1188 852 1253 913 my*

70 981 72 984 ¹
119 909 242 970 sterium
256 908 361 969 'attenti
380 916 483 969 essent
523 907 560 966 Et
583 905 656 965 ratio
678 905 716 965 ita
745 904 846 988 exigit,
875 905 1002 976 aveteri
1024 906 1123 974 umbra
1147 907 1253 973 clarum

119 985 181 1046 hoc
200 985 349 1066 spiritualis
368 985 442 1045 vitae
459 981 655 1044 testimonium
674 981 834 1061 oportuisse
853 981 984 1043 discerni.
1027 984 1148 1061 Accepit
1166 985 1253 1043 Irrue

117 1083 238 1140 panem·
276 1063 422 1122 Incertmu
442 1071 539 1121 eatan
562 1057 645 1132 ritus,
665 1059 714 1138 qui
734 1057 818 1120 hodie
837 1057 955 1118 celebris
975 1069 1019 1118 est
1036 1056 1112 1120 inter
1124 1057 1253 1132 ludaeos,

9 1177 10 1206 ἢ
120 1150 194 1199 tunc
213 1137 296 1200 etiam
315 1133 402 1198 luerit
420 1135 550 1198 usitatus:
570 1155 635 1193 nam
655 1133 851 1214 paterfamilias
867 1136 1056 1216 fragmentum
1074 1155 1091 1192 a
1110 1135 1253 1195 communi
1276 1202 1279 1208 ¹

143 1235 197 1275 ane
215 1225 359 1295 sumptum
378 1211 429 1273 sub
449 1229 548 1292 mappa
568 1211 712 1286 recondit,
750 1211 827 1282 cuius
846 1217 940 1290 partes
960 1209 1080 1270 familiae
1098 1209 1252 1271 distribuat.
1332 1275 1337 1292 Ι

120 1237 205 1365 ¹Clarias·
226 1303 320 1352 autem
344 1289 412 1349 haec
435 1288 556 1347 humana
582 1287 694 1346 traditio
720 1297 763 1350 est
785 1285 865 1348 nullo
885 1285 946 1358 Dei
969 1288 1100 1346 mandato
1128 1285 1253 1362 fundata,

121 1389 184 1427 non
207 1377 250 1428 est
269 1385 322 1426 cur
339 1365 421 1426 nimis
440 1364 551 1429 curiose
570 1361 727 1442 laboremus
745 1362 777 1421 in
800 1361 956 1444 quaerenda
975 1363 1034 1425 elus
1055 1357 1176 1445 origine.
1214 1365 1254 1422 Et

120 1443 185 1506 fieri
210 1451 320 1522 potest,
353 1453 385 1500 ut
408 1442 526 1502 Satanae
541 1437 668 1511 ¹artificio
692 1437 792 1500 deinde
812 1439 968 1523 excogitata
988 1439 1075 1500 luerit
1093 1440 1127 1500 ad
1149 1435 1252 1500 obseu-
1358 1461 1364 1466 ’

118 1519 242 1581 randum
261 1535 366 1576 coenae
388 1515 496 1577 Christi
514 1513 685 1610 mysterium.
736 1516 887 1577 Caeterum
910 1516 934 1578 si
954 1527 1022 1577 tune
1041 1517 1114 1598 apud
1132 1515 1252 1577 ludaeos

119 1593 152 1654 iu
173 1615 225 1653 usu
244 1591 384 1654 suithes
404 1611 578 1666 ceremonia,
598 1591 636 1652 ita
655 1603 802 1670 receptum
820 1613 931 1654 morem
950 1604 1083 1674 sequutus
1103 1604 1147 1654 est
1166 1589 1252 1653 Chri⁴

116 1679 196 1746 atus,
216 1679 249 1728 ut
266 1680 361 1729 umen
381 1689 497 1730 suorum
516 1668 624 1728 animos
643 1667 697 1728 allo
713 1669 890 1749 traduceret,
912 1691 993 1730 usum
1012 1669 1090 1750 panis
1108 1670 1139 1728 iu
1156 1667 1253 1730 direr-

121 1767 185 1808 aum
208 1745 293 1806 linem
319 1747 463 1808 mutando.
521 1747 587 1805 Hoc
611 1744 724 1823 quidem
747 1743 808 1806 sine
832 1745 1024 1806 controuersia
1047 1747 1133 1806 statui
1156 1743 1252 1824 debet,

121 1820 234 1887 abolitis
253 1821 349 1906 liguris
372 1821 507 1904 legalibus
527 1821 671 1902 proditum
689 1821 735 1881 hic
755 1821 839 1882 luisse
859 1843 875 1882 a
895 1821 1010 1882 Christo
1029 1841 1137 1882 norum
1150 1823 1251 1885 stem

119 1911 258 1961 mentum.
299 1900 398 1977 Ouum
413 1902 537 1982 grat-lua
554 1901 674 1980 egisset.
715 1900 825 1958 Marcus
844 1909 874 1958 et
892 1897 1048 1960 Matthaeus
1066 1897 1252 1960 benedicendi

121 1975 212 2037 verbo
239 1987 371 2036 utuntur:
418 1977 467 2036 sed
490 1995 576 2054 quum
602 1975 660 2046 eius
683 1973 749 2036 loco
775 1972 885 2056 legatur
908 1976 979 2054 apud
1001 1976 1108 2041 Lucam
1130 1975 1251 2039 verbnm

121 2045 320 2129 «desperatione,
344 2051 375 2110 in
398 2073 483 2112 sensu
501 2051 574 2112 nulla
595 2063 638 2111 est
660 2049 832 2132 ambiguitas.
872 2051 911 2112 Et
930 2071 1015 2130 qurum
1031 2051 1134 2114 deinde
1146 2053 1183 2120 ,in
1202 2072 1252 2116 ca·

121 2117 176 2187 lica
194 2128 346 2210 gratiarum
364 2127 506 2188 actionem
530 2126 695 2202 subiiciunt,
728 2125 832 2206 prioris
856 2126 924 2188 dicti
947 2126 1011 2189 satis
1037 2127 1104 2188 clari
1122 2141 1187 2190 sunt
1204 2128 1251 2188 in-

10 2235 11 2242 *
121 2213 270 2284 terpretes.
291 2204 360 2279 Quo
378 2204 466 2287 magis
485 2203 598 2265 ridicula
618 2215 659 2264 est
678 2201 851 2282 Papistarum
870 2203 992 2277 inscitia,
1013 2205 1061 2284 qui
1078 2205 1161 2288 signo
1182 2226 1250 2265 oru-

122 2279 162 2340 cis
185 2279 414 2342 benedictionem
438 2280 611 2360 exprimunt,
644 2281 720 2359 quasi
747 2279 903 2340 exorcismo
924 2279 1054 2341 Christus
1078 2291 1152 2342 esset
1174 2301 1252 2340 rasos.¹

81 2379 84 2388 ‘
122 2357 261 2418 Memoria
291 2377 361 2416 vero
389 2357 543 2416 tenendum
575 2365 619 2416 est
647 2355 723 2434 quod
749 2375 842 2434 nuper
867 2355 918 2414 atti
937 2355 963 2430 i,
994 2356 1068 2418 hanc
1095 2355 1250 2440 gratiarum

121 2433 264 2493 actionem
286 2431 422 2508 spirituali
442 2431 575 2512 mysterio
602 2451 664 2492 esse
689 2430 878 2490 coniunctam.
917 2375 1018 2512 itaque
1037 2432 1113 2494 enim
1131 2443 1168 2494 ut·
1183 2449 1251 2514 gra-

9 2555 11 2566 ,
121 2507 172 2568 tias
190 2509 256 2568 Deo
275 2524 361 2590 agere
376 2507 508 2568 iubentur
525 2505 635 2582 fideles,
669 2506 734 2586 quia
754 2527 803 2568 eos
821 2507 850 2566 io
869 2507 921 2569 hac
941 2510 1044 2576 caduca
1061 2509 1119 2571 vita
1137 2519 1249 2570 susten·
1320 2543 1323 2568 r

94 2621 106 2687 1
122 2593 180 2658 tet,
200 2583 328 2644 Christus
349 2585 483 2645 duntaxat
501 2584 536 2644 ad
554 2583 747 2664 promiscuum
765 2583 871 2646 victum
889 2585 1028 2666 respexit,
1053 2587 1102 2647 sed
1120 2586 1269 2646 intentus.

91 2714 95 2736 ,
122 2658 179 2720 tuit
199 2659 233 2719 ad
252 2677 357 2742 sacram
376 2659 528 2745 actionem,
547 2671 580 2719 ut
605 2681 658 2742 pro
677 2672 791 2734 aeterna
810 2661 924 2753 generis
944 2662 1057 2722 humani
1075 2662 1163 2725 salute
1181 2678 1250 2744 gra*

122 2734 174 2796 tias
194 2736 259 2796 Deo
277 2737 494 2817 agefcfi‘NaTn
512 2736 538 2798 ii
556 2735 700 2812 alimenta,
719 2757 791 2817 quae
808 2759 839 2796 m
858 2737 950 2798 alvum
968 2739 1155 2816 descendunt,
1176 2738 1248 2798 bor-

122 2811 176 2873 tari
199 2832 253 2873 nos
278 2823 318 2894 ct,
332 2809 474 2874 stimulare
491 2813 597 2874 debent
618 2814 653 2873 ad
670 2821 819 2906 paternum
838 2813 894 2873 Dei
917 2811 1258 2876 favorem'laudandume

121 2899 226 2970 quanto
244 2909 298 2950 nos
317 2889 511 2950 vehementius
529 2889 645 2970 excitat,
669 2909 728 2950 troo
747 2890 901 2955 inflammat
919 2891 955 2950 ad
973 2891 1030 2952 boo
1048 2891 1161 2974 pietatis
1180 2889 1252 2949 olli·¹

122 2966 209 3043 cinm,
240 2964 291 3024 ubi
308 2965 412 3026 animas
436 2977 547 3027 nostras
570 2965 749 3046 spiritualiter
769 2965 876 3046 pascit?
913 2969 1062 3048 Accipite,
1094 2967 1245 3026 comedite.

121 3043 166 3104 Ne
186 3043 231 3103 hic
249 3041 302 3102 sim
320 3041 437 3120 nimium
453 3042 592 3126 prolixus,
610 3053 720 3102 tantum
738 3041 863 3104 breviter
880 3046 1078 3124 perstringam,
1095 3041 1183 3122 qualis
1201 3039 1249 3116 sit,

122 3119 235 3200 etquid
253 3117 284 3178 in
302 3137 334 3180 se
353 3120 498 3180 contineat
515 3119 635 3178 Domini
652 3117 807 3180 institutio:
834 3119 950 3194 deiude,
970 3121 1031 3200 quis
1050 3119 1088 3180 sit
1106 3117 1165 3180 eius
1181 3115 1246 3178 bnis

122 3207 152 3257 et
170 3217 250 3270 usus,
267 3205 409 3277 quatenus
428 3213 463 3255 ex
482 3195 665 3276 Evangelistis
684 3193 819 3277 colligere
835 3195 913 3256 licet.
933 3195 1039 3274 tltque¹
1050 3195 1105 3255 boc
1122 3193 1250 3276 primum·

122 3272 260 3347 occurrit,
292 3271 436 3334 Christum
458 3291 576 3332 coenam
594 3271 756 3346 instituere,
788 3291 870 3350 quam
891 3272 968 3332 inter
981 3291 1015 3353 se
1032 3271 1269 3352 ,communicent

122 3346 256 3430 discipuli.
294 3349 379 3410 Unde
397 3348 534 3430 sequitur,
566 3347 735 3428 diabolicum
755 3348 997 3424 suffimentum,
1027 3350 1104 3430 quod
1122 3369 1152 3410 se
1171 3369 1245 3408 unus

121 3422 210 3486 hoho
230 3445 245 3483 a
265 3424 374 3505 reliquo
394 3437 479 3487 coetu
496 3429 647 3505 separans
663 3423 773 3485 'rivatim
792 3442 910 3486 coenam
927 3423 1045 3509 peragit.
1070 3413 1150 3501 Quid
1169 3423 1244 3488 enim

120 3497 451 3562 mmmmmmuneum
469 3523 551 3582 mam
571 3445 699 3562 distribui
718 3501 792 3562 inter
810 3519 1041 3582 omnespanem,
1066 3515 1097 3564 et
1106 3521 1243 3566 seorsum

123 3574 158 3636 ab
180 3595 240 3634 uno
265 3577 380 3639 vorari?
429 3577 566 3654 Quamvis
591 3599 661 3662 ergo
685 3577 789 3638 iactent
810 3575 938 3659 Paplstae
961 3599 993 3642 se
1016 3580 1055 3638 in·
1069 3579 1126 3640 suis
1150 3576 1244 3655 Missis

125 3669 229 3710 coenae
252 3649 409 3714 dominicae
432 3653 538 3714 habere
565 3654 763 3728 substantiam,
804 3675 838 3716 ex
864 3675 897 3716 re
923 3654 932 3713 i
954 3677 982 3716 sa
1003 3667 1099 3716 tamen
1124 3663 1244 3726 consur,

143 3735 267 3806 uotquot
285 3726 427 3789 celebrant
443 3731 566 3808 privatas
584 3730 697 3806 Missas,
714 3731 834 3791 totidem
853 3751 870 3792 a
888 3731 915 3790 di
952 3731 999 3792 olo
1017 3731 1052 3791 ad
1071 3728 1244 3791 obruendam

124 3745 230 3864 Christi
248 3821 366 3862 menam
385 3817 478 3864 erecta
497 3825 557 3866 esse
575 3817 622 3866 tro
642 3816 700 3866 aea.
738 3807 841 3878 lisdem
858 3808 951 3870 verbis
968 3809 1118 3880 doeemur,
1156 3801 1244 3884 qualis

124 3879 153 3940 ln
171 3897 261 3938 coena
279 3877 384 3939 oblatio
405 3899 422 3940 a
441 3880 554 3941 Christo
572 3827 673 3942 tradita
691 3882 784 3944 luerit.
826 3884 911 3944 lubet
922 3905 995 3960 ,suos
1012 3881 1153 3966 accipere:
1170 3877 1245 3960 ¹ipse

126 3964 167 4016 cst
184 3953 272 4036 igitur
290 3953 364 4016 solus
406 3955 455 4036 qui
468 3956 574 4036 ,ollert
633 3959 722 4038 Quod
746 3976 816 4042 ergo
834 3957 969 4040 Papistae
986 3957 1134 4019 'Christum
1157 3973 1187 4015 se
1212 3951 1243 4013 in

125 4029 342 4120 wulferio
360 3997 471 4120 ingunt
489 4025 689 4120 ‘'af'iontp'ario
707 4047 825 4112 auctore
842 4036 1001 4116 proiectum
1022 4043 1072 4093 est.
1109 4032 1148 4093 Et
1166 4039 1245 4092 certe

9 4105 10 4126 ¹
123 4106 193 4172 'ntira
213 4117 257 4168 est
269 4073 527 4186 isttt'ttrtastrophe',
545 4119 578 4167 ut
595 4107 718 4181 mortalis
737 4107 840 4186 homo,
864 4113 930 4172 dum
950 4107 1054 4172 Christi
1072 4127 1176 4188 corpus
1196 4127 1244 4168 ac-

125 4183 365 4268 cipere-iubetur,
384 4185 437 4250 sibi
456 4185 515 4247 eius
532 4183 673 4248 ollereudi
690 4199 784 4270 partes
803 4187 927 4268 arripiat:
949 4207 965 4247 a
994 4189 996 4196 ‘
1015 4206 1032 4248 e
1050 4185 1095 4271 ita,
1106 4181 1245 4248 Sacerdos

41 4278 43 4282 ·
100 4269 189 4339 tare
206 4260 268 4344 ipso
288 4273 398 4324 creatus
417 4263 483 4324 Deo
502 4261 606 4324 Filium
625 4285 706 4326 suum
724 4263 860 4323 immolet.
898 4263 966 4322 Non
1003 4261 1096 4344 'puto
1114 4263 1145 4323 in
1161 4279 1245 4346 prae·

127 4337 226 4416 sentia,
250 4359 333 4421 quam
354 4339 449 4404 multis
470 4334 621 4425 sacrilegiis
639 4351 746 4405 scateat
767 4337 870 4400 ficticia
892 4357 992 4400 eorum
1016 4337 1141 4404 oblatio:
1178 4333 1247 4402 mihi
