2796 4774
170 33 173 40 ι
313 29 329 46 η
970 29 975 46 Ρ

155 77 246 124 11.
565 109 571 116 ,
885 123 888 127 Δ
1050 99 1056 128 r

216 161 218 168 ,
556 137 558 144 '
893 137 899 152 Ι

1034 179 1038 190 t

278 291 280 296 Ι
332 259 335 272 .
350 214 468 308 (218-
480 215 529 306 20„
551 199 553 202 ’
570 212 697 292 Christus
717 208 859 290 discipulis
873 215 1011 292 apparet.)
1180 217 1239 286 tot

110 377 166 452 fide
185 371 343 436 oriebatnrc
369 385 398 442 et
417 369 524 434 tamen*
533 371 679 436 obstaculo
699 372 767 446 suit,
784 371 1119 453 nsvictrixunergersr
1140 381 1247 446 eorum*

110 453 188 512 fides.
231 452 370 512 Notemus
397 469 490 530 ergo,
509 469 590 528 quam
613 456 743 528 suspecta
767 447 849 510 nobis
879 468 939 508 esse
962 447 1062 508 debeat
1084 446 1237 509 affectuum

110 539 275 588 nostrorum
304 525 495 598 vehementia,
512 525 760 604 ·quae,‘quamyis
788 543 821 584 es
845 524 930 584 honis
953 523 1093 605 principiis
1120 523 1235 600 oriatur,

109 625 165 664 uos
184 616 278 664 tamen
297 625 312 664 a
332 615 408 664 recta
427 602 470 662 via
488 614 660 664 transversos
678 601 759 683 rapit.
778 643 781 650 ,
797 605 950 662 Monemur
969 601 1066 674 etism,
1087 621 1170 680 quam
1189 622 1235 660 se·
1273 656 1278 676 ,

110 679 177 740 dulo
200 681 283 740 nobis
306 679 465 740 luctandum
488 679 525 738 sit
549 689 649 738 contra
671 677 735 738 fidei
760 677 973 757 impedimenta,
995 677 1235 758 quumgaudium

96 759 145 836 'ea
165 755 272 816 Christi
290 756 445 836 praesentia
467 765 640 834 conceptum
657 753 857 816 incredulitatis
875 775 955 816 carisa
973 753 1061 814 fue'rit
1079 752 1234 833 Apostolis.

6 831 19 840 ”
108 833 233 968 Rursurp
245 853 321 966 lvero
340 831 633 968 perspicimus-qnam
653 829 778 922 henigne
796 843 826 890 et
845 823 967 890 comiter
985 851 1099 890 suorum
1119 827 1234 890 infirmi-

108 921 158 969 tatr
177 931 244 968 rnu
275 921 320 970 eat

109 996 196 1048 cusat.
235 931 273 1044 lli
296 985 423 1064 quidem,
446 983 521 1044 licet.
538 981 667 1044 coelestis
686 983 937 1058 vitae¹,novitatern
961 983 1090 1060 adeptus,
1115 981 1180 1058 pibo
1205 993 1234 1044 et

108 1071 180 1138 potu
204 1059 291 1130 nihilo
314 1061 401 1142 magis
424 1059 548 1140 indigeat
575 1080 665 1150 quam
681 1059 787 1140 angeli,
819 1081 850 1120 se
876 1059 1029 1118 tamenad
1053 1079 1234 1118 communem

107 1135 267 1198 mortalium
289 1159 371 1200 usum
394 1149 495 1214 sponte
519 1135 649 1198 demittit.
687 1137 766 1198 Toto
794 1135 867 1198 vitae
892 1157 957 1196 suae
981 1156 1064 1195 cursu
1084 1133 1184 1194 edendi
1203 1145 1233 1194 et

107 1208 223 1272 bibendi
243 1213 409 1278 ,necessitati
438 1231 469 1271 se
497 1211 670 1272 subiecerat:
700 1234 776 1276 nuuc
800 1223 840 1272 e'a.
855 1223 999 1292 exemptus
1018 1209 1083 1272 eihs
1107 1211 1138 1270 in
1156 1210 1233 1269 huuc

369 909 484 980 hristus,
503 929 550 986 qut
569 927 646 966 novo
665 907 832 968 adminiculo
852 905 975 967 labantes
994 906 1093 966 fulcire
1108 919 1169 966 non
1187 927 1234 966 rea
1310 948 1313 956 «
1387 979 1390 986 μ

86 1289 194 1348 'finem
217 1291 363 1362 vescitur,
380 1299 412 1347 ut
433 1286 584 1366 discipulos
609 1289 644 1369 dp
666 1287 715 1348 sua
737 1289 945 1350 resurrectione
967 1287 1141 1368 persuadeat.
1172 1285 1232 1344 *Ita
1329 1359 1331 1364 ,

107 1365 246 1439 videmus,
279 1377 312 1424 ut
336 1365 496 1445 posthabito
519 1365 561 1424 sui
575 1369 715 1442 ⁴respectu
743 1367 855 1424 noster
871 1385 983 1444 semper
1013 1382 1072 1436 esse
1099 1360 1247 1423 voluerit.¹

106 1442 188 1502 Haec
210 1462 277 1501 vera
300 1454 343 1501 est
362 1461 394 1500 ac
420 1441 467 1521 pia
490 1439 570 1500 huius
588 1440 720 1500 historiae
738 1440 896 1514 meditatio,
918 1441 946 1500 in
967 1437 1021 1519 qua
1039 1437 1144 1498 utiliter
1162 1435 1232 1497 insi·
1312 1449 1315 1457 “

108 1529 185 1590 stent
207 1517 314 1592 fideles,
342 1517 459 1588 curiosis
481 1515 688 1595 quaestionibus
716 1515 809 1577 valere
833 1517 924 1592 iussis,
952 1517 979 1576 si
1000 1527 1154 1576 concoctos
1177 1511 1231 1574 fuir

1 1641 2 1646 ,
106 1591 154 1652 hie
174 1591 257 1654 cibus
270 1593 468 1672 corruptibilis,
487 1592 567 1672 quale
585 1593 651 1652 iride
666 1591 830 1664 alimentum
843 1593 959 1653 traxerit
973 1591 1131 1652 immortale
1144 1589 1232 1652 Chri·
1256 1613 1257 1618 ¹

1 1691 2 1704 ¹
107 1670 144 1730 sti
164 1690 280 1759 corpus:
304 1665 404 1739 deinde
423 1671 490 1748 quid
508 1667 613 1728 sactum
632 1669 669 1728 sit
689 1669 882 1730 excrementis.
920 1667 1010 1742 Quasi
1028 1689 1098 1728 vero
1116 1687 1174 1728 nou
1194 1665 1231 1726 sit

106 1746 137 1805 in
159 1767 217 1805 erus
234 1745 364 1820 arbitrio,
387 1747 435 1826 qui
453 1747 494 1808 de'
507 1744 595 1806 nihilo
614 1745 707 1810 omnia
727 1745 847 1819 creavit,
865 1743 1013 1825 pauxillum
1033 1743 1090 1808 eibi
1106 1743 1144 1802 in*
1155 1739 1230 1802 nihi-

1 1817 2 1889 }
106 1821 178 1896 lum,
202 1821 250 1880 uhi
270 1823 309 1880 ita
327 1822 416 1882 visum
436 1834 492 1896 est,
510 1821 649 1904 redigere.
688 1821 768 1902 Sicut
787 1842 857 1904 ergo
875 1821 980 1901 piscem
1000 1831 1030 1882 et
1048 1819 1142 1881 favum
1160 1837 1229 1880 vere

1 1916 2 1922 ¹
106 1898 229 1980 gustavit
252 1898 391 1973 Christus,
419 1910 452 1958 ut
475 1897 672 1958 se'hominem
699 1909 883 1969 monstraret,
906 1897 944 1957 ita
966 1918 1025 1958 non
1043 1896 1159 1956 dubium
1178 1905 1229 1968 est,

1 1997 2 2012 ¹
107 1974 174 2054 quin
196 1974 288 2035 divina
306 1984 355 2038 su'a
373 1975 491 2048 virtute,
516 1973 590 2054 quod
614 1975 643 2034 in
669 1963 973 2042 alimentum'transire
992 1994 1063 2054 opus
1079 1979 1141 2032 ‘non
1160 1981 1230 2045 erat,

1 2085 2 2106 t
107 2050 319 2128 consumpserit.
342 2113 343 2120 ,
363 2051 412 2110 Sic
430 2051 549 2131 ¹angelos
572 2051 601 2110 in
625 2070 721 2110 mensa
742 2050 887 2131 Abrahae,
910 2049 991 2110 sicuti
1008 2049 1080 2110 veris
1100 2045 1230 2128 torpori·
1266 2049 1269 2063 ¹

1 2125 2 2134 ¹
106 2125 159 2186 bus
178 2125 268 2184 induti
286 2137 379 2200 erant,
401 2146 469 2186 vere
493 2125 648 2186 comedisse
672 2137 699 2184 et
722 2126 827 2186 bibisse
851 2145 911 2184 nou
936 2125 1046 2184 dubito:
1074 2143 1167 2204 neque
1185 2135 1253 2186 tau

1 2297 2 2331 t
106 2277 243 2352 refectos,
262 2279 311 2336 sed
331 2297 418 2354 quum
437 2276 603 2358 ingratiam
622 2276 752 2337 Abrahae
770 2274 997 2348 hunuana⁴sorma
1015 2275 1046 2332 in

1 2252 2 2270 ,
106 2221 173 2260 men
196 2212 347 2280 propterea
369 2201 510 2272 eonced0,
534 2221 587 2278 pro
602 2201 703 2260 ¹carnis
726 2201 886 2260 infirmitate
909 2200 974 2259 cibo
998 2211 1027 2259 et
1047 2210 1120 2334 potu
1144 2198 1229 2258 fuisse

1065 2287 1106 2334 utr
1125 2283 1227 2346 essent,

98 2353 162 2413 hoc
183 2354 266 2414 etiam
286 2354 363 2414 dedit
379 2372 462 2412 servo
482 2351 697 2426 suoDominus,
717 2363 747 2410 ut
766 2363 832 2412 ante
851 2353 910 2410 eius
927 2350 1073 2439 tugurium
1093 2349 1229 2432 poelestes'
1292 2411 1297 2418 .

1 2451 2 2462 ³
29 2503 32 2513 .
105 2430 145 2490 illi
169 2429 293 2508 hospites
316 2440 506 2489 vescerentur.
544 2427 637 2488 Porro
660 2427 683 2486 si
707 2426 827 2488 fatemur
850 2447 985 2505 corpora,
1009 2447 1080 2506 quae
1098 2425 1132 2486 ad
1153 2436 1228 2484 tem-

106 2527 159 2585 pus
183 2517 372 2585 sumpserant,
394 2516 544 2584 postquam
569 2503 710 2585 legatione
735 2525 784 2564 sua
809 2500 937 2564 defuncti
958 2515 1024 2564 sunt
1059 2500 1228 2569 inmihilum

95 2571 219 2642 'redacta
237 2603 312 2656 esse,
328 2581 389 2662 quis
408 2582 482 2640 idem
501 2577 536 2640 de
554 2579 690 2642 alimentis
706 2580 811 2640 factuln
834 2601 894 2642 esse
912 2545 1044 2660 negabiti

69 2723 70 2726 Ἴ
182 2661 235 2718 44.-
267 2660 554 2718 Hecusuutuerbo.
596 2656 762 2734 Quanquam
788 2678 821 2718 er
840 2653 983 2718 hlatthaeo
1004 2665 1035 2716 et
1055 2657 1153 2718 Marco
1173 2673 1228 2733 po*-

107 2746 167 2795 stea
187 2733 311 2813 patebit,
338 2756 398 2794 non
422 2733 575 2793 absimilem
603 2754 764 2794 sermonem
788 2735 818 2792 in
840 2731 963 2792 Galilaea
987 2732 1072 2792 fuisse
1094 2731 1229 2804 habitum,

106 2811 174 2872 mihi
202 2823 296 2870 tamen
318 2810 464 2892 probabile
490 2821 547 2883 est,
574 2832 649 2871 nunc
672 2811 784 2868 aLuca
806 2810 911 2870 narrari
935 2809 1011 2888 quod
1051 2807 1164 2880 ostridie
1183 2828 1229 2865 re-

1 2917 2 2932 *
107 2887 287 2948 surrectionis
307 2886 438 2968 contigit.
468 2887 557 2960 Quod
575 2886 649 2946 enim
663 2888 784 2951 loannes
802 2886 837 2944 de
850 2885 898 2950 illo
912 2885 957 2948 die
973 2899 1015 2946 tra
1035 2897 1066 2960 rt,
1085 2885 1230 2959 sufflasse

1 3029 2 3037 ,
108 2969 140 3024 iu
157 2987 216 3034 eus,
242 2975 274 3024 ut
297 2965 433 3043 Spiritum
457 2975 581 3025 sanctum
605 2961 764 3050 muter-ret,
788 2962 922 3022 convenit
941 2983 1004 3022 cum
1023 2960 1116 3022 verbis
1133 2960 1229 3018 Lucae
1334 2975 1336 2981 ⁸

1 3053 2 3060 ’
107 3061 179 3120 quae
199 3057 273 3103 mox‘
288 3052 453 3118 sequentur,
478 3043 630 3116 aperuisse
652 3041 716 3098 illis
735 3049 868 3108 mentem,
888 3049 922 3096 ut
939 3041 1137 3116 intelligerent
1157 3037 1230 3094 scria

1 3161 2 3166 κ
103 3128 239 3194 pturns:
261 3118 355 3178 Porro
378 3115 419 3176 his
440 3117 531 3178 verbis
552 3113 678 3176 Christus
697 3113 809 3192 oblique
829 3133 947 3174 crassam
968 3126 995 3172 et
1013 3114 1141 3194 ignavam
1164 3131 1230 3170 suo-

1 3219 2 3253 .
108 3217 170 3256 rum
191 3191 553 3274 obliuionemperstringit,
571 3189 891 3269 quod‘samiliariterde
909 3189 1003 3249 sutura
1020 3186 1230 3249 resurrectione

104 3271 221 3349 ,pridem
229 3269 373 3342 admoniti,
392 3269 507 3349 perinde
526 3267 636 3326 attoniti
654 3265 750 3326 forent
767 3267 822 3326 acsi
841 3265 910 3326 nihil
927 3287 1048 3345 unquam
1067 3261 1119 3324 illis
1132 3261 1231 3325 suisset

110 3346 225 3404 dictum.
263 3346 389 3406 Perinde
401 3345 476 3410 enim
496 3344 589 3427 valent
608 3344 666 3402 eius
687 3342 848 3406 verbascsi
865 3341 995 3416 diceret„
1011 3341 1089 3415 Quid
1110 3337 1231 3400 haeretis

1 3426 2 3442 ¹
105 3422 188 3496 quasi
210 3423 240 3480 in
253 3443 290 3482 re
309 3443 384 3488 nova
402 3422 447 3482 vel
466 3421 622 3500 inopinata,
650 3440 721 3499 quae
744 3430 840 3480 tamen
862 3418 969 3554 saepius
989 3439 1005 3476 a
1023 3438 1070 3477 me
1088 3415 1231 3506 praedicta

111 3499 215 3566 fueratt
239 3519 289 3574 cur
307 3521 366 3558 non
385 3499 480 3577 potius
500 3497 650 3566 reibor'um
671 3517 799 3564 meorum
818 3516 900 3554 recor
920 3493 1020 3554 amini?
1047 3495 1119 3553 Nam
1140 3515 1164 3552 sr
1185 3511 1231 3550 me
1266 3529 1269 3534 ·
1332 3549 1335 3556 ,

111 3593 241 3646 veracem
260 3573 392 3634 hactenus
410 3575 537 3651 duxistis,
556 3574 611 3632 hoc
630 3573 683 3632 iam
704 3595 737 3636 ex
756 3593 819 3635 mea
837 3567 965 3632 doctrina
984 3570 1065 3632 vohis
1086 3567 1231 3650 cognitum

113 3671 173 3710 esse
196 3649 343 3728 debuerat,
369 3649 696 3731 priusquamaccideret.
735 3649 770 3710 ln
792 3667 911 3722 summa,
941 3641 1234 3722 taciteeo'nqueritur

113 3725 256 3798 Christus,
304 3746 372 3783 uum
395 3727 537 3792 effluxerit
560 3747 610 3787 sua
633 3724 776 3798 doctrina,
798 3746 829 3786 se
854 3745 968 3804 operam
987 3721 1060 3804 apud
1068 3715 1232 3798 Apostolos

1 3843 2 3876 3
112 3801 184 3862 male
206 3747 367 3880 perdiiiitse.
410 3801 513 3862 Acrius
530 3801 622 3880 ¹etiam
646 3821 744 3860 eorum
767 3801 925 3869 tarditatem
951 3797 1064 3879 pungit,
1092 3815 1177 3873 quum
1201 3813 1232 3853 se

1 3882 2 3952 f
105 3878 263 3958 ‚quicquam
287 3897 393 3936 novum
416 3877 563 3958 protulisse
590 3887 687 3957 negat:
713 3876 761 3936 sed
781 3887 890 3936 tantum
914 3876 944 3934 in
963 3870 1128 3936 memoriam
1146 3889 1233 3930 revo-

114 3975 203 4027 casse,
222 3974 293 4033 qnae
312 3975 328 4012 a
345 3953 424 4034 Lege
442 3965 472 4014 et
491 3951 641 4030 Prophetis
658 3949 758 4015 'testata
778 3963 868 4028 erant,
888 3951 989 4031 quibus
1008 3948 1063 4008 iam
1081 3968 1097 4008 a
1116 3943 1234 4026 pueritia
1317 3965 1323 3990 ¹

113 4030 236 4092 imbutos
255 4050 316 4096 esse
334 4029 458 4090 decebat.
496 4029 604 4090 Verum
630 4041 662 4088 ut
684 4028 770 4088 totius
787 4027 933 4096 doctrinae
951 4021 1060 4104 pietatis
1078 4021 1170 4106 ignari
1188 4019 1234 4080 lo-

19 4139 22 4154 ·
114 4117 194 4178 rent,
217 4105 285 4166 nihil
307 4103 401 4166 tarnen
425 4105 512 4186 magis
530 4103 677 4170 absurdum
696 4103 751 4166 tuit
771 4104 852 4184 quam
874 4123 933 4164 non
951 4099 1079 4180 protinus
1097 4096 1236 4178 amplecti,

114 4183 192 4262 quod
210 4183 227 4244 'a
245 4184 311 4242 Deo
329 4182 490 4263 proiectum
509 4195 568 4242 este
584 4180 813 4316 persuasissent.
834 4177 1014 4242 -contsssum
1032 4175 1110 4239 euim
1125 4175 1156 4236 in
1171 4183 1236 4264 tota

136 4272 202 4320 ente
220 4261 328 4321 axioma
346 4259 417 4321 istud
440 4271 512 4332 erat,
536 4257 584 4316 nul
596 4279 638 4320 am
660 4278 720 4319 esse
738 4257 914 4336 religionem,
933 4253 988 4314 nisi
1011 4274 1083 4332 quae
1103 4263 1232 4314 contrue-

114 4283 199 4411 batar
222 4337 253 4397 iu
277 4339 357 4420 Lege
381 4350 412 4401 et
433 4333 592 4418 Prophetis.
636 4331 790 4398 Caeterum
812 4329 858 4394 hie
879 4331 991 4412 plenior
1012 4329 1132 4393 hebetur
1152 4347 1235 4408 quam
