2804 4762
144 133 221 276 'tot
370 287 374 296 ⁵
432 195 543 262 SECT·
562 195 643 258 ΧΠ
681 213 758 260 rnen
776 211 812 260 nt
830 209 1024 262 mussent«.

161 352 200 418 ad
215 365 358 414 smntnarn
370 345 519 432 parabolae
536 343 617 406 l'acite
635 356 664 406 et
681 345 777 439 inepte
787 309 1046 483 sshflo,0phm,ur;
1062 369 1111 432 qm
1129 348 1178 412 bic
1195 347 1294 431 dm
1392 305 1393 344 t

162 440 225 497 tant
241 447 325 508 quam
344 437 454 488 austere
471 442 504 484 ac
522 422 546 482 ri
569 421 613 482 ide
631 443 696 483 cum
713 445 770 482 suus
817 443 867 484 eus
884 437 960 507 agat.
996 425 1091 490 Nihilo
1111 427 1187 490 ,mim
1204 428 1296 510 magi,

162 515 264 568 some
281 500 365 566 ulem
383 497 509 588 rigorem
520 443 649 588 cbristus
665 494 764 586 voluit,
783 519 866 587 qnam
884 522 982 563 usuras
1000 503 1120 580 laudare,
1138 526 1223 585 quum
1242 526 1296 585 pa·
1392 509 1393 574 g

163 577 352 644 tremlamilias
369 595 409 635 sse
426 571 591 654 loquentem
609 572 725 647 mducrt,
744 584 905 654 oportursse
923 579 997 657 apud
1010 579 1296 722 mensuriumdffiprpi
1392 583 1393 608 ¹

163 653 326 740 pecuniam,
352 661 386 710 nt
403 647 501 710 saltem
522 669 557 712 ex
576 646 697 709 soencre
715 660 865 710 cresceret.
909 651 1035 715 Tantum
1053 657 1191 740 significat

163 747 231 806 stus,
250 727 321 790 nibil
339 721 525 788 excusationis
543 721 608 786 lore
627 745 727 786 eorum
746 721 880 802 desidiae,
900 726 949 872 opali
969 740 999 788 et
1015 731 1091 792 dona
1109 733 1167 794 Dei
1184 733 1297 826 suppri-

163 818 260 879 munt,
279 815 310 865 et
328 811 447 864 aetatem
463 822 542 864 suam
561 812 732 863 consumunt
749 801 780 860 in
798 801 867 861 otio.

166 1110 252 1174 etiam
275 1113 439 1172 exteriores
461 1130 544 1191 supra
567 1108 657 1190 capite
680 1110 709 1172 8.
730 1107 878 1168 docuimus
900 1109 1069 1190 domestrcae
1091 1109 1147 1171 luci
1172 1114 1298 1194 opponi:

165 1209 233 1250 nam
262 1209 350 1269 quum
379 1185 532 1266 antiquitus
552 1195 711 1245 nocturnae
735 1183 940 1264 utplurimum
963 1205 1068 1248 coenae
1091 1199 1197 1262 essent,
1247 1212 1298 1251 uas

165 1263 304 1404 plurimae
327 1263 402 1324 sares
425 1274 456 1322 et
477 1261 617 1343 lampades
639 1258 826 1336 illustrabant,
851 1261 1065 1343 qui‘eiiciuntur
1084 1282 1100 1324 e
1118 1284 1209 1348 regno
1259 1265 1299 1342 ei,
1392 1279 1393 1290 ¹

194 1333 300 1404 hristus
317 1361 366 1402 eos
384 1335 452 1400 dicit
471 1349 549 1398 extra
568 1336 631 1398 eiici
650 1336 680 1396 ic
698 1335 839 1400 tenebras.
953 1349 958 1365 ‘

241 1417 312 1478 Luc.
337 1417 384 1479 27.
433 1417 591 1474 Caeterum
613 1415 747 1472 iuimicus
771 1435 860 1474 meos.
913 1413 980 1476 Hoc
1012 1416 1135 1478 secundo
1163 1413 1295 1476 membro

165 1489 326 1576 praecipue'
341 1491 463 1552 Iudaeos
481 1489 592 1554 videtur
614 1487 820 1570 perstringere:
853 1511 952 1552 omnes
976 1503 1072 1554 tamen
1091 1491 1298 1576 complectitur,

941 803 997 862 nde
1023 807 1108 870 etiam
1127 809 1296 893 cclbgrmus,
1392 817 1393 876 l

78 912 86 930 ·
163 881 273 944 nullum
291 879 405 942 vivendi
425 899 514 972 genus
533 877 712 940 coramtlleo
731 877 819 970 magis
838 899 900 944 esse
916 875 1061 958 laudabile,
1082 905 1164 964 quam
1185 909 1219 948 ex
1238 905 1297 966 quo
1392 933 1393 936 ,

161 959 200 1022 ad
219 957 366 1018 bominum
386 966 550 1018 societatem
567 953 656 1034 aliqua
673 965 807 1036 provenit
827 953 937 1016 utilitas.
992 959 1040 1020 29.
1059 961 1108 1021 30.
1146 961 1298 1024 Sententia
1392 983 1393 1034 j

163 1033 248 1111 baec,
279 1035 368 1094 Omni
386 1033 507 1093 babenti
524 1031 660 1104 dubitur,
682 1029 808 1112 exposita
826 1029 881 1091 luit
897 1032 927 1092 in
944 1033 1041 1123 mpite
1061 1037 1107 1096 13.
1149 1039 1298 1098 Tenebras

166 1569 216 1650 qui
239 1567 355 1630 absente
377 1564 494 1626 domino
522 1585 584 1628 sese
609 1563 642 1624 ad
666 1563 858 1627 delectionem
883 1567 1006 1648 erigtmt.
1065 1568 1181 1630 Christo
1204 1579 1300 1630 autem
1392 1613 1393 1628 .

165 1642 345 1726 propositum
369 1641 438 1715 suit,
471 1659 531 1702 non
552 1639 639 1700 modo
663 1637 732 1700 tales
756 1639 897 1702 horribilis
920 1643 1061 1705 vindictae
1084 1645 1300 1706 denuntiatione
1392 1653 1393 1720 l

161 1733 287 1792 terrere,
314 1715 363 1778 sed
388 1715 473 1777 etiam
496 1734 562 1776 suos
585 1713 711 1776 retinere
734 1715 841 1777 infide
864 1715 1056 1782 subiectionis.
1100 1721 1202 1800 Neque
1222 1719 1300 1781 enim
1392 1759 1393 1774 a

165 1794 235 1856 levis
264 1791 386 1853 tentatio
415 1802 471 1866 est,
499 1789 597 1852 videre
625 1789 779 1850 multorum
803 1789 918 1871 perfidia
941 1805 971 1854 et
994 1793 1151 1856 rebellione
1164 1815 1301 1877 regnum
1392 1799 1393 1848 ἶ

164 1869 222 1932 Dei
244 1866 379 1950 dissipari.
416 1869 495 1950 Engo
520 1877 554 1948 ut
576 1865 650 1928 inter
672 1865 770 1926 turbas
794 1888 954 1928 maneamus
999 1869 1078 1941 uieti,
1108 1870 1239 1932 Chrisnrs
1256 1893 1303 1932 ¹se
1392 1925 1393 1930 ,

165 1945 321 2010 rediturtun
339 1944 482 2022 admonet,
500 1961 610 2022 suoque
623 1941 751 2034 adventu
768 1941 869 2023 impiae
887 1943 1055 2008 delectionis
1066 1945 1130 2008 lore
1142 1945 1277 2010 ultorem.
1392 1991 1393 1996 1

229 2253 363 2337 tlte.)
403 2249 573 2320 ΜΑΤΤΗ.
594 2251 677 2318 xxt.
728 2251 758 2316 1.
787 2250 830 2317 Et
855 2269 955 2340 quum
987 2199 1299 2347 appropinquassent
1392 2251 1393 2254 ’

170 2351 420 2446 Hierosolymis,
442 2365 473 2422 et
493 2358 657 2439 venissent
677 2353 875 2442 Betbpbage,
896 2353 938 2420 ad
959 2366 1099 2430 montem
1120 2357 1297 2436 Olitarnnr,
1391 2339 1393 2362 ¹

162 2471 247 2526 -tunc
268 2463 358 2526 lesus
379 2461 463 2526 misit
484 2455 567 2526 duos
585 2449 768 2546 discipulos,
829 2457 860 2522 2.
902 2457 1024 2526 Dicens
1046 2461 1103 2539 eis,
1124 2459 1171 2524 lte
1192 2462 1225 2525 in
1246 2480 1311 2522 ca·.

169 2561 313 2638 stellurn,
334 2560 424 2646 quod
447 2572 559 2628 contra
579 2579 639 2626 vos
661 2568 721 2638 est,
748 2567 779 2653 et
799 2560 902 2626 statim
922 2561 1094 2640 invenietis
1113 2563 1233 2628 aunam
1253 2559 1297 2625 al-

132 2651 142 2662 *
169 2660 307 2754 ligatum,
330 2670 363 2724 et
383 2659 506 2748 pullum
526 2685 597 2729 cum
619 2653 670 2728 ea:
692 2660 808 2728 solvite
830 2672 861 2728 et
882 2659 1030 2730 adducite
1051 2663 1137 2730 mibi.
1193 2664 1225 2728 3.
1256 2663 1298 2730 Et

169 2763 198 2828 si
220 2761 291 2848 quis
313 2757 407 2826 vobis
429 2761 551 2848 aliquid
573 2763 693 2846 dixerit,
706 2763 817 2844 dicite,
838 2763 997 2832 Dominus
1018 2767 1067 2833 bis
1088 2787 1171 2852 opus
1187 2763 1297 2830 babet:

171 2873 203 2932 ct
231 2861 398 2950 cpnlestim
425 2865 544 2948 emittet
571 2887 661 2930 eos..
697 2867 728 2944 4.
760 2867 834 2932 Hoc
855 2878 959 2936 autem
980 2879 1080 2936 totum
1100 2868 1218 2933 factum
1241 2875 1297 2946 est,

157 2975 207 3034 'ut
235 2963 420 3054 impleretur
441 2966 530 3053 quod
551 2963 668 3034 dictum
689 2979 738 3034 est
757 2991 815 3056 per
836 2969 1037 3058 Prophetam‚
1058 2968 1222 3046 dicentem,
1265 2967 1297 3035 5.

169 3069 277 3136 Dicite
298 3068 386 3134 filiae
407 3067 495 3148 Sion,
518 3069 603 3134 Ecce
624 3091 679 3136 rex
700 3081 775 3138 tuus
796 3073 885 3138 veuit
905 3073 964 3140 tibi
985 3079 1176 3150 mansuetus,
1198 3079 1230 3135 et
1246 3092 1299 3136 se-

171 3170 251 3236 dens
274 3193 373 3258 super
394 3173 522 3250 asinam,
544 3181 576 3236 et
596 3173 719 3260 pullum
741 3173 842 3242 lilium
865 3161 1047 3262 subiugabs.
1088 3213 1091 3220 ι
1110 3173 1142 3238 6.
1171 3171 1297 3240 Euntes

171 3282 275 3336 autem
296 3272 446 3364 discipuli
466 3275 611 3340 lecerunt
632 3280 714 3356 sicut
734 3291 940 3366 praeceperat
961 3277 1025 3346 illis
1045 3277 1145 3342 Iesus.
1195 3271 1226 3341 7.
1256 3275 1298 3340 Et

121 3379 133 3388 ‘
170 3371 371 3442 adduxerunt
392 3380 512 3444 asinam
534 3385 566 3443 et
585 3375 725 3476 pullum,
752 3391 783 3446 ct
803 3383 1027 3468 imposuerunt
1043 3399 1142 3467 super
1163 3397 1223 3442 ecs
1245 3398 1298 3442 ve·
1392 3413 1393 3466 ᾗ

170 3478 316 3540 elimenta
337 3498 408 3556 sua,
431 3490 463 3544 et
484 3475 559 3545 cum
578 3503 674 3568 super
695 3482 980 3560 illacollocarunt.
1023 3482 1053 3547 8.
1082 3481 1224 3548 Plurima
1245 3502 1296 3544 au·
1392 3491 1393 3570 ξ

169 3589 233 3644 tem
254 3574 349 3642 turba
371 3583 550 3647 straverunt
570 3585 757 3656 vestimenta
778 3608 837 3653 sua
858 3589 893 3652 in
913 3589 991 3654 viar
1012 3583 1067 3650 alii
1086 3603 1166 3650 vero
1187 3581 1296 3660 caede

170 3680 250 3748 bant
274 3699 381 3774 ramos
409 3679 450 3746 de
478 3680 665 3768 arboribus,
687 3699 718 3756 et
739 3675 928 3772 sternebant
941 3691 976 3754 in
996 3689 1058 3754 via.
1120 3667 1159 3751 9(
1195 3685 1293 3750 Porro
1392 3655 1393 3702 t

169 3783 298 3862 turbae,
328 3787 411 3869 quae
436 3787 672 3872 praecedebant
698 3802 731 3859 et
751 3807 834 3880 q‘uae
855 3791 1096 3880 sequebantur,¹
1111 3787 1294 3865 clamabant,

162 3886 320 3968 diceutes,
334 3885 488 3978 Hcsanna
502 3887 572 3955 filio
588 3889 703 3974 David,
725 3894 915 3964 benedictus
937 3897 993 3984 qui
1012 3893 1100 3961 venit
1117 3893 1152 3958 in
1168 3888 1295 3958 nomine

169 3985 321 4112 Domini,⁴
333 3989 486 4060 Hosanna
507 3993 541 4059 in
563 3992 733 4067 altissimis.

173 4205 177 4214 ¹
254 4185 395 4257 Maec.
417 4189 471 4256 x1.
515 4191 545 4257 1.
566 4190 609 4256 Et
631 4189 706 4258 dum
729 4197 986 4284 appropinquant
999 4189 1233 4280 Hierosolymis
1254 4185 1295 4252 ad

171 4269 360 4394 Betbpbagel
376 4291 611 4396 etBetbanianr,
632 4296 717 4363 iuxta
737 4309 877 4392 montem
889 4297 1065 4391 Olivarum,
1087 4297 1199 4386 emittit
1214 4289 1294 4359 duos
1392 4323 1393 4330 κ
