2830 4772
201 255 261 322 Μ
648 249 759 315 SECT.
779 249 892 314 XVIII.
966 253 970 260 '

200 403 329 476 nescitis
350 403 443 485 enim,
463 401 595 492 quaudo
616 401 769 472 dominus
791 401 905 472 domus
926 413 1080 472 venturus
1101 405 1151 485 sit,
1178 425 1267 490 sero,
1292 429 1338 476 an
1400 473 1401 476 ,

199 507 310 574 medio
331 511 445 586 noctis,
466 530 508 576 au
530 510 565 573 in
586 507 757 594 gallicinio,
779 528 819 574 an
841 505 997 576 diluculo.
1061 507 1114 574 36.
1155 507 1209 574 Ne
1231 532 1337 597 quum

199 613 323 678 venerit
342 621 481 698 repente,
503 609 647 676 oileudat
669 631 729 680 vos
746 607 945 676 dormientes
987 612 1041 678 37.
1064 610 1238 680 Caeterum
1248 635 1337 703 quae

201 713 275 781 dico
296 711 400 802 vobis,
422 711 574 780 omnibus
597 712 680 792 dico,
700 711 850 800 Vigilate.
876 766 880 774 ,

285 883 468 956 moxtt.
511 881 565 952 35.
587 881 658 950 Sint
679 879 782 948 lumbi
798 879 902 950 'vestri
922 885 1104 972 praecineti,
1127 891 1159 949 et
1179 882 1333 953 lucernae
1400 911 1401 944 1

199 1007 361 1066 accensae.
413 987 467 1056 36.
503 987 545 1052 Et
565 1007 624 1052 vos
646 985 765 1052 similes
789 985 972 1055 homiuibus
993 985 1248 1074 exspectantibus
1271 988 1333 1054 do-

198 1092 319 1158 miuum
341 1097 443 1168 suun,
465 1075 597 1176 quaudo
619 1099 797 1154 revertetur
817 1111 836 1154 a
856 1091 987 1178 nuptiis,
1012 1097 1056 1169 ut,
1083 1110 1180 1175 quum
1201 1095 1333 1156 venerit

199 1213 238 1258 ac
264 1191 455 1278 pulsaverit,
492 1191 660 1256 confestim
686 1193 831 1282 aperiant
858 1195 896 1258 ei.
958 1191 1011 1257 37.
1042 1193 1132 1256 Beati
1160 1195 1245 1258 servi
1270 1193 1331 1274 itti,

198 1317 292 1382 quos,
313 1316 412 1382 quum
433 1296 557 1376 venerit
579 1293 738 1374 dominus,
759 1295 916 1362 invenerit
935 1288 1110 1380 vigilantes.
1137 1293 1329 1362 Amendico

198 1396 303 1477 vobis,
325 1395 414 1486 quod
434 1375 624 1482 praecinget*
636 1417 680 1472 ae,
703 1405 735 1462 et
755 1396 848 1462 luciet
867 1395 942 1462 illos
955 1395 1163 1476 discumbere,
1185 1393 1329 1464 et'traus-

197 1502 269 1566 iens
292 1483 482 1566 ministrabit
502 1497 578 1562 illis.
635 1497 688 1564 38.
731 1499 774 1564 Et
799 1501 829 1564 si
849 1502 973 1566 venerit
993 1501 1028 1564 in
1050 1499 1189 1564 secunde
1209 1497 1327 1585 vigilia,

200 1611 232 1668 et
259 1603 342 1668 siin
363 1603 456 1668 tertia
476 1600 585 1687 vigilia
606 1603 743 1678 venerit,
770 1611 866 1690 atque
883 1605 926 1668 ita
948 1605 1119 1680 invenerit,
1146 1599 1232 1671 beati
1253 1611 1329 1667 sunt

198 1706 285 1772 servi
306 1703 364 1770 illi.
406 1703 459 1768 39.
480 1705 553 1770 Hoc
574 1714 677 1768 autem
693 1707 814 1783 scitote,
837 1705 954 1791 quodsi
969 1707 1080 1792 scisset
1092 1703 1328 1790 pateriumIlias,

198 1829 262 1894 qua
288 1807 369 1874 hora
394 1805 446 1870 lur
471 1815 623 1870 venturus
645 1805 775 1888 luisset,
801 1806 960 1892 vigilasset
981 1810 1100 1892 utique,
1126 1821 1187 1870 neo
1207 1827 1328 1890 passus

197 1911 311 1976 fuisset
335 1907 464 1997 periodi
491 1909 620 1974 domum
646 1929 745 2002 suam.
797 1909 849 1976 40.
884 1909 927 1975 Et
948 1929 1005 1974 vos
1026 1909 1121 1991 igitur
1142 1917 1245 1972 estote
1266 1931 1329 1994 pa-

197 2013 272 2078 rati:
306 2013 389 2097 quia,
412 2033 475 2099 qua
496 2011 576 2076 horu
597 2032 665 2078 uon
686 2012 811 2098 putatis,
834 2009 937 2078 Filius
958 2011 1089 2076 bominis
1110 2009 1225 2074 veniet.
1270 2011 1327 2077 41.

196 2115 252 2182 Ait
273 2123 377 2180 autem
400 2118 431 2180 ei
453 2114 577 2194 Petrus,
598 2114 746 2204 Domine,
768 2113 810 2178 ad
829 2135 890 2180 nos
913 2113 992 2178 dicis
1012 2115 1102 2176 istam
1123 2111 1324 2201 parabolam,

197 2241 241 2291 au
268 2221 363 2284 etiam
382 2215 431 2308 gd
460 2215 592 2284 omues?
648 2218 702 2284 42.
731 2215 820 2282 Dixit
841 2226 943 2282 autem
964 2215 1137 2294 Dominus,
1166 2216 1323 2302 Quisnam

196 2331 245 2388 est
265 2320 371 2387 fidelis
397 2319 597 2406 dispensator
619 2343 657 2386 ac
678 2318 833 2407 prudeus,
868 2315 963 2406 quem
989 2322 1158 2384 constituet
1174 2315 1320 2383 domiuus
1400 2365 1401 2404 3

194 2447 295 2512 super
316 2423 507 2503 farnulitium
525 2445 634 2502 suum,
657 2431 692 2486 ut
711 2420 842 2486 detillis
860 2423 1054 2510 intempore
1073 2420 1251 2486 demensum
1272 2423 1319 2486 ci-

193 2525 294 2592 bum?
338 2527 530 2611 43.‚Beatus
551 2527 607 2593 illc
629 2545 748 2618 servus,
770 2545 877 2611 quem,
899 2545 996 2610 quum
1018 2527 1144 2588 venerit
1165 2523 1318 2608 domiuus,

193 2627 352 2692 invenerit
378 2617 421 2692 it'a
452 2627 626 2694 facientem.
670 2629 726 2712 44.
749 2627 835 2691 Vere
862 2625 934 2691 dico
961 2623 1084 2719 vobis,w
1102 2625 1191 2714 qnod
1209 2619 1317 2692 omui-

192 2725 265 2805 bus,
286 2749 370 2813 quae
391 2715 548 2816 possidet,
569 2727 734 2818 praeficiet
754 2729 853 2796 illum.
896 2729 948 2795 45.
971 2729 1101 2816 Quodsi
1123 2729 1236 2796 dixerit
1256 2747 1316 2795 ser«

191 2846 253 2897 vus
279 2827 335 2894 ille
363 2831 398 2894 in
426 2829 525 2916 corde
551 2853 626 2910 suo,
659 2829 766 2896 diliert
794 2831 941 2898 domiuus
969 2851 1057 2897 meus
1080 2832 1263 2911 adveutum,
1288 2839 1316 2896 et

191 2933 350 3024 inceperit
370 2942 539 3022 percutere
561 2955 686 3012 servos,
714 2945 745 2998 et
766 2935 913 3013 ancillas,
943 2945 974 3020 et
994 2933 1105 3013 edere,
1133 2932 1261 3014 bibere,
1286 2945 1316 2999 et
1387 2980 1391 3002 .

189 3037 356 3104 inebriari:
401 3035 454 3101 46.
476 3037 595 3102 Veniet
623 3035 772 3104 domiuus
795 3039 880 3104 servi
900 3035 989 3102 illius
1010 3039 1043 3102 in
1066 3037 1229 3122 die,*quo
1249 3056 1314 3100 uon

132 3179 133 3182 =
190 3153 312 3226 sperat,
341 3151 373 3206 et
398 3140 497 3220 bora,
519 3161 583 3228 qna
608 3132 727 3218 nescit,
756 3151 789 3206 et
811 3139 983 3205 dissecabit
1013 3161 1098 3216 cum,
1128 3147 1313 3226 partemque

191 3243 260 3306 eius
283 3265 354 3307 cum
376 3241 485 3308 inlidis
506 3252 613 3329 ponet,
656 3243 707 3309 47.
730 3241 788 3309 lllc
809 3255 914 3310 autem
937 3262 1061 3319 servus,
1083 3227 1141 3326 qui
1159 3235 1314 3324 cognovit
1400 3303 1401 3348 t

189 3343 387 3410 volunta-tem
414 3345 535 3410 domini
565 3347 630 3425 sui,
656 3356 688 3412 et
715 3365 750 3412 se
777 3367 845 3412 uon
866 3348 1001 3433 paravit,
1028 3364 1086 3408 uec
1105 3341 1181 3406 lecit
1201 3360 1312 3408 secun·
1400 3357 1401 3428 1

189 3443 264 3512 dum
287 3447 482 3512 voluntatem
509 3450 591 3527 eius,
621 3447 787 3535 vapulabit
812 3447 913 3536 plagis
940 3447 1056 3514 multis.
1096 3444 1311 3531 411011144-

188 3559 328 3615 temnou
344 3551 507 3634 coguovit,
530 3561 561 3615 et
574 3551 646 3616 lecit
658 3553 753 3638 digna
766 3550 876 3638 plagis,
898 3549 1060 3638 vapulabit
1072 3551 1190 3637 paucis.
1201 3547 1310 3614 Porro
1400 3603 1401 3606 ,

189 3655 368 3737 cuicunque
390 3650 522 3716 multum
549 3651 656 3718 datum
686 3665 745 3734 est,
772 3653 1103 3742 multum'quaeretur
1130 3649 1170 3728 ab
1193 3671 1248 3731 eo,
1281 3659 1309 3718 et
1400 3645 1401 3696 f

188 3752 395 3818 cuimultum
418 3756 732 3835 commendaverunt,
755 3756 827 3844 plus
849 3769 958 3844 petent
982 3755 1022 3820 ab
1045 3775 1094 3822 eo.
1115 3753 1169 3820 49.
1206 3757 1309 3840 Ignem
1393 3713 1401 3788 4

117 3847 120 3864 ’
187 3858 261 3922 veui
282 3857 438 3921 missurus
460 3857 494 3922 iu
516 3869 647 3938 terram,
669 3858 799 3946 etquid
821 3859 911 3938 volo,
940 3862 968 3924 si
989 3863 1051 3924 iam
1073 3851 1236 3922 accensus
1250 3858 1308 3921 esti

185 3959 240 4025 -50,
268 3957 333 4024 Sed
363 3957 522 4047 baptismo
556 3960 662 4027 babeo
693 3957 862 4047 baptizari,
897 3971 929 4029 et
958 3957 1125 4049 quomodo
1158 3970 1307 4039 coarctor,
1400 3993 1401 4012 1

187 4059 292 4128 donec
312 4061 506 4148 perficiatur.

79 4307 83 4316 ι
203 4261 206 4268 ⁴
259 4269 418 4343 Mum-43.
437 4283 476 4344 ot
484 4283 590 4340 scisset
596 4279 832 4354 paterfamilias.
850 4281 940 4344 Lucas
952 4281 1028 4342 hune
1036 4280 1143 4344 Christi
1151 4301 1308 4343 sermonem

186 4341 240 4406 alio
258 4347 323 4427 loco
340 4357 440 4418 recitat
462 4377 544 4438 quam
561 4353 728 4420 Matthaeus.
770 4357 873 4437 Neque
888 4359 919 4418 id
937 4359 1053 4419 urbem:
1074 4377 1140 4417 nam
1152 4355 1251 4436 eapite
1262 4359 1304 4420 12
