2796 4774
154 223 194 286 38
367 217 483 286 sucu·
497 218 582 283 xm
620 214 788 284 ssnuours
808 233 850 282 rr
868 231 1073 293 samsones.

155 391 254 462 quum
274 369 354 444 lacis
374 370 576 454 convivium,
597 393 679 446 voca
698 391 875 463 pauperes,
897 369 1031 454 debiles,
1052 369 1196 454 claudos,
1218 394 1294 440 eoe-

154 496 221 550 cos.
266 474 317 541 14.
344 473 386 541 Et
410 471 525 542 bertus
551 475 628 556 eris,
654 477 730 564 quia
757 496 827 543 non
853 484 990 565 possunt
1015 475 1195 566 rependere
1216 475 1292 570 tibi:

152 573 349 670 rependetur
369 577 454 648 enim
471 574 535 674 ¹tibi
556 577 591 648 iu
612 579 847 652 resurrections
868 579 1035 646 iustorum.

192 801 198 820 .
229 753 300 819 Luc.
311 753 341 824 7.
364 755 543 818 chsbutod
553 757 706 816 lustrator.
731 754 852 834 Scimus,
866 767 1042 840 quantopere
1054 753 1086 816 in
1095 753 1250 819 Pharisaeis
1264 766 1295 817 et

152 831 261 898 Scribis
281 831 414 894 omnibus
434 833 599 918 regnaeerit
616 831 743 894 ambitio.
783 831 881 924 Qumn
900 845 996 896 autem
1015 833 1146 896 omnibus
1170 832 1294 916 superbe

151 906 291 974 dominari
312 919 459 992 cuperent
479 920 579 974 mutuo
599 908 685 972 etiam
702 909 780 972 inter
798 929 875 1002 ipsos
896 921 958 972 erat
976 909 1012 972 de
1029 907 1152 990 primatu
1171 929 1294 972 concer-

151 983 234 1048 tatio.
274 983 339 1048 lloc
363 983 440 1048 euim
462 983 570 1048 babent
592 984 724 1048 homines
748 985 839 1048 inanrs
882 983 970 1048 lorias
995 984 1106 1066 cupidi,
1131 996 1165 1045 ut
1188 983 1294 1067 singuli

151 1060 230 1122 ultro
242 1059 297 1123 citr
337 1083 373 1124 ue
386 1060 441 1124 sibi
449 1059 602 1139 invideant,
622 1059 690 1136 dum
707 1062 825 1145 quisque
844 1005 883 1124 ad
897 1083 928 1124 se
946 1059 1059 1124 trahere
1078 1060 1195 1142 appetit,
1215 1061 1293 1142 quod

152 1136 207 1200 sibi
227 1135 273 1198 ulii
294 1081 393 1200 <liberi
412 1150 523 1221 putant
561 1139 607 1200 Ita
625 1135 767 1202 Pharisaei
791 1141 860 1202 etS
895 1137 957 1201 'ae
1028 1159 1077 1198 um
1096 1157 1195 1196 omnes
1216 1135 1294 1218 pari-

151 1225 199 1276 ter
217 1213 291 1296 apud
312 1211 448 1298 populum
469 1237 501 1278 se
524 1216 705 1280 venditarent
723 1215 796 1279 sacri
815 1235 850 1276 or
899 1214 907 1229 ⁴
939 1181 977 1277 eil
1006 1235 1039 1289 o,
1064 1233 1142 1274 nunc
1165 1211 1241 1273 inter
1260 1233 1293 1276 se

152 1290 334 1364 contendunt
355 1291 391 1353 de
409 1290 527 1368 honoris
545 1293 643 1385 gradu,
662 1291 727 1374 quia
746 1291 862 1374 quisque
881 1291 1004 1373 primum
1022 1288 1119 1352 locum
1136 1287 1192 1348 sibi
1210 1307 1293 1355 arro-

173 1377 210 1426 at.
250 1368 334 1428 Hanc
357 1361 458 1429 eblum
481 1367 668 1430 ambitionem
689 1379 754 1450 apta
772 1366 955 1430 similitudine
976 1365 1107 1428 Christus
1126 1363 1292 1426 falsederi-

151 1384 211 1506 let
249 1443 323 1504 Nam
346 1441 371 1503 si
394 1443 456 1525 quis
479 1443 511 1505 in
534 1443 625 1508 abens
642 1465 741 1506 mensa
756 1443 886 1525 ‘primum
908 1444 1005 1508 locum
1029 1452 1165 1524 occupet,
1188 1439 1292 1502 deinde

152 1527 272 1608 cogatur
286 1516 393 1602 potiori
413 1519 523 1596 cedere,
542 1541 603 1582 non
621 1521 683 1582 siue
701 1519 811 1604 pudore
831 1531 861 1582 et
878 1517 1035 1602 ignominia
1054 1517 1198 1580 adomino
1219 1536 1292 1580 con-

145 1593 221 1666 ,vivri
244 1592 275 1654 in
298 1593 384 1654 alium
405 1592 501 1658 locum
525 1596 708 1680 relegabitur.
751 1595 840 1678 Atqui
863 1596 938 1658 idem
963 1588 1133 1678 contingere
1157 1592 1291 1656 omnibus

151 1689 269 1732 necesse
288 1681 345 1745 est,
370 1670 419 1750 qui
437 1693 469 1735 se
487 1671 612 1735 fastuose
631 1673 661 1734 in
684 1684 782 1748 erunt,
801 1684 937 1764 utsupra
955 1671 1024 1734 alios
1044 1671 1202 1746 emineant,
1227 1668 1292 1750 quia

150 1747 233 1809 Deus
251 1746 330 1828 ipsos
348 1747 489 1838 probrose
508 1749 630 1812 deiiciet
699 1749 930 1812 otandmn·enrm
950 1760 1001 1824 est,
1023 1743 1172 1810 Christum
1192 1747 1292 1807 deer-

150 1833 244 1884 terna
257 1834 287 1884 et
304 1819 382 1884 ciuili
400 1825 539 1887 modestia
557 1825 603 1888 hic
622 1845 683 1888 nou
704 1825 882 1886 concionari:
906 1847 972 1886 nam
991 1845 1054 1898 eos,
1119 1824 1180 1884 ‘su
1201 1821 1292 1882 erbis-

151 1897 215 1960 sirmi
233 1908 314 1972 sunt,
337 1919 422 1982 saepe
440 1900 567 1966 videmus
586 1901 617 1962 in
632 1901 686 1964 bac
707 1913 789 1983 parte
808 1899 960 1980 excellere,
980 1922 1013 1962 ac
1033 1845 1153 1965 civilior
1171 1845 1224 1974 dut
1244 1896 1292 1958 lo-

151 1973 296 2054 quuntur)
315 1995 386 2056 prae
409 1996 442 2038 se
463 1975 541 2040 ferre
561 1998 693 2060 magnam
710 1977 904 2042 modestiam
925 1981 1034 2040 Verum
1052 1975 1234 2036 similitudine
1253 1973 1290 2034 ab

150 2049 311 2113 bominibus
328 2062 454 2133 sumpta,
481 2051 575 2132 quales
599 2055 676 2118 intus
703 2074 764 2116 esse
788 2074 843 2117 nos
863 2075 961 2116 coram
980 2055 1045 2114 Deo
1058 2063 1211 2134 oporteat,
1227 2051 1291 2110 'do-

151 2145 219 2191 cere
237 2125 313 2203 vult,
331 2127 388 2188 asci
408 2127 531 2205 diceret,
551 2129 584 2191 Si
604 2129 768 2204 convivam,
788 2129 852 2210 quia
871 2128 958 2192 stulte
977 2128 1100 2212 primuin
1119 2127 1174 2190 sibi
1193 2125 1290 2188 locum

150 2213 343 2284 usurpaverat
362 2203 444 2264 reiici
465 2205 615 2291 contingat
633 2206 665 2266 iu
682 2217 868 2288 postremum,
888 2207 998 2292 pudore
1018 2204 1152 2268 confusus
1172 2213 1290 2282 cuperet

111 2331 115 2346 ,
152 2299 190 2340 eo
209 2299 354 2365 uunquam
372 2281 543 2344 ascendisset
564 2303 635 2368 ergo
655 2303 692 2343 ne
710 2281 785 2354 idem
804 2282 886 2358 vobis
905 2305 959 2344 usu
977 2281 1074 2344 veniat
1092 2279 1165 2370 apud
1184 2279 1289 2354 Demn,

149 2365 184 2416 ut
202 2366 327 2494 vespam
345 2357 537 2442 arrogantiam
556 2357 857 2444 extrema-ignominia
875 2370 967 2436 notet,
987 2367 1091 2441 sponte
1099 2355 1158 2422 suis
1170 2353 1310 2430 bmnilesf

149 2451 183 2494 ac
202 2453 251 2493 mo
273 2443 333 2496 esu.
1394 2483 1395 2492 ,

123 2579 125 2584 ,
226 2513 272 2572 ll.
314 2510 375 2589 Qui
393 2531 425 2573 rs
443 2512 574 2575 extollit.
618 2513 698 2576 llaec
722 2508 844 2575 clausula
866 2509 1055 2584 demonstrat,
1079 2508 1115 2571 de
1134 2505 1290 2570 ambitione

148 2579 298 2664 loquutum
318 2605 380 2648 esse
399 2586 557 2650 Christums
582 2609 676 2670 neque
702 2589 777 2652 enim
816 2587 977 2666 ronuntiat,
1002 2585 1070 2667 quid
1091 2585 1123 2646 in
1145 2583 1291 2646 communi
1394 2633 1395 2640 ,

123 2658 297 2722 „hominum
322 2660 381 2721 vita
405 2661 496 2726 soleat
514 2665 589 2742 lieri,
608 2666 659 2730 sed
676 2666 772 2726 Deum
792 2610 837 2726 lle
857 2664 941 2724 nobis
960 2663 1060 2724 statuit
1078 2661 1218 2735 Iudicem,
1259 2659 1288 2720 ui

138 2733 277 2814 'superbis
296 2733 422 2812 resistat,
443 2757 599 2818 eorumque
617 2739 798 2822 supercilium
816 2739 957 2812 humiliet,
978 2738 1128 2798 humilibus
1147 2756 1217 2800 vero
1237 2681 1286 2798 det

79 2845 85 2854 ,
148 2809 276 2894 gratiam.
316 2809 406 2871 Plena
427 2822 470 2873 est
489 2813 650 2877 huiusmodi
670 2813 841 2875 testimoniis
862 2814 1022 2895 Scriptura,
1042 2815 1137 2874 Deum
1156 2834 1217 2875 esse
1236 2833 1288 2874 eo-

148 2907 213 2946 rum
232 2883 359 2947 omnium
377 2884 505 2964 hostem,
524 2890 572 2970 qui
591 2911 623 2951 se
642 2887 746 2950 esserre
764 2899 915 2980 appetunt,
937 2889 1021 2950 sicuti
1039 2887 1145 2950 bellum
1165 2911 1230 2950 cum
1250 2909 1286 2950 eo

148 2961 292 3046 suscipere
313 2983 430 3024 necesse
455 2975 512 3039 est,
538 2964 643 3046 quieun
684 2963 828 3046 ealiqmd
845 2965 899 3024 sibi
922 2976 1067 3055 arrogant.
1111 2965 1185 3024 Nam
1215 2963 1285 3026 baec

130 3049 193 3102 ,est
212 3037 356 3121 superbia,
382 3039 439 3100 Dei
458 3039 539 3102 donis
558 3041 641 3135 perio
662 3063 677 3103 e
696 3038 827 3125 gloriari,
852 3040 909 3102 acsi
928 3061 982 3120 qua
1002 3063 1033 3100 sn
1055 3039 1139 3102 nobis
1159 3040 1287 3109 subesset

148 3113 285 3198 dignitas,
305 3136 376 3197 quae
395 3136 449 3178 nos
468 3137 587 3199 proprio
606 3117 711 3180 merito
732 3116 893 3180 extolleret:
914 3115 998 3178 sicuti
1016 3139 1127 3178 rursum
1145 3115 1286 3177 humilitas

147 3209 209 3249 non
229 3190 322 3252 fucata
341 3191 432 3256 solum
452 3193 574 3256 deiectio
599 3195 709 3258 censeri
730 3194 830 3269 debet,
856 3193 992 3256 redvers
1012 3193 1178 3268 exinanitio,
1198 3215 1285 3272 quum

33 3297 41 3308 ·
147 3265 265 3342 scilicet,
285 3267 453 3338 infirmitatis
473 3281 589 3332 nostrae
607 3271 699 3353 probe
718 3271 801 3333 nobis
822 3268 942 3347 conscii,
969 3268 1040 3331 nihil
1058 3269 1177 3332 sublime
1196 3269 1300 3350 spira·¹

146 3361 223 3418 mus,
242 3341 364 3406 scientes
383 3365 437 3408 nos
456 3343 516 3408 sola
534 3346 591 3410 Dei
635 3348 704 3412 ratia
724 3345 871 3410 excellere.
1276 3375 1278 3380 v

200 3420 269 3508 ‘12
311 3419 409 3498 Ouum
426 3421 515 3501 faris
534 3367 705 3503 prandium.
747 3424 808 3500 Qui
831 3434 934 3515 putant
951 3421 999 3484 bic
1022 3420 1186 3503 simplicitur
1205 3421 1285 3483 da'm-

146 3512 209 3554 narr
231 3495 373 3572 convivia,
399 3519 470 3578 quae
492 3499 571 3561 inter
597 3522 630 3564 se
652 3499 776 3563 vicissim
798 3511 907 3584 agitant
931 3500 1047 3584 cognati
1073 3511 1103 3560 et
1125 3497 1284 3574 familiares,

145 3579 256 3652 partem
279 3569 459 3636 humanitatis
482 3574 589 3638 tollunt
613 3597 647 3638 er
671 3575 842 3638 bominibus.
881 3577 948 3638 Hoc
972 3576 1048 3637 euim
1071 3597 1116 3634 ma
1137 3575 1159 3634 is
1181 3574 1284 3635 barba-

145 3665 210 3706 rrun
231 3657 305 3708 esset
329 3669 412 3726 quam
435 3662 590 3728 austerum,
611 3666 749 3738 cognatos
769 3675 785 3714 a
803 3673 900 3714 mensa
919 3651 1051 3734 hospitali
1071 3595 1218 3712 excludere
1253 3663 1284 3715 ct

144 3725 419 3814 tantumertrapeis
443 3727 509 3790 dare
532 3726 579 3790 loe
629 3773 637 3788 .
676 3732 739 3792 Nec
762 3750 829 3790 sane
848 3727 904 3790 hoc
925 3728 1032 3806 Christi
1052 3724 1200 3789 consilium
1219 3695 1235 3787 l
1251 3728 1283 3804 Ἰ,

145 3797 181 3861 ab
195 3818 274 3860 orum
294 3811 427 3864 comitate
446 3823 499 3866 nos
519 3825 583 3866 aree
601 3828 625 3880 e,
645 3807 695 3868 sed
713 3817 825 3868 tantmn
839 3805 999 3878 ostendere,
1018 3803 1161 3866 officiisin
1174 3805 1282 3866 mundo

4 3935 5 3962 ,
129 3874 253 3936 usitatis
279 3876 396 3941 minime
421 3879 537 3960 probari
564 3874 726 3942 caritatem(
764 3881 838 3942 Nam
863 3881 946 3943 sicuti
971 3881 1118 3956 divitibus,
1141 3903 1156 3940 a
1181 3880 1282 3960 quibus

59 3967 63 3990 ⁸
144 3951 221 4029 p‘sria
241 3971 399 4033 speramus,
422 3953 457 4013 ali
491 3956 525 4036 td
548 3979 599 4040 spe
621 3957 760 4020 mercedis
778 3957 957 4038 imendere,
980 3977 1041 4017 non
1058 3955 1209 4018 liberalitas
1229 3967 1281 4031 est,

144 4027 195 4088 sed
217 4026 384 4090 foenerandi
408 3977 570 4107 arellium,
594 4033 633 4094 ita
655 4035 687 4094 in
709 4033 851 4094 rationem
875 4054 971 4098 coram
990 4035 1055 4096 Deo
1082 4055 1148 4114 non,
1162 4033 1283 4094 veniunt

144 4104 317 4166 mercenaria
340 4104 449 4184 officia,
475 4127 531 4172 uec
555 4109 665 4174 caritati
692 4109 794 4170 ascribi
815 4111 971 4170 merentur.
1016 4109 1048 4170 Si
1072 4121 1217 4192 cognatos
1234 4107 1280 4169 vel

144 4177 249 4241 arnicos
273 4181 375 4245 divites
399 4203 489 4246 coena
513 4185 637 4267 excipio,
662 4184 818 4247 hunaanitas
844 4195 887 4246 est
931 4205 963 4245 er
984 4204 1016 4246 se
1038 4206 1098 4246 non
1117 4185 1280 4262 damnanda,

144 4253 194 4314 sed
213 4277 285 4334 quae
302 4259 338 4320 ad
355 4261 531 4344 probandam
549 4261 695 4324 caritatem
714 4260 832 4323 minime
850 4207 985 4323 sullibiett
1009 4283 1074 4324 nam
1097 4283 1181 4344 saepe
1199 4263 1279 4324 vide·

144 4347 207 4390 mus
227 4349 286 4409 eos,
305 4337 354 4416 qui
372 4338 426 4400 sibi
439 4359 557 4422 prorsus
576 4339 679 4404 addicti
697 4349 775 4418 aunt,
793 4337 825 4400 in
839 4339 934 4402 amicis
954 4337 1198 4402 lautetractandis
1217 4361 1279 4404 esse
