2796 4774
423 261 851 373 (5555551555.)
930 306 967 338 υ
1038 287 1043 311 ·
1143 287 1203 362 aaa

72 445 145 512 dies
166 453 234 512 erat
259 459 444 533 parasceve,
475 451 508 510 et
532 439 709 510 Sabbatum
729 436 945 511 illucescebat.
983 440 1203 510 5585555·

71 557 202 636 quutae¹
214 545 320 613 autem
340 545 498 624 mulieres,
520 562 603 634 quae
620 556 692 610 enm
714 565 755 610 55
776 553 968 621 venerante
982 542 1138 636 Galilaea,
1156 547 1204 609 vt-

74 646 192 720 derunt
213 639 463 742 5555555155,
491 657 523 714 51
544 631 812 732 quemadmodum
832 649 972 734 positum
994 657 1062 731 erat
1083 647 1203 744 corpur

74 755 158 818 eius.
188 752 241 817 55.
262 753 424 838 Reversae
444 771 524 833 vero
544 758 737 838 parauerunt
757 758 898 814 aromata
919 759 950 816 et
970 743 1144 838 unguenta:
1164 746 1204 828 ab
1244 827 1247 832 ,

74 851 220 922 Sabbato
241 853 374 944 quidem
390 854 579 954 quieveruut
601 850 777 958 secuudum
797 845 1011 940 praecaptum.
1027 877 1033 890 ·
1094 913 1096 920 ,
1199 933 1203 940 ι

136 1107 310 1194 „subiicitur
335 1090 422 1172 5555
442 1105 549 1172 Christi
573 1103 729 1200 sepultura,
767 1099 845 1188 quasi
874 1103 1141 1178 medius'traositue
1167 1102 1204 1182 ab

75 1185 231 1272 ignominia
250 1185 341 1249 erucis
358 1185 393 1250 a'il
412 1183 626 1248 resurrectionis
644 1178 772 1268 gloriam.
814 1181 909 1244 Voluit
931 1183 1043 1267 quidem
1056 1185 1135 1266 Deru
1152 1181 1206 1248 alia

76 1263 161 1328 etiam
180 1285 261 1325 carisa
280 1257 849 1342 111155555555551151,,511155511,55
868 1269 1002 1335 testatum
1021 1261 1117 1340 lieret,
1132 1282 1209 1340 ,vera

76 1353 171 1402 morte
213 1339 352 1417 rofnobis
377 1337 631 1410 esse-defunctum.
686 1337 744 1406 Sed
767 1332 813 1396 hic
835 1335 948 1400 interim
971 1325 1206 1422 liuispraecipue

75 1361 245 1496 spectandus
263 1425 332 1490 est,
357 1412 433 1492 quod
450 1405 508 1476 boe
525 1414 613 1475 modo
634 1411 741 1476 aboleri
768 1411 895 1492 coeperit
913 1411 1085 1490 maledictio,
1121 1437 1208 1494 quarn

6 1519 7 1524 ¹
77 1493 113 1552 ad
137 1493 224 1553 breve
240 1502 357 1570 'tempus
381 1503 553 1570 susceperatr
587 1509 680 1580 neque
704 1487 780 1550 enim
808 1488 915 1568 vulgari
943 1511 1025 1555 more
1039 1490 1209 1584 ,proiectum

77 1563 132 1631 iuit
152 1567 210 1628 eius
230 1563 347 1629 cadaver
365 1563 395 1625 in
413 1565 540 1641 foveam,
569 1567 618 1629 sed
637 1587 666 1626 m
689 1564 819 1645 sepulcro
844 1564 936 1626 entim
961 1566 1116 1646 honorifice
1134 1568 1208 1642 55ηῆ

77 1645 177 1708 ditum.
197 1643 367 1733 Quanquam
376 1653 469 1701 autem
479 1654 547 1704 tunc
556 1642 645 1718 adhuc
654 1653 720 1702 ante
731 1639 828 1701 oculos
839 1651 947 1708 versata
961 1653 1005 1710 eat
1020 1635 1111 1712 caruis
1127 1641 1208 1724 infir-¹

78 1720 173 1794 mitae,
201 1739 256 1780 555
274 1715 367 1778 devina
388 1717 475 1779 virtus
495 1718 614 1800 Spiritus
633 1729 699 1780 ante
717 1718 956 1778 resurrectionem
975 1715 1065 1782 lucide
1085 1740 1208 1801 conspe-

79 1807 126 1856 cta
148 1806 203 1858 est:
234 1783 325 1856 voluit
346 1805 440 1855 tamen
465 1795 544 1856 Deus
567 1794 623 1854 hoc
642 1793 727 1874 ‚quasi
750 1793 900 1876 praeludio,
918 1790 1100 1878 adumbrare,
1130 1783 1210 1887 quod

78 1871 163 1954 paulo
182 1882 248 1954 post
271 1870 393 1932 secturus
412 1881 486 1948 erat,
508 1881 542 1932 ut
561 1869 666 1934 Filium
685 1892 767 1932 suum
785 1869 886 1932 mortis
904 1871 1049 1952 ,victorem
1061 1874 1209 1958 magmfice

79 1966 162 2032 supra
181 1947 277 2010 coelos
296 1946 438 2010 eveheret.
748 1974 754 1984 ’
868 1947 874 1958 ’
968 1951 971 1958 ’
1102 2017 1105 2024 Α

154 2023 310 2086 1115111557.
333 2020 431 2100 Ouum
449 2033 550 2083 eutem
568 2043 690 2101 vespera
708 2028 796 2086 esset.
834 2019 1127 2108 Intelligelosephum
1148 2048 1209 2096 non

80 2099 132 2164 sub
152 2097 344 2180 crepusculum
370 2099 496 2176 venisse,
528 2101 577 2160 sed
601 2110 666 2160 ante
692 2118 823 2158 occasum
841 2099 921 2172 solis,
955 2101 1081 2180 utlcitra
1102 2101 1210 2179 sabbati

80 2175 263 2240 violationem
287 2173 343 2236 hoc
387 2175 477 2238 ieratis
500 2173 625 2234 offi'cium
649 2174 784 2256 magistro
829 2185 975 2234 raestaret:
1004 2177 1075 2246 'itam
1099 2173 1212 2256 initiuttt'

80 2250 189 2314 sabbati
212 2261 272 2311 erat
289 2249 324 2310 ab
343 2195 389 2308 itii
406 2269 533 2329 vespera.
571 2252 612 2309 Er
633 2271 650 2307 0
670 2270 784 2309 necesse
803 2194 857 2309 duit
872 2249 1015 2322 Christum
1034 2264 1100 2333 ante
1117 2253 1211 2317 noctis

63 2329 213 2400 ¹tenebras
235 2327 266 2386 in
288 2325 418 2407 sepulcro
439 2323 556 2405 deponi.
582 2385 587 2392 ,
612 2270 711 2388 horno
736 2345 751 2384 a
779 2323 894 2410 Christo
920 2338 1152 2408 mortuumque
1174 2326 1210 2390 ad

80 2404 189 2468 sabbati
208 2403 436 2465 observationem
454 2413 512 2490 tpes
531 2401 618 2462 horae
636 2401 742 2462 liberae
762 2401 931 2462 restabant·
971 2401 1141 2484 Quanquam
1160 2427 1211 2474 55·Δ

81 2481 143 2545 t'em
165 2481 287 2540 Ioannes
310 2494 369 2538 555
397 2477 483 2539 solius
512 2477 629 2557 losephi
652 2475 794 2552 meminit,
816 2476 866 2540 sed
883 2468 1079 2543 Nicodemum
1098 2501 1212 2564 quoque

82 2557 124 2618 illi
147 2555 275 2640 adiungit
299 2553 446 2614 comitem:
485 2554 668 2634 quia'tamen
690 2553 765 2616 solus
788 2554 849 2634 ipse
872 2554 996 2638 suscepit
1028 2557 1213 2640 negotiuma

76 2632 238 2718 principio,
272 2642 302 2691 et
320 2630 491 2692 Nicodamus
509 2630 600 2712 ipsum
618 2628 720 2692 ducem
739 2641 768 2692 et
786 2643 932 2693 auctorem
951 2623 1065 2704 1551115,
1078 2629 1097 2696 s'
1147 2647 1223 2706 utus.

82 2721 142 2786 est,
172 2708 265 2770 tribus
282 2705 467 2790 Evangelistis
491 2706 521 2767 in
544 2701 1108 2790 1555155115115555511515155ὤά5
1147 2711 1212 2794 ipso

80 2809 143 2848 uno
162 2799 273 2873 gestum
291 2783 327 2846 sit
344 2783 461 2844 referre.
499 2783 559 2844 Iam
584 2782 635 2845 etsi
653 2804 714 2844 rara
732 2781 813 2844 laude
835 2783 936 2866 dignus
955 2779 1013 2862 ¹suit
1031 2785 1077 2848 bic
1096 2783 1214 2870 Iosepbi

79 2862 215 2937 allectus,
234 2859 326 2942 primo
344 2870 440 2919 tamen
459 2859 541 2920 nohis
560 2857 760 2925 consideranda
779 2872 822 2922 est
840 2859 904 2924 Dei.
915 2861 1109 2941 providentia,
1134 2865 1215 2946 quod*

82 2939 230 3002 hominem
248 2938 324 2998 inter
342 2957 407 2998 suos
426 2935 551 2999 nobilem
571 2948 600 2998 et
616 2935 733 2998 eximiae
751 2935 779 2996 di
801 2937 893 2998 nitatis
912 2937 1007 3020 elegit,
1026 2939 1074 3020 qui
1092 2933 1215 3022 sepulcri

81 3019 197 3080 honore
215 3015 353 3108 probrum
372 3013 463 3074 crucis
481 3024 580 3096 tegere
599 3011 655 3094 inci
676 3023 746 3074 eret.
780 2957 826 3074 ht
845 3034 912 3075 saue
931 3037 1018 3095 quum
1037 3016 1121 3078 totius
1139 3037 1213 3100 gen-

81 3093 121 3156 tis
140 3092 260 3154 invidiae
281 3102 309 3152 et
334 3088 416 3163 odio,
444 3111 530 3180 quum
552 3033 713 3176 ingentibus
739 3089 869 3170 periculis
892 3111 922 3174 se
946 3103 1119 3172 exponeret,
1152 3115 1218 3161 non

16 3231 18 3256 ,
84 3169 204 3230 dubium
223 3179 281 3243 est,
299 3185 403 3226 arcano
413 3165 534 3246 Spiritus
551 3165 688 3225 instinctu
706 3175 815 3238 tantum
833 3163 950 3229 fiduciae
969 3165 1129 3248 sumpsisse:
1148 3191 1215 3232 nam

84 3249 153 3308 licet
169 3257 236 3306 ante
253 3266 327 3306 unus
352 3241 450 3302 inisset
474 3263 507 3303 ex
527 3237 633 3303 Christi
655 3241 723 3304 disci
745 3237 812 3318 ulis,
838 3263 984 3324 nunquam
1006 3253 1102 3306 tamen
1124 3245 1215 3322 libere

86 3335 119 3384 et
137 3321 227 3402 palam
252 3309 380 3404 pr'ofiteri
402 3319 486 3380 fidem
512 3340 589 3379 suam
613 3339 693 3378 ausus
714 3264 812 3382 111551.
868 3317 952 3380 Nunc
970 3317 1038 3382 dum
1057 3320 1086 3383 15
1107 3320 1217 3386 Christi

19 3455 20 3460 ,
86 3410 181 3459 morte
198 3395 385 3480 spectaculum
403 3393 605 3476 desperationis
625 3393 739 3532 plenum
758 3393 895 3469 occurrit,
920 3393 996 3476 quot
1020 3396 1103 3482 etiam
1122 3399 1215 3464 viriles

86 3473 196 3535 animos
219 3474 350 3556 frangere
371 3484 484 3561 posset,
512 3471 589 3531 unde
609 3471 653 3531 il·.
674 3482 794 3552 repente
811 3480 869 3532 tan
886 3491 1026 3553 generosa
1044 3474 1215 3554 animositas,

87 3563 121 3614 ut
139 3549 353 3610 inter'summos
373 3561 498 3615 terrores
518 3547 587 3608 51151
609 3559 752 3620 metuens,
770 3546 883 3642 longius
901 3545 984 3631 quani
1002 3551 1088 3618 rebus
1180 3551 1221 3618 tis'

87 3647 142 3712 pro
180 3621 226 3686 edi
244 3644 304 3684 non
322 3623 450 3692 dubitet?
487 3625 614 3688 sciamus
636 3644 723 3717 ergo,
747 3621 948 3686 divinasset
967 3648 1082 3688 manum
1117 3627 1215 3710 osephi

87 3725 155 3784 sepu
167 3713 226 3764 tum
245 3697 329 3760 luisse
347 3700 403 3759 Dei
421 3700 533 3762 Filium.
559 3701 625 3762 Η55
646 3711 728 3765 ettam
747 3699 850 3762 reterri
867 3646 987 3793 dehept,
1024 3725 1078 3770 uae
1095 3703 1141 3766 hic
1159 3726 1215 3766 no-

87 3790 184 3842 tantur
201 3775 432 3838 eircumstantiah.
470 3775 563 3848 Pietas
572 3773 692 3859 losephi
705 3789 734 3854 ,et
752 3777 824 3838 vitae
843 3726 1162 3862 integritaslattdantur,
1177 3791 1220 3858 nt¹

45 3885 50 3897 ,
89 3857 224 3918 diseamus
248 3851 278 3912 in
306 3850 362 3911 Dei
386 3871 470 3912 servo
498 3873 653 3934 agnoscere
670 3871 753 3942 ,opus
780 3853 913 3918 divinum.
942 3855 1101 3917 ‘Diuitem
1129 3855 1215 3918 fuisse

25 3956 31 4042 p
86 3929 280 4016 Evangelistae
299 3926 441 4011 referunt,
459 3939 502 4008 151
520 3928 653 4001 sciamus,
679 3949 750 3988 mma
768 3928 853 3992 animi
872 3928 1216 4012 eelsitudinesuperaturn

88 4007 175 4070 fuisse
202 4003 409 4080 obstaculum„
434 4003 509 4083 quod
536 4001 639 4084 alioqui
668 4025 731 4064 eum
756 4006 897 4070 euenisset
921 4017 1078 4074 retrorsum
1102 4009 1213 4073 cedere,

88 4087 176 4159 Nam,
204 4093 237 4142 ut
262 4079 375 4162 superbi
397 4090 463 4140 sunt
487 4076 615 4164 divites„
634 4077 702 4140 nihil
725 4057 862 4146 difficilius
882 4093 923 4144 est
940 4081 992 4142 illi-t
1030 4105 1094 4144 uam
1112 4097 1215 4166 sponte

27 4105 34 4204 1
88 4160 170 4243 vulgi
184 4167 380 4240 contemptum
402 4153 504 4218 subire.
544 4153 654 4216 Scimus
677 4167 796 4234 autem,
822 4179 904 4239 quam
927 4103 1038 4221 sordida
1058 4171 1086 4224 et
1103 4159 1221 4236 infamia

90 4237 177 4300 fuerit
202 4255 302 4317 opera,
330 4231 452 4294 crucifixi
476 4229 596 4293 hominis
620 4229 738 4302 cadaver
760 4251 883 4298 emanu
910 4233 1044 4298 carnificis
1063 4237 1215 4319 suscipere.

29 4339 31 4381 t
91 4310 139 4373 Ad
157 4313 226 4374 haec
245 4331 302 4392 quo
320 4307 491 4392 splendidior
509 4307 536 4370 ei
553 4307 608 4376 suit
626 4308 760 4386 fortuna,
781 4309 890 4370 cautior
909 4309 992 4396 etiarn
1011 4309 1109 4394 suisset
1125 4336 1159 4382 at
1176 4309 1216 4376 fi.

32 4395 33 4398 ’
91 4389 193 4454 midior
215 4389 263 4468 (ut
282 4385 377 4450 solent
401 4385 530 4474 homines
556 4383 736 4472 5511115555
762 4384 865 4448 addicti
887 4386 1039 4466 1111551555
1061 4411 1147 4474 omne
1169 4389 1226 4469 tu„
