2796 4774
192 189 252 298 iit
411 228 521 294 sem.
545 227 625 289 xix.
664 241 789 288 cunisri
808 241 920 290 nassio
939 243 979 288 rr
998 243 1090 290 iioiis.

194 385 251 450 Dei
271 403 305 446 ex
362 381 433 444 'tant
456 383 556 462 (quum
578 377 649 442 nihil
671 378 838 442 tentandum
863 377 972 440 sitnisi
995 401 1028 442 ex
1045 380 1219 462 praescripto
1239 383 1308 444 veihi

195 455 743 602 itl’„tli⁰tt{lt‘ti¹ttittt
760 455 985 595 ‘iiiiii
1002 456 1309 596 {ttffizlndttt

195 613 325 707 pqitulat.
340 687 348 705 ο
363 612 445 674 Adeo
469 608 545 670 enim
568 607 695 690 profanis
719 553 882 670 niunchus
910 629 971 668 non
998 610 1166 688 delectatur,
1193 623 1227 672 ut
1242 559 1309 674 iram

196 713 256 754 em
272 697 600 853 pqnguspdrqqqeeqt'qm
617 763 679 822 illo.
718 759 887 852 Quanquam
905 759 1004 820 diurna
1027 761 1170 853 meditqtio
1188 763 1310 826 insomnii

196 861 276 903 eausa
295 861 357 901 esse
374 851 483 920 potuit,
503 839 619 900 minime
638 849 729 898 timeri
749 836 863 898 duhium
883 849 936 912 est,
954 859 1071 898 uxorein
1092 839 1172 899 Pilati
1190 863 1250 902 non
1267 863 1308 899 iia-

195 917 319 978 toriliter
338 917 385 993 (nt
403 915 529 996 quotidie
550 913 632 976 nohis
651 913 779 986 eccidit),
805 915 853 976 sed
871 913 1004 994 singulari
1021 914 1077 974 liei
1095 915 1232 976 instinctu
1252 917 1308 976 haec
1338 912 1344 939 '

195 1003 338 1054 tormenta
356 991 442 1054 luisse
462 1007 578 1073 passam.
618 990 712 1072 Vulgo
736 1001 872 1070 putarunt
888 990 1042 1066 diabolum,
1066 1003 1095 1050 ut
1113 1013 1253 1054 remoram
1272 993 1309 1052 in·

195 1071 295 1142 iiceret
313 1069 427 1160 liumaqi
444 1068 557 1152 generis
575 1064 777 1148 redemptioni,
800 1067 933 1128 seminem
951 1067 1128 1128 subornasse:
1155 1071 1244 1148 'quod
1261 1071 1305 1128 iiii-
1356 1113 1357 1142 ι

196 1147 273 1208 nime
294 1157 442 1221 conremt,
471 1167 556 1226 quum
580 1143 703 1204 eiusdem
726 1143 763 1202 im
803 1142 845 1202 lsu
869 1152 1016 1223 tantopere
1036 1145 1167 1204 arderent
1188 1148 1308 1211 neerdo·
1354 1151 1357 1190 l

197 1236 241 1286 tes
259 1234 289 1284 et
307 1223 414 1284 s'crihae
433 1223 469 1304 ed
487 1221 629 1284 Christum
654 1165 838 1300 perdendum.
875 1218 926 1280 sic
950 1240 1020 1302 ergo
1045 1221 1137 1300 potius
1161 1221 1305 1282 hahendam

198 1311 255 1392 eit,
273 1298 398 1379 pluribus
416 1297 507 1360 modis
528 1297 681 1390 probatum
709 1295 795 1359 sitisse
814 1317 832 1356 a
852 1295 920 1356 *Deo
944 1296 1028 1356 Patre
1053 1296 1157 1388 Christi
1181 1299 1306 1360 innocen-

139 1401 144 1410 ’
197 1390 287 1513 titi.
308 1373 738 1512 ”litttttttttt'ttt
756 1373 833 1528 {tlt
849 1373 1305 1528 {tsott‘ttldtttiimtht

197 1541 229 1589 nt
251 1529 283 1590 in
356 1527 425 1586 tuita
449 1526 507 1587 eius
530 1525 708 1587 damnatione
730 1523 854 1614 legitimi!
883 1545 936 1604 pro
963 1517 1084 1604 percitis
1112 1529 1218 1588 nostris
1239 1527 1305 1615 satis·

197 1603 284 1668 lectio
318 1603 436 1696 ulgertt.
469 1603 701 1674 ‚Caeterumvhoc
719 1611 883 1662 nominatim
902 1599 994 1662 refert
1009 1602 1179 1677 Matthaeus,
1202 1625 1306 1682 nequis

197 1693 255 1740 tam
273 1679 421 1741 sollicitum
443 1679 526 1740 Pilati
551 1679 670 1756 studium
696 1677 826 1750 miretur,
854 1677 920 1736 dum
942 1697 996 1758 pro
1019 1677 1140 1740 hominis
1163 1677 1307 1759 contempti

198 1757 253 1816 rita
273 1755 301 1814 iii
321 1756 441 1814 tumultu
460 1753 590 1836 populari
614 1753 734 1814 dimicat.
771 1753 808 1812 Et
828 1765 905 1813 certe
923 1753 1069 1815 nocturnis
1087 1756 1180 1816 uxoris
1200 1755 1307 1818 terrori-

197 1831 249 1892 bus
268 1829 344 1890 i'lliim
354 1833 432 1890 Dens
451 1831 637 1890 adtuendam
658 1831 719 1889 titii
738 1830 780 1889 sui
798 1829 987 1889 innocentiam
1006 1831 1113 1913 coegit:
1133 1853 1192 1892 nnn
1212 1845 1242 1892 ut
1258 1831 1305 1891 eri-

197 1917 277 1987 peret
296 1927 361 1965 euin
380 1927 396 1965 a
416 1917 522 1980 morte,
542 1906 590 1964 sed
612 1916 720 1964 tantum
740 1917 772 1965 nt
790 1917 921 1966 testatum
944 1905 1065 1978 laceret,
1084 1908 1119 1970 in
1138 1907 1250 1968 aliorum
1269 1908 1305 1968 vi-

196 2003 257 2042 cem
276 2000 394 2061 poenae,
413 2002 495 2060 quam
517 1981 688 2072 promeritus
708 2001 768 2042 non
782 1994 858 2062 erat,
876 1982 983 2043 subiici.
1020 1985 1067 2044 De
1083 1984 1195 2045 somniis
1212 1995 1304 2057 autem,

196 2077 267 2137 quae
285 2069 351 2117 sunt
368 2058 455 2118 instes
473 2057 627 2132 visionum,
646 2055 712 2116 alibi
729 2058 833 2118 dictum
853 2070 903 2118 est.
1183 2101 1185 2106 -
1303 2057 1310 2075 ⁸

271 2135 319 2196 Ἄ).
357 2135 510 2225 Principes
538 2145 639 2196 nutem
666 2135 866 2194 sacerdotum·
908 2133 1006 2196 Preeei
1025 2156 1076 2197 uos
1098 2136 1163 2196 mali
1188 2139 1304 2198 auctores

148 2269 152 2276 .
196 2209 374 2294 Evangelista
399 2212 539 2293 designat:
567 2231 626 2272 nnn
668 2211 725 2270 uod
748 2211 859 2292 plebeiis
882 2211 968 2290 (quac
986 2157 1096 2272 aliunde
1115 2212 1302 2293 impulsa-luit)

119 2316 125 2334 ι
196 2299 310 2350 excuset
328 2288 412 2350 stulta
429 2287 591 2364 credulitas,
616 2233 667 2348 sei
689 2300 721 2347 ut
744 2287 862 2348 sciamus
880 2308 939 2346 non
958 2301 1058 2368 sponte
1076 2287 1213 2350 infensam
1233 2290 1303 2349 luisse

197 2363 329 2438 Christo,
353 2367 403 2428 sed
425 2363 492 2424 durii
511 2364 676 2444 obsequium
695 2385 775 2425 suuni
798 2363 924 2424 venditat
945 2365 1146 2436 sacerdoribus,
1174 2377 1232 2426 tam
1251 2385 1302 2425 on·

195 2441 239 2502 nis
256 2443 402 2578 aequitatis
421 2454 450 2502 et
461 2441 615 2534 modestiae
631 2441 864 2532 ssllim‚P¹]⁰l¹l‚l³⁰
881 2439 976 2500 salutis
994 2441 1220 2534 luisselthitani.
1240 2441 1300 2529 llipc

195 2515 1300 2684 muttit?al{tittlttltttttltttgttfttssittlt„‘tlt

194 2667 931 2807 &iiiiiiflblir‘iioeiiiiii-„iiiiii
946 2669 1301 2808 tttl‘tltttt‘lh‘i
1356 2679 1357 2760 l

194 2817 270 2896 quod
282 2805 345 2908 ipse
358 2764 464 2898 1hpiiisim
484 2840 584 2880 exosus
603 2820 693 2898 foret,
715 2823 764 2884 sed
787 2823 850 2902 quia
872 2825 961 2886 maior
982 2769 1124 2902 parspsnis
1145 2793 1300 2904 praesidibus

194 2891 340 2986 ambitiqse
357 2915 467 2986 piorem
487 2915 588 2978 gerere
608 2896 739 2976 cupiens,
756 2898 917 2978 posthabito
933 2919 965 2958 ae
986 2899 1077 2994 uiptis
1097 2913 1238 2979 respectu,
1254 2897 1300 2957 liu·
1356 2943 1357 2958 ι

194 2991 278 3054 guam
296 2992 398 3053 impiae
407 2974 794 3108 prucorum-conspirationi
812 2975 889 3055 qussi
904 2919 1031 3037 venalem
1049 2976 1159 3037 addixit.

269 3050 316 3110 22.
349 3050 408 3127 Oui
446 3053 542 3129 igitur
553 3049 677 3125 sociem
694 3053 782 3110 Iesu?
819 3051 882 3188 Sui
905 3051 956 3113 ,sic
974 3053 1093 3132 amentia
1113 3053 1190 3114 videt
1209 3069 1297 3112 excoe-

157 3141 168 3157 “
194 3134 271 3185 citos
291 3125 409 3200 Pilatus,
438 3138 471 3185 ut
494 3145 557 3186 cum
581 3126 702 3189 maximo
725 3125 818 3190 suod
855 3149 888 3187 ec
923 3117 1094 3206 elatrooem
1111 3149 1127 3190 e
1146 3142 1235 3189 morte
1252 3123 1298 3186 eii-
1356 3157 1357 3182 ;

191 3218 261 3278 pere
279 3221 339 3262 non
358 3202 501 3278 dubitent,
520 3201 574 3263 alio
594 3203 710 3264 artilicio
729 3223 779 3264 eos
800 3225 819 3283 p
841 3223 933 3298 ogere
947 3217 1079 3278 conatur,
1104 3217 1137 3264 ut
1155 3206 1189 3265 ad
1209 3203 1296 3266 sanita-
1356 3217 1357 3270 l

103 3351 106 3358 Ι
192 3285 251 3335 tein
269 3290 398 3339 revocet:
417 3301 520 3361 nempe
537 3279 613 3360 'quod
633 3301 709 3343 mors
733 3227 839 3342 Chitsll
860 3281 1041 3364 ignominiam
1060 3281 1125 3362 ipsis
1142 3282 1247 3356 inuret,
1267 3295 1296 3336 ιο
1356 3289 1357 3296 ’

150 3395 156 3414 .
190 3349 272 3486 quod.
285 3352 398 3435 vulgata
422 3369 495 3416 esset
518 3356 590 3416 lama
612 3357 647 3416 de
669 3357 750 3429 lesu,
778 3359 869 3436 ipsum
893 3359 1004 3440 liegem
1028 3369 1059 3419 et
1078 3359 1218 3420 Christum
1238 3373 1295 3416 esse.
1356 3407 1357 3446 ,

219 3425 259 3488 cii
276 3425 398 3504 dixisset,
427 3433 459 3492 si
478 3453 530 3493 vos
548 3432 675 3493 hominis
696 3453 755 3492 iion
776 3431 904 3508 miseret,
924 3433 1028 3506 'salt'em
1052 3434 1189 3496 consulite
1208 3427 1297 3494 honori
1356 3459 1357 3480 ι

189 3511 297 3592 v'estro:
316 3503 378 3582 quia
399 3507 456 3567 eius
475 3509 613 3588 supplicio
631 3509 675 3568 vul
698 3529 715 3567 o
734 3507 1021 3587 putabunteitranei,
1038 3531 1090 3572 vos
1109 3531 1206 3581 ornnes
1225 3509 1297 3570 luisse
1356 3493 1357 3588 l

189 3589 344 3661 castigatos.
383 3581 477 3662 Atque
495 3607 534 3645 ne
555 3586 612 3645 lioc
628 3530 739 3666 quiiem
762 3583 848 3649 modo
864 3605 886 3646 's
938 3585 1052 3664 tus-init
1070 3587 1199 3649 saevitiae
1217 3587 1295 3653 ardor,

188 3654 257 3735 quin
275 3670 428 3793 qergerent
447 3660 499 3720 sihi
517 3661 630 3740 publice
648 3661 736 3742 magis
758 3679 819 3722 esse
844 3661 891 3720 inii
940 3663 948 3722 l
970 3685 1051 3743 quam
1074 3663 1201 3743 privatim
1216 3658 1296 3724 Chri·

188 3743 243 3792 sto.
298 3734 352 3796 deo
370 3736 443 3814 apud
462 3739 603 3812 Marcum,
624 3738 790 3817 queaeritis
809 3750 916 3822 pungat
935 3755 984 3800 eos
1002 3739 1119 3813 Pilatus,
1138 3739 1207 3800 dicit
1224 3737 1294 3800 etiam

187 3807 306 3890 ah-ipsis
326 3811 421 3872 lesum
439 3811 537 3874 vocari
552 3817 678 3898 Regem,
697 3813 870 3897 significaris,
895 3812 1007 3876 titulum
1020 3803 1105 3876 hunc·
1120 3815 1237 3952 wilde
1256 3832 1295 3900 ce3

186 3882 292 3945 lehrem
316 3907 390 3962 esse,
418 3890 474 3950 acsi
496 3891 628 3952 usitatum
655 3903 728 3956 esset
749 3895 923 3973 ‘cognomen
954 3891 1061 3974 ¹lltqui
1090 3891 1169 3954 abrec
1228 3907 1294 3951 omni

185 3961 293 4049 pudore
307 3965 491 4054 pertinaciter
508 3979 613 4050 urgent
637 3967 742 4028 Christi
759 3986 873 4042 necem,
898 3989 968 4048 qeins
991 3989 1087 4030 secum
1101 3967 1195 4031 'totius
1214 3962 1292 4052 gentis

183 4036 367 4112 ignominiam
385 4042 543 4103 ‘trahebat'
563 4043 657 4122 ¹llpud
679 4043 819 4112 Ioannem
848 4045 1012 4123 exprimitur
1032 4045 1203 4124 responsio„
1223 4059 1291 4124 quan

85 4119 87 4128 '
183 4119 240 4168 ires
259 4115 348 4171 nostri
367 4113 521 4182 suh'ticent':
545 4137 650 4194 nempe
667 4121 778 4200 Regem
797 4117 974 4181 illismullum
993 4142 1053 4182 esse
1069 4119 1181 4200 praeter
1204 4121 1292 4188 Caett·

152 4225 157 4231 .
183 4199 252 4240 rem.
291 4186 333 4246 Ite
352 4209 404 4278 spe
422 4192 574 4270 promissae
592 4193 646 4252 silii
663 4193 865 4271 redemptionis
885 4196 989 4276 privari
1007 4197 1122 4268 rorluut,
1141 4209 1170 4256 et
1189 4196 1219 4256 in
1235 4213 1291 4275 per·

132 4327 143 4354 χ
182 4264 474 4402 ξώᾚῖἓειιιιιιῐειιι
491 4267 589 4342 addici,
609 4289 692 4346 quam
712 4267 837 4382 oblitum
853 4269 907 4370 ollii
927 4272 1060 4335 divinitus
1072 4271 1289 4356 iisdempmrem
1356 4347 1357 4404 q

117 4505 120 4515 ι
236 4507 245 4546 q
326 4501 334 4519 d
384 4491 389 4499 ¹

239 4581 243 4600 t

1075 4429 1078 4436 .
1124 4407 1129 4424 ’
1232 4432 1234 4436 .
1356 4413 1357 4432 ι

1078 4481 1082 4488 ,
1278 4473 1284 4482 .

1016 4527 1019 4535 .

1130 4574 1136 4591 Ι
1289 4587 1293 4601 ,

1156 4733 1160 4748 Ι
1221 4749 1225 4758 Ι
1356 4737 1357 4744 ι
