2790 4764
570 109 577 150 i

432 248 513 327 (155.
554 246 654 312 latobi
672 261 704 312 et
722 248 838 312 loannis
857 247 954 326 selus.)
1206 256 1261 317 lhl

123 423 188 471 nee
201 397 355 491 dequitur
375 423 450 470 uos:
469 413 500 468 et
521 400 746 491 prohibuimus
768 401 868 484 illum,
888 411 1060 496 propterea
1080 401 1171 490 quod
1191 425 1260 472 nnn

97 555 100 562 .
125 509 273 594 sequitur
288 521 360 586 nos·
391 505 442 572 39.
463 507 553 578 iesus
575 515 678 572 antem
700 508 754 582 ait,
775 507 828 572 Ne
845 505 1043 594 prohibeatis
1063 505 1167 574 illum:
1189 507 1261 574 ohl-

125 609 179 674 lus
201 611 286 676 enim
308 605 463 696 est,'qui,
491 609 519 676 si
541 609 687 679 virtutem
708 611 821 677 iecerit
841 613 876 676 in
898 611 1028 676 nuntius
1049 631 1136 690 meo,
1156 613 1260 698 possit

126 712 192 778 sito
220 711 417 798 maleloqui
445 710 486 789 de
509 731 570 794 me.
603 699 666 780 'tu
699 711 766 804 Qui
800 715 885 790 euim
918 733 986 778 nou
1020 723 1069 780 est
1100 713 1258 782 adversus

126 834 196 894 nos,
215 837 278 902 pro
299 813 396 898 nubis
420 823 476 900 est,
541 813 579 878 X.
624 813 653 880 1.
674 805 720 880 nt
737 837 835 906 quum
856 813 932 880 inde
953 817 1150 900 surrexisset,
1170 819 1260 884 veuit

126 918 161 984 in
180 914 264 996 lines
284 915 420 991 iudaeae
439 938 498 1006 per
518 918 694 1002 regionem,
716 939 799 1004 quae
819 927 867 982 est
887 927 975 996 trans
996 915 1172 992 Iordanem.
1214 920 1259 990 Et

125 1021 319 1092 conveniunt
333 1003 476 1086 xrursum
506 1017 621 1090 turbae
648 1017 691 1096 ad
716 1017 825 1098 idum,
860 1028 892 1095 et
925 1019 1009 1092 siout
1036 1032 1257 1104 unusnererat,

121 1143 248 1202 rursum
269 1119 414 1201 docebat*
432 1143 497 1205 eas,
574 1197 580 1208 ,
637 1110 639 1117 ’

206 1269 310 1398 tuh.
333 1287 388 1391 lX.
438 1326 492 1390 ts.
520 1281 737 1413 Respondeas
759 1319 862 1388 autem
883 1323 1021 1391 loannes
1037 1323 1134 1405 dixit,
1163 1325 1257 1391 Prae-

7 1415 8 1418 *
98 1414 250 1518 nepteo,
274 1427 416 1502 uidimus
438 1423 598 1514 quertdam
624 1420 724 1519 super
749 1425 881 1506 numine
906 1437 963 1494 tuo
985 1429 1162 1504 elicientem
1184 1425 1258 1492 dae-
1293 1439 1298 1458 ·

115 1531 245 1607 anomia,
281 1537 314 1594 et
339 1526 562 1620 prohibuimus
590 1553 676 1608 eum,
711 1531 881 1624 quianon
907 1533 1052 1619 sequitur
1078 1529 1257 1606 nobiseum.

117 1633 175 1698 50.
202 1632 246 1696 Et
271 1632 316 1694 ait
341 1629 383 1697 ad
408 1629 500 1705 illum
526 1631 630 1712 lesus,
656 1631 767 1712 Nolite
787 1630 973 1720 probibere:
1004 1635 1061 1722 qui
1082 1637 1168 1702 enim
1188 1653 1258 1704 uon

120 1744 173 1802 est
188 1731 364 1808 ,aduersum
385 1755 457 1815 nos,
476 1732 649 1824 pronubis
666 1745 722 1801 est.
758 1723 811 1802 bl.
832 1735 963 1804 Factum
982 1725 1030 1804 esi
1044 1747 1167 1820 autem„
1180 1733 1257 1816 dum
1328 1812 1335 1828 .

117 1834 359 1922 complerentur
375 1835 445 1914 dies
462 1839 688 1928 assumptionis
703 1835 784 1917 eius,
806 1847 839 1906 et
859 1841 930 1933 ipse
951 1829 1065 1916 faeiem
1085 1861 1175 1910 suant
1193 1837 1256 1912 eb·

32 1937 35 1946 '
117 1939 315 2018 firmaverat,
336 1949 371 2014 nt
391 1941 452 2014 iret
472 1940 743 2030 Hierosolymam.
786 1941 840 2008 52.
862 1939 904 2008 Et
923 1945 1006 2011 misit
1025 1946 1159 2012 nuntios
1181 1951 1256 2017 ente

119 2050 457 2130 conspeetumsuum,
487 2053 520 2111 et
546 2056 658 2113 euntes
683 2045 882 2118 intraverunt
905 2047 940 2112 in
964 2043 1120 2136 oppidum
1146 2045 1256 2122 Sema-

120 2148 306 2224 ritauerum,
328 2155 364 2220 nt
379 2156 529 2233 pararent
545 2145 610 2214 illi:
641 2145 696 2212 53.
717 2146 762 2214 Et
780 2136 1157 2238 nuu'rdeeperunteum,
1179 2149 1256 2236 quia

119 2247 219 2314 iacies
245 2248 315 2314 eius
342 2257 410 2314 erat
435 2250 541 2317 euntis
567 2247 838 2335 Hierosolymam.
886 2250 939 2314 hl.
968 2252 1082 2337 Quum
1099 2249 1256 2314 vidissent

120 2359 226 2424 autem
253 2349 404 2440 discipuli
431 2353 502 2428 eius
523 2335 664 2426 lacobus
686 2359 719 2416 et
738 2351 892 2432 loannes,
918 2350 1080 2429 dixerunt,
1106 2346 1255 2442 Domine,

119 2453 351 2532 vindicamus,
377 2461 415 2517 ut
438 2453 522 2540 ignis
550 2447 726 2526 descendat
752 2475 771 2530 e
797 2450 905 2530 coelo,
931 2461 963 2520 et
985 2459 1151 2532 consumat
1170 2450 1255 2535 illos,

120 2551 390 2640 quemadmodum
412 2563 445 2619 et
464 2545 553 2626 Elias
574 2553 668 2618 leuitt
711 2551 769 2619 hh.
802 2551 993 2620 Conversus
1021 2562 1126 2626 eutem
1153 2553 1255 2633 lesus,

120 2653 403 2740 increpantibus,
425 2643 545 2734 dicens,
566 2653 706 2726 Nescitis
728 2655 820 2723 euius
842 2655 976 2743 spiritus
998 2657 1074 2734 estis
1098 2677 1168 2725 vos
1199 2655 1253 2728 56.

119 2757 225 2824 Filius
253 2758 338 2824 enim
365 2756 503 2839 hominis
527 2779 596 2826 non
624 2759 712 2824 venit
737 2755 780 2826 ad
806 2757 989 2846 perdendas
1008 2761 1128 2830 anitum
1149 2759 1255 2840 homi·
1387 2755 1388 2758 ’

109 2878 213 2943 num,
239 2859 299 2938 sed
320 2859 503 2946 servandas.
551 2862 594 2936 Et
614 2859 764 2936 abierunt
784 2861 820 2929 in
840 2859 930 2935 aliud
951 2861 1127 2948 castellum,

194 3069 285 3128 Mare.
303 3069 351 3131 38
389 3065 578 3148 Praeceptor,
596 3067 726 3140 vidimus
743 3069 900 3148 quendem.
937 3066 1016 3146 Hine
1033 3075 1158 3154 apparet,
1178 3065 1253 3140 cele-
1336 3040 1338 3044 Ι

119 3145 172 3208 bre
187 3143 247 3204 iam
265 3156 333 3216 tuuc
351 3143 436 3204 inisse
456 3142 564 3211 Christi
580 3163 697 3220 nomen,
717 3154 751 3204 ut
770 3165 806 3210 eu
824 3144 868 3206 usi
885 3143 951 3219 sint,
992 3143 1021 3204 ui
1038 3162 1100 3203 non
1119 3152 1200 3206 mant
1218 3163 1253 3204 ex
1386 3207 1387 3210 ,

119 3218 297 3282 familiaribus
317 3219 375 3280 eius
394 3218 544 3312 discipulis,
558 3217 605 3281 vel
624 3218 699 3280 forte
717 3221 800 3281 etiarn
819 3219 911 3282 abusis
928 3165 996 3279 nith
1010 3217 1087 3280 enim
1101 3237 1156 3354 pro
1171 3223 1271 3283 certo

1121 3293 1182 3367 nisti
1193 3285 1253 3356 'du-

119 3307 245 3368 a'sssrere
263 3296 361 3362 ausim.
399 3295 476 3362 Fieri
493 3295 589 3377 potest
607 3306 640 3354 ut
658 3295 717 3371 hic,
741 3298 777 3357 de
796 3317 853 3376 quo
872 3296 904 3356 ht
925 3294 1049 3370 mentio,
1074 3292 1099 3355 C

120 3373 240 3434 etrioam
259 3371 402 3456 amplexus
421 3392 482 3432 non
494 3370 579 3432 ,malo
598 3372 691 3432 annno
711 3372 746 3432 ad
764 3372 871 3434 edenda
890 3367 1071 3432 miraculose
1089 3369 1252 3446 contaderit,
1347 3437 1355 3449 ,

120 3449 171 3512 sed
188 3448 253 3530 quia
270 3469 331 3510 nen
349 3448 405 3510 ni'si
422 3448 543 3516 selectus
562 3443 708 3532 Evangelii
731 3447 774 3511 sui
796 3467 951 3530 praecones
974 3447 1025 3509 bae
1048 3445 1179 3520 latinitate
1202 3469 1253 3508 or-

120 3526 201 3590 narit
219 3523 373 3606 Christus,
388 3537 500 3590 temere
521 3524 556 3586 ab
581 3523 630 3586 illo
654 3535 814 3606 susceptum
832 3522 880 3586 vel
895 3524 990 3605 patim
1005 3535 1149 3608 arreptum
1166 3522 1253 3584 luisse

120 3602 176 3664 hoc
204 3623 308 3662 munus
331 3601 464 3662 arbitror.
511 3599 681 3693 Quanquam
708 3612 802 3663 autem
828 3613 1012 3684 praepostere
1037 3600 1094 3681 bue
1121 3597 1251 3671 tentarit,

120 3751 213 3828 carnut
229 3754 370 3843 audaeia,
383 3755 448 3845 quia
466 3753 593 3816 Domino
612 3753 717 3836 placuit
734 3753 790 3815 hoc
809 3773 923 3834 quoqne
940 3757 1027 3830 modu
1037 3751 1151 3815 ¹nomen
1169 3769 1251 3810 suurn

119 3830 270 3890 illustrare:
289 3841 371 3890 srcuu
389 3823 534 3892 interdum
573 3851 672 3907 erens
692 3841 834 3912 operatur,
854 3852 975 3910 quorum
990 3827 1177 3892 ministerium
1190 3843 1251 3882 non
1372 3895 1374 3902 Ι

119 3905 225 3986 probat
243 3904 319 3995 quasi
336 3902 503 3996 legitimum.
575 3908 594 3968 d
612 3906 682 3968 baec
703 3906 772 3982 pihil
791 3905 899 3983 obstat,
922 3908 1072 3990 queminus
1088 3903 1143 3970 fide
1162 3898 1251 3982 parti-

122 3979 210 4043 culari
228 4001 364 4072 quispiam
386 3981 507 4043 imbutus
530 4003 648 4058 eoscum
670 3983 838 4068 impetimus
910 3995 969 4044 tur:
997 3979 1141 4068 atquem
1163 3997 1195 4036 se
1216 3976 1251 4036 ad
1330 4047 1334 4058 .

74 4093 78 4102 ·
122 4057 231 4118 menda
249 4055 383 4118 miracula
401 4058 577 4140 praecipitet.
605 4061 699 4121 Venio
717 4079 794 4123 nnnc
813 4060 848 4120 ad
880 4079 1003 4122 oannem
1022 4067 1052 4124 ei
1070 4073 1129 4114 0¹1ss
1147 4051 1250 4142 800398·

120 4133 278 4196 Henainem
297 4133 332 4194 ab
353 4131 467 4196 edendis
485 4133 625 4200 miraetdis
643 4157 675 4197 se
692 4135 871 4226 prohibuisse
888 4135 995 4196 dicunt.
1025 4131 1087 4192 Cur
1099 4147 1158 4190 non
1174 4149 1251 4219 prens

118 4210 275 4303 rpgahant,
298 4209 404 4301 ⁸liceret
421 4208 531 4286 necnei
560 4233 636 4304 nepe
655 4233 731 4302 emm
750 4210 827 4282 dubii
847 4223 877 4299 et
895 4207 1020 4296 suspensi
1038 4203 1163 4339 mapistri
1180 4206 1252 4294 iudr3

122 4307 197 4349 cmm
225 4299 383 4369 requirunt.
419 4286 506 4348 Unde
533 4300 673 4367 sequntur,
702 4309 745 4348 rus
773 4284 948 4368 prohibenda⁸
971 4301 1080 4368 repense
1100 4291 1176 4341 erate
1199 4279 1253 4366 suba

122 4365 279 4448 sumpsisse.
313 4363 429 4442 ,Quare
446 4364 615 4426 tenuitatis
632 4361 881 4432 demandasset,
902 4373 1024 4433 quisque
1041 4351 1104 4433 plus
1122 4353 1254 4484 aggrede-

5 3725 6 3728 .
120 3679 197 3759 qnod
215 3676 366 3758 discipulos
385 3677 447 3740 sine
465 3677 597 3738 mandato
616 3677 720 3750 imitari
738 3699 820 3740 ausas
836 3687 895 3752 est,
920 3699 1049 3741 successu
1070 3690 1168 3740 tamen
1190 3693 1259 3750 nen,
1385 3715 1386 3746 ;

1383 4189 1385 4320 l
