2830 4772
370 247 453 326 (ist.
494 244 624 309 Christus
643 264 659 305 a
678 242 798 322 muliere
816 245 961 331 ungitur.)
1173 247 1231 309 &ll
1315 234 1320 247 ⁸

95 397 243 458 coenasse.
284 395 373 492 Quoil
398 411 492 460 autern
517 395 640 457 loannes
663 391 749 476 (licit,
780 409 883 487 unctos
901 393 994 488 ‘leuse‘
1014 393 1113 476 peiles,
1138 397 1231 459 nostri

95 472 603 612 ⁸⁰²⁰'iiiill‘laiieiiiuliiii
621 475 1232 611 tttffllllinlt'ltlt‘ttffil

95 567 192 715 :elliam
212 573 307 705 essetl³
327 629 461 720 loannes,
490 573 672 707 sllnplificandi
691 569 783 698 elissa,
807 626 893 705 peiles
915 627 991 707 ipsus
1012 571 1120 708 simiel
1143 624 1230 718 luisse
1268 697 1271 704 Ι

95 695 1264 870 {usstiurei‘inuictumtununensis.

95 867 179 912 uisse.
219 858 299 942 largo
325 857 379 918 hoc
398 857 485 917 ‘lixum
508 866 635 929 maneat,
666 854 782 956 candent
804 853 839 914 ab
859 857 990 914 omuibus
1015 855 1157 964 historiam
1180 875 1227 917 re·

10 965 12 974 i
95 924 178 988 fetri.

10 1063 12 1068 ,
173 1009 203 1071 8.
226 1011 372 1072 Videntur
391 1010 540 1088 discipuli.
579 1005 646 1066 Hoc
688 1026 783 1086 unque
804 1003 995 1088 Evangelistis
1013 1021 1076 1064 non
1092 1018 1131 1067 est
1149 1007 1227 1069 insui

95 1076 198 1170 litum,
226 1087 304 1166 quoil
325 1087 359 1146 ab
385 1105 445 1145 uno
472 1096 590 1174 auctore
610 1027 776 1218 prolectum
795 1095 855 1156 est,
883 1081 1010 1218 pluribus
1034 1080 1173 1172 trilsuerc,
1203 1083 1227 1144 si

96 1155 210 1220 illorum
237 1182 391 1224 consensus
414 1171 570 1222 accesserit.
601 1178 732 1243 ¹oannes
757 1161 862 1219 aluiln
897 1158 991 1218 ahristi
1011 1155 1158 1236 proditore
1180 1177 1227 1218 or·

94 1243 159 1294 lum
178 1236 267 1302 tuisse
284 1261 414 1298 murmur
431 1237 515 1311 dicit,
541 1237 699 1309 Matthaeus
718 1249 747 1295 et
766 1238 877 1296 Marcus
894 1231 1047 1314 discipulus
1068 1251 1168 1294 omues
1187 1234 1226 1294 si-

94 1310 156 1370 mul
176 1335 242 1375 cuni
265 1335 302 1376 eo
326 1314 488 1375 involvunt:
517 1331 621 1390 nempe
645 1313 710 1392 quia
733 1331 819 1370 nemo
843 1333 878 1372 eii
901 1311 960 1373 eliis
983 1310 1151 1389 obstrepere
1174 1330 1227 1370 un·

10 1425 11 1432 1
95 1405 182 1464 quain
205 1411 289 1452 ausus
309 1390 422 1464 luisset,
446 1388 500 1450 nisi
518 1388 602 1468 impla
625 1389 710 1448 Indae
729 1387 898 1448 obtrectatio
917 1387 1005 1448 instar
1023 1385 1091 1446 lacis
1112 1406 1161 1447 eos
1179 1407 1228 1447 ac-

53 1500 59 1508 *
95 1465 249 1550 pendisset.
289 1467 350 1559 Ubi
364 1477 457 1526 autem
476 1464 605 1544 specioso
624 1464 722 1555 colore
740 1464 835 1556 coepit
844 1463 891 1524 ille
909 1464 1041 1524 damnare
1059 1462 1228 1544 superfluam

10 1689 11 1698 Ν
95 1539 1239 1752 Ξὶἓὶἒῗῖἔὶῗῖῗ’(,ιῖἓῒίἒιῗηί111ἒῖ3ιῖ3ει”ῗῗξ’ξιξὲεΫὲ’ἰὶηιὲῗίἔέῗιἷέἑῖιῑξ.“ἰ’1ἑ’.ῗι

95 1689 147 1768 qui
171 1705 276 1786 natura
299 1696 382 1786 pequi
414 1705 480 1756 suut
505 1703 535 1752 et
559 1693 668 1784 caniliili
692 1705 723 1753 et
746 1691 879 1782 modesti,
901 1692 964 1782 pisi
992 1713 1030 1782 pr·
1065 1701 1147 1782 enter
1173 1689 1228 1781 sibi

96 1771 691 1923 tttttlf'ttttttlt‘tlt'lt
707 1767 1228 1906 lttti‘lntqtttill?elil}

96 1929 157 1982 tate
176 1924 265 1985 luilae
283 1923 433 2018 implicuit,
450 1923 516 2004 quid
535 1869 761 1997 nobispnceidet,
801 1921 824 1982 si
838 1941 1034 2012 susurrones,
1056 1919 1159 2058 puibus
1178 1929 1227 1982 re-'

81 2008 146 2058 *cte
169 1999 245 2061 lacta
264 2000 385 2083 maligne
404 2023 451 2064 cer
471 2021 519 2062 ere
544 1999 673 2061 sollenne
696 2011 753 2071 est,
778 1997 863 2058 nimia
886 1997 1017 2058 facilitate
1040 2019 1054 2056 a
1075 1997 1226 2088 mitumusl

97 2071 202 2138 Altera
220 2077 303 2138 etiam
326 2078 391 2138 hinc
410 2023 504 2160 colligi
528 2077 614 2137 debet
632 2075 801 2148 admonitio,
826 2095 863 2134 ne
885 2085 1225 2154 temere-pronunueuiiis

98 2149 189 2213 ilere
210 2155 352 2218 nonsatis
372 2165 525 2236 comperta.
558 2153 709 2232 Arripiunt
726 2149 866 2232 discipuli,
900 2149 1015 2229 qund'a
1034 2149 1100 2208 luda
1120 2149 1226 2210 dictum
1295 2167 1298 2178 ¹
1404 2195 1405 2234 ,

98 2238 158 2288 est:
186 2243 216 2292 et
255 2231 298 2290 uia
318 2241 467 2314 praetextu
483 2249 543 2290 non
569 2241 659 2303 caret,
686 2227 817 2287 iudiciuin
841 2225 912 2286 male
935 2225 1145 2306 praecipitant·
1168 2225 1227 2286 Ata

99 2303 150 2382 qui
175 2308 245 2369 dece
267 2321 293 2367 at
327 2306 443 2388 propius
462 2306 618 2386 inquirere,
648 2325 684 2364 an
703 2303 923 2382 reprehensione
947 2303 1064 2384 dignuin
1089 2313 1161 2361 esset
1185 2301 1227 2362 lii-

101 2391 194 2442 ctum:
227 2383 390 2463 praesertim
411 2405 495 2464 quuni
515 2386 624 2445 adesset
638 2381 790 2462 magister,
821 2379 900 2443 cuius
924 2381 1053 2440 siendum
1074 2389 1140 2438 erat*
1156 2377 1228 2438 iudi,

9 2473 11 2480 ’
100 2456 158 2516 ein.
197 2461 323 2520 Sciamus
342 2479 427 2540 ergo,
447 2473 629 2541 praepostere
650 2455 724 2538 ferri,
737 2455 905 2516 sententiam
929 2455 981 2516 nisi
1000 2455 1154 2536 praeeunte
1173 2453 1228 2514 Dei

100 2533 209 2595 verbo:
232 2539 296 2615 quia
317 2555 402 2596 nemo
427 2546 555 2596 nostruin
580 2538 626 2613 (ut
648 2535 733 2593 docet
757 2531 873 2604 Paulus)
897 2531 949 2592 sibi
972 2532 1042 2593 vivit
1066 2543 1115 2590 aut
1138 2530 1227 2591 mnri-

12 2653 15 2672 i
100 2615 162 2682 tur,
189 2611 238 2671 seil
258 2631 357 2672 omnes
383 2611 443 2672 sisti
466 2624 581 2748 oportet
602 2611 636 2670 ad
657 2608 764 2670 Christi
786 2606 920 2683 tribunal,
946 2608 998 2668 ubi·
1012 2607 1153 2668 reddenda
1172 2605 1228 2668 erit

100 2683 174 2746 ratio
194 2687 294 2763 (linui.
315 2691 365 2763 lt,
390 2691 435 2750 10.
464 2689 592 2750 I.Cor.
612 2691 645 2761 5,
665 2685 736 2760 lu).
776 2685 861 2761 Quen
882 2705 944 2744 iiam
966 2697 1062 2744 autem
1084 2683 1159 2748 iuter
1177 2684 1227 2747 Iu·
1337 2719 1342 2739 i

100 2760 166 2821 dnm
186 2774 216 2823 et
234 2762 356 2844 reliquos
375 2785 507 2845 mugitum
530 2766 584 2825 suit
607 2762 770 2837 discrimen,
800 2783 836 2842 qn
901 2761 948 2821 ille
972 2759 1077 2842 perfide
1116 2759 1227 2821 lausibi·

98 2833 160 2898 lem
185 2838 282 2900 liiciini
306 2839 381 2902 lusto
401 2861 453 2901 suo
473 2841 640 2915 obduceret,
665 2837 734 2899 alios
758 2850 850 2898 autem
875 2837 1032 2920 impelleret
1053 2781 1137 2926 stulta
1159 2836 1227 2898 sini-

99 2913 224 2993 plicitas,
246 2916 371 2978 videmus
389 2928 498 2994 tamen,
523 2929 557 2979 nt
575 2918 650 2998 ipsos
669 2933 686 2978 t
705 2913 818 2976 Christo
838 2914 976 2976 abductos
996 2933 1046 2975 sua
1064 2913 1227 2994 impruden·

100 2990 140 3053 tie
158 2993 246 3054 Iudae
264 2991 446 3073 copulaverit.
940 3009 943 3018 ’
976 3011 979 3018 ·
1208 2997 1211 3004 ’

178 3073 225 3133 10.
251 3071 333 3149 Quid
352 3073 470 3130 molesti·
492 3074 575 3130 estis.
614 3069 723 3215 Miriz
748 3079 803 3143 est,
828 3087 879 3128 cur
902 3039 1046 3140 Christus,
1069 3063 1147 3126 cuius
1167 3075 1227 3126 tute
1284 3069 1288 3078 ‘

658 3168 701 3237 g.

9 3181 11 3188 =
101 3144 158 3207 viu
177 3147 378 3228 temperantiae
397 3157 426 3207 et
442 3147 607 3230 frugalitatis
626 3167 657 3207 re
741 3144 795 3204 luit
815 3155 845 3204 et
862 3143 1021 3224 exemplar,
1044 3139 1226 3203 immodicum

101 3235 244 3304 sumptum
266 3245 343 3284 nnnc
368 3223 484 3304 probet,
555 3244 600 3283 ein
626 3219 702 3282 luxui
726 3231 755 3280 et
777 3220 956 3312 supervacuis
983 3215 1088 3278 deliciis
1111 3217 1226 3282 aflinetu

101 3296 219 3368 fuisses
241 3313 327 3380 paret.
348 3301 406 3361 Seil
424 3312 513 3362 notan
534 3323 580 3360 uin
600 3311 643 3360 e'st
661 3296 833 3360 detensionis
853 3313 955 3378 genus,
974 3313 1032 3374 qun
1045 3295 1153 3372 utitur:
1172 3315 1226 3356 ue-

122 3393 158 3432 ue
182 3321 260 3436 enlm*
281 3377 428 3437 mulierem
451 3376 655 3438 resistenter
682 3373 860 3458 pronuntiat,
912 3371 971 3432 nasi
999 3371 1074 3452 iilem
1099 3372 1226 3451 quotidie
1256 3395 1262 3424 i

101 3392 165 3508 leri
184 3451 261 3511 velit:
285 3455 333 3514 sed
352 3453 429 3533 qunil
447 3453 534 3516 semel
552 3453 587 3513 ab
607 3473 640 3512 ea
664 3450 768 3512 lectum
788 3461 861 3524 crat,
885 3394 951 3509 lleo
993 3457 1082 3508 iatum
1102 3469 1161 3511 esse
1179 3461 1225 3509 tea
1251 3455 1258 3467 “

102 3534 204 3601 statur,
223 3527 287 3620 quie
305 3531 345 3589 sic
365 3531 403 3591 ob
424 3531 522 3592 iustam
545 3551 655 3593 causain
675 3527 737 3588 fieri
756 3525 924 3606 oportuerit.
963 3467 1131 3618 {nunquan
1152 3545 1225 3609 erpo

102 3615 241 3681 unguenti
264 3625 345 3664 usum
368 3605 500 3668 Christus
524 3606 638 3667 minime
663 3624 680 3666 a
699 3615 825 3685 peteret,
850 3602 919 3662 liaec
944 3605 1040 3663 tantu
1062 3602 1103 3679 illi
1126 3606 1224 3676 unctio

101 3688 222 3812 propter
246 3679 491 3764 circumstantiam,
519 3683 612 3744 lacuit.
688 3682 741 3746 nde
766 3679 934 3761 colligimus,
967 3677 1116 3762 stipularis
1137 3697 1224 3758 quaes

121 3771 166 3812 am
185 3751 278 3814 ollicia
295 3755 435 3819 interilum
454 3703 568 3839 proliari
586 3761 665 3833 Deo,
701 3777 775 3838 quae
799 3769 893 3819 tamen
916 3755 946 3814 in
973 3753 1130 3836 exemplum
1150 3753 1224 3814 trahi

101 3847 163 3888 unu
181 3829 271 3890 decet.
310 3831 372 3894 Nec
397 3855 466 3896 vero
491 3835 606 3896 dubium
631 3847 688 3908 cst,
716 3835 784 3914 quin
808 3833 921 3898 occulto
944 3831 1064 3912 Spiritus
1088 3827 1223 3889 instinctu

102 3904 192 3966 Maria
210 3907 245 3969 ιὰ
264 3906 406 3972 Christum
423 3911 605 3992 unguendum
622 3909 786 3991 prosilierit:
802 3911 886 3972 sicut
899 3921 1011 3970 sertim
1030 3917 1088 3978 est,
1110 3905 1222 3986 quoties

101 3981 137 4042 eil
163 4003 233 4064 opus
254 3983 366 4063 aliquod
382 3987 635 4060 ⁸extraordinarium
663 3987 758 4064 vocati
780 3998 846 4050 suiit
868 3985 973 4057 sancti,
1004 3981 1118 4042 insolito
1141 3993 1222 4042 motu

101 4058 187 4122 luisse
204 4059 353 4154 impulsos,
375 4081 414 4123 ne
438 4061 504 4142 quid
522 4055 578 4123 nisi
594 4064 667 4124 duce
689 4075 719 4124 et
741 4075 854 4125 rectore
873 4065 938 4122 Deo
960 4057 1110 4128 tentiient,
1149 4055 1222 4117 Nul-

100 4133 159 4196 lum
178 4138 286 4198 exstitit
303 4139 475 4214 mandatum,
494 4140 569 4220 quod
580 4139 684 4202 Merite
702 4140 774 4200 banc
792 4139 959 4200 unctionem
978 4134 1147 4217 iniungeret,
1166 4153 1222 4194 nee

101 4230 168 4275 iane
190 4234 261 4296 opus
285 4213 339 4277 luit
360 4217 396 4278 ile
415 4229 504 4310 opere
531 4235 590 4276 uno
613 4216 706 4310 legens
728 4215 893 4308 praescribi:
924 4210 982 4272 seil
1004 4209 1069 4289 quie
1092 4209 1220 4272 coelestis

100 4291 212 4352 vocatio
231 4291 346 4354 unicum
365 4305 409 4356 eit
427 4307 481 4355 rite
498 4293 599 4377 agendi
616 4311 797 4386 principium,
818 4303 847 4351 et
865 4311 881 4349 a
899 4289 965 4348 Deo
983 4305 1028 4345 res
1048 4283 1125 4346 uitur
1141 4287 1221 4368 quies

100 4367 203 4444 quida
225 4388 257 4431 se
280 4369 348 4452 ipsis
369 4371 525 4455 suscipiunt
547 4371 690 4444 homiues,
718 4365 815 4430 attaiu
839 4362 959 4445 Spiritus
1047 4375 1142 4426 erneta
1165 4363 1219 4424 luit
1287 4449 1293 4464 Ι
1402 4399 1403 4468 ἶ
