2830 4772
283 221 503 308 .(179·-183.
541 171 626 280 Acris
644 216 859 312 pharisaeorum
876 189 1067 303 repiobatio.)
1150 243 1154 296 j
1197 225 1258 292 m

1209 314 1216 347 t

82 403 85 410 ’
121 356 205 440 mero
230 373 278 438 rel
304 370 454 436 universali
481 371 605 452 corpore
627 377 787 431 sermonem
810 367 920 434 baberi:
949 373 1184 454 quamadmodum
1207 373 1258 437 Ie-

120 455 206 528 saias‚
226 451 277 510 ubi
295 469 475 512 communem
493 447 586 532 gentis
604 447 749 509 interitum
769 448 919 528 praedixit,
939 448 1054 512 iubetur
1135 473 1181 514 em
1199 451 1257 514 Dei

120 529 201 590 inter
213 527 368 610 ‘discipulos
386 525 452 585 obsi
470 545 545 586 nare.
588 524 716 584 Sciamus
736 543 821 616 ergo,
844 524 954 604 quotics
973 527 1093 594 Iudaeos
1134 530 1257 610 criptura

119 604 211 668 ‘morti
229 615 360 668 aeternae
380 543 529 676 adiudicat,
549 599 799 736 reliquiasexcipr,
822 597 972 680 inquibus
989 604 1257 690 Dominusgratuia

121 693 171 743 tae
190 679 336 741 electionis
355 699 421 740 suae
440 698 521 740 causa
539 693 636 737 semen
654 675 746 754 aliquo
785 688 944 736 conservat
1097 735 1102 756 2
1217 700 1232 736 ,’

203 759 250 822 35:
297 757 339 817 [lt
357 759 458 815 ueniat
478 773 567 832 super
583 773 645 812 coe.
689 753 758 812 Non
776 751 862 812 modo
881 751 1003 814 detrahit
1019 753 1084 830 illis,
1108 757 1184 850 quod
1202 753 1258 818 sibi

124 833 196 894 filso
216 834 393 918 arrogabant,
413 831 461 892 sed
480 827 631 920 Prophetis
649 839 765 890 ornatos
784 826 870 890 inisse
888 829 1101 910 docctprorsus
1118 855 1147 894 m
1160 833 1256 896 diver·

113 933 187 973 sum
206 909 301 985 finem
320 929 358 970 ne
377 927 432 990 qua
450 917 525 968 aetas
547 905 676 966 immunis
696 905 822 966 essetab
842 905 942 986 impiae
961 905 1122 970 rebellionis
1139 909 1256 972 scelere.
1289 915 1296 925 “

117 988 199 1062 ¹Nam
222 1005 383 1068 pronomen
405 1007 458 1044 cos
482 979 653 1066 generaliter
676 989 766 1062 totam
790 993 905 1065 gentem
928 1004 945 1042 a
967 983 1057 1063 prima
1078 1005 1127 1045 sua
1144 987 1257 1068 origine

125 1061 339 1144 complectiturs
377 1061 411 1122 Si
432 1060 493 1140 quis
517 1057 645 1129 obiiciat,
667 1077 727 1122 non
748 1079 908 1141 congruere
930 1059 986 1122 Dei
1009 1059 1114 1120 iudicio
1136 1079 1257 1142 poenam

124 1141 162 1200 de
179 1151 290 1230 patrum
309 1137 474 1200 criminibus
494 1133 566 1218 exigi
585 1155 601 1192 a
621 1133 697 1207 filiis,
716 1133 746 1192 in
766 1145 901 1214 promptu
919 1134 1022 1200 solutio
1041 1147 1098 1196 est:
1116 1159 1209 1218 ¹quum
1226 1159 1258 1199 se

125 1215 165 1276 im
186 1231 210 1275 ra
229 1214 439 1295 conspiratione
458 1211 547 1271 simul·
559 1208 760 1292 implicuerint,
784 1229 843 1270 non
867 1211 972 1272 debere
990 1211 1139 1275 absurdum
1158 1213 1258 1290 videri,

124 1237 255 1363 silicus,
274 1289 464 1352 communiter
482 1307 581 1348 omnes
599 1283 727 1367 puniens,
746 1303 866 1366 poenam
885 1287 1150 1370 patribus·debitam
1169 1289 1200 1366 in
1218 1289 1258 1352 si-

125 1389 196 1428 num
215 1367 337 1427 filiorum
354 1363 471 1440 reliciat.
509 1363 587 1443 Iuste
611 1382 681 1444 ergo
705 1381 721 1424 a
744 1373 805 1422 tota
827 1377 928 1444 gente,
952 1385 1121 1446 quocunque
1144 1365 1258 1428 saeculo

123 1443 172 1506 alii
191 1455 275 1522 atque
293 1441 339 1502 alii
358 1439 490 1513 vixerint,
517 1439 645 1529 perpetui
664 1449 843 1518 contemptus
862 1439 985 1524 exigitur
999 1442 1090 1518 ratio,
1113 1453 1143 1504 ct
1164 1461 1258 1525 poena

125 1519 209 1582 simul
226 1517 377 1598 expetitur.
415 1517 488 1576 Nam
510 1525 592 1590 sicut¹
605 1514 683 1576 Deus
705 1512 793 1598 longo
816 1515 965 1596 patientiae
986 1539 1053 1578 suae
1070 1529 1174 1581 tenore
1194 1535 1258 1582 clun

125 1595 216 1656 totius
264 1591 342 1673 opuli
363 1589 466 1662 malitia
488 1601 652 1658 constanter
677 1590 806 1680 mutavit,
832 1591 872 1652 sic
894 1591 1054 1656 inflexibilis
1074 1595 1275 1678 pervicaciae(

127 1677 201 1753 quae
219 1613 260 1730 ad
273 1681 430 1730 extremum
448 1687 536 1746 usque
555 1665 681 1740 duravit,
708 1678 784 1728 totus
803 1665 924 1750 populus
942 1671 1043 1731 merito
1061 1693 1126 1734 reus
1145 1671 1259 1756 peragi·

125 1759 189 1808 tur:
202 1759 205 1764 '
220 1757 250 1806 et
267 1745 350 1807 sicuti
370 1765 405 1828 ex¹
423 1754 571 1824 compacto
589 1741 715 1834 singulae
732 1755 835 1804 aetates
852 1765 918 1806 suos
937 1745 1092 1882 Prophetas
1111 1759 1258 1824 necarunt,

126 1824 167 1919 itq
185 1821 219 1884 ad
239 1841 389 1884 commune
407 1819 540 1882 iudicium
557 1841 654 1888 rocam
671 1841 791 1900 aequum
810 1831 866 1896 est,
888 1841 921 1883 ac
940 1843 987 1884 cae
1007 1845 1037 1884 es
1056 1845 1168 1900 omnes,
1207 1846 1259 1886 uae
1322 1841 1325 1846 ·

127 1919 189 1962 uno
209 1919 349 1961 consensu
367 1909 491 1984 patratae
508 1907 582 1970 sunt,
601 1895 633 1956 in
651 1896 781 1958 omnibus
800 1896 943 1959 vindicari.
973 1901 1003 1958 A
1014 1905 1167 1983 sanguine·
1203 1903 1257 1964 tat

126 1975 255 2041 Tametsi
274 1974 426 2036 Abelnon
446 1995 462 2034 a
481 1973 591 2034 ludaeis
611 1973 719 2034 occisus
739 1985 791 2048 est,
811 1975 869 2035 eius
888 1985 982 2036 tamen
1001 1997 1102 2038 necem
1119 1977 1189 2059 ipsis'
1202 1979 1258 2042 im·

128 2052 209 2134 putat
230 2050 369 2124 Christus,
393 2049 456 2132 quia
475 2050 648 2130 intersipsos
668 2061 696 2110 et
716 2049 788 2111 Cain
807 2051 942 2133 quaedam
961 2061 1022 2112 erat
1039 2053 1187 2136 impietatis
1207 2075 1260 2116 co·

128 2125 241 2214 guatio‘:
267 2127 371 2222 alioqui
390 2145 451 2188 non
470 2128 617 2208 quadraret
634 2123 709 2206 quod
721 2125 805 2201 dicit,
821 2149 869 2188 san
912 2127 986 2188 'nem
1004 2129 1107 2190 iustum
1126 2131 1162 2191 ab
1178 2131 1259 2192 initio

129 2223 219 2286 usque
241 2206 339 2265 mundi
363 2199 484 2264 effusum
507 2223 523 2262 a
546 2203 730 2285 generatione
755 2203 815 2264 hac.
882 2205 928 2264 ain
949 2225 1018 2287 ergo
1037 2205 1142 2267 Iudaici
1161 2206 1259 2289 populi

130 2292 217 2364 caput
235 2303 268 2342 ac
286 2281 418 2364 princeps
436 2289 590 2366 auctorque
610 2278 752 2352 statuitur,
775 2277 851 2360 quia,
880 2301 914 2339 ex
933 2301 989 2362 quo
1009 2283 1165 2362 Prophetas
1181 2283 1260 2356 octi-

40 2379 44 2392 ·
123 2357 197 2419 *dere
217 2369 389 2438 coeperunt,
412 2355 596 2421 successerint
618 2353 647 2414 in
668 2355 726 2428 cius
747 2355 840 2414 locum
860 2356 938 2417 cuius
963 2357 1079 2418 fuerunt
1095 2359 1259 2420 imitatores.

128 2435 222 2496 Porro
242 2431 404 2494 Zachariam
417 2431 545 2491 nominat
563 2451 624 2490 non
641 2430 721 2510 quasix
736 2429 865 2491 ultimum
886 2444 1038 2514 martyrem
1057 2433 1261 2516 (nequelenirn

129 2521 199 2570 tunc
216 2509 302 2570 finem
325 2507 456 2568 fecerunt
477 2502 574 2565 Iudaei
593 2505 800 2585 Prophetarum
820 2508 963 2584 caedibus,
987 2506 1058 2589 quin³
1078 2513 1172 2590 potius
1194 2512 1261 2578 hine

131 2583 221 2646 crevit
237 2584 290 2644 illis
307 2583 419 2644 audacia
437 2593 470 2642 et
487 2581 582 2657 furor,
607 2593 636 2642 et
656 2582 703 2662 qui
721 2582 832 2663 sequuti
850 2595 916 2644 sunt
933 2585 1053 2664 posteri,
1082 2609 1143 2648 sese
1161 2589 1262 2672 ingur-

58 2658 64 2674 “
130 2658 257 2744 gitarunt
275 2659 411 2742 sanguine
429 2677 513 2739 quem
531 2669 625 2739 patres
642 2657 954 2740 tantumplibaverantb
973 2683 1068 2754 neque
1083 2663 1174 2726 etiam
1204 2665 1261 2728 uod

1 2759 2 2766 ¹
130 2757 209 2798 mors
228 2735 288 2796 eius
305 2735 392 2818 vulgo
411 2733 513 2798 notior·
527 2745 614 2810 esset,
639 2735 751 2796 amabi
775 2755 836 2796 eam
858 2753 936 2798 sacra
960 2739 1104 2820 Scriptura
1127 2687 1261 2820 celebrat,

130 2814 179 2875 sed
198 2809 249 2872 alia
266 2812 338 2872 ratio
358 2821 409 2886 est,
428 2831 508 2891 quae,
527 2831 612 2893 quum
631 2811 870 2876 animadversione
888 2813 973 2897 digna
990 2827 1070 2892 emet,
1090 2815 1260 2899 interpretes

129 2887 225 2950 latuit:
245 2889 319 2950 unde
336 2889 419 2950 etiam
438 2887 607 2963 factumest,
628 2899 659 2946 ot
676 2909 735 2948 non
751 2889 837 2950 modo
852 2887 1011 2952 hallucinati
1028 2893 1095 2968 sint,
1114 2895 1261 2956 sedetiam
1300 2957 1302 2961 Α

129 2965 250 3031 lectores
272 2959 463 3047 implicuerint
484 2951 601 3026 molesta
644 2965 797 3026 uaestione.
835 2965 939 3046 Lapsus
963 2968 1038 3028 enirn
1064 2970 1199 3032 memoria
1216 2969 1261 3030 vi·

129 3043 191 3104 deri
210 3055 307 3122 posset
326 3041 472 3114 Christus,
494 3042 561 3102 dum
581 2987 693 3102 caedem
713 3062 796 3103 mam
814 3055 952 3111 vetustam
970 3065 1197 3106 commemorans
1214 3045 1261 3106 in-

130 3135 275 3180 numeram
294 3139 385 3201 prope
403 3129 459 3179 stra
482 3139 540 3192 em,
564 3137 636 3197 quae
659 3130 758 3198 postea
779 3118 831 3180 sub
851 3119 979 3188 Manasse
1004 3121 1077 3182 iacta
1103 3133 1175 3194 est,=
1197 3143 1260 3184 rac-

129 3188 203 3256 terit⁴
228 3195 329 3276 Neque
347 3194 423 3268 enim
441 3137 480 3254 ad
493 3195 604 3274 tempus
622 3193 872 3286 transmigrationis
892 3210 1036 3258 cessarunt
1055 3199 1128 3278 apud
1140 3143 1275 3264 ludaeot¹

129 3271 230 3354 impiae
252 3281 419 3339 ‘sanctorum
445 3270 570 3332 virorum
599 3285 844 3351 persequutiones:
877 3270 935 3332 imo
966 3295 1051 3351 quum
1081 3275 1135 3335 iam
1161 3272 1260 3338 afflicti

131 3359 233 3423 essent,
250 3349 350 3410 scimus
388 3371 451 3408 uam
470 3347 629 3407 inmaniter
645 3345 676 3405 in
694 3349 1010 3410 Ieremiam'saevierint
1029 3352 1089 3426 (32,
1112 3352 1163 3428 L).
1202 3353 1261 3414 Ac.

130 3425 177 3505 qui
190 3425 254 3484 data
269 3445 356 3517 opera
368 3370 510 3485 boninus
528 3443 589 3482 non
608 3437 737 3485 recentes
756 3423 807 3484 illis
825 3420 923 3485 caedes
943 3427 1103 3507 exprobrat,
1122 3427 1171 3489 sed
1185 3427 1260 3492 hanc

130 3501 218 3582 magis
243 3513 384 3582 antiquam
404 3501 501 3596 deligit
525 3502 610 3578 (quae
634 3499 717 3560 etiam
739 3499 849 3561 initium
873 3513 903 3561 et
926 3503 1009 3584 origo
1032 3503 1086 3564 luit
1109 3505 1260 3568 sceleratae

68 3629 71 3634 .
127 3569 273 3650 licentiae,
297 3589 445 3661 utpostea
459 3599 492 3639 ¹m
512 3577 651 3637 effrenem
670 3577 861 3638 crudelitatem
882 3581 1090 3660 erumperent),
1116 3583 1180 3662 quia
1205 3583 1265 3642 boc

119 3651 190 3712 'eius
209 3653 356 3731 proposito
375 3656 463 3734 aptius
484 3667 551 3715 erat.
586 3655 659 3713 Nam
677 3653 749 3714 hanc
767 3651 878 3714 consilii.
894 3653 952 3715 cius
971 3679 1106 3718 summam
1125 3663 1186 3720 ess‘e
1204 3677 1259 3714 nu-

131 3745 182 3808 per
201 3727 328 3806 exposui,
349 3749 435 3809 quum
458 3751 528 3810 gens
546 3718 590 3789 illa
609 3729 805 3808 ab-a'mpietate
824 3748 882 3791 non
903 3729 1062 3809 desisteret,
1080 3750 1157 3796 ream
1177 3753 1259 3812 pera·
1308 3787 1310 3794 .

131 3821 201 3886 gere
219 3804 343 3862 omnium
364 3805 497 3878 caedium,
517 3825 588 3884 quae
604 3807 657 3872 iam
677 3807 745 3866 olim
759 3820 933 3890 perpetratae
952 3809 1071 3872 fuerant.
1099 3812 1177 3892 Ergo
1196 3829 1259 3886 non

130 3880 285 3960 praesentis
312 3891 420 3940 tantum
450 3881 578 3942 saevitiae
602 3883 752 3944 vindictam
774 3883 932 3956 denuntiat,
959 3887 1008 3946 sed
1037 3885 1176 3946 rationem
1204 3883 1257 3945 illis

129 3953 301 4016 reddendam
321 3977 381 4017 esse
399 3957 466 4018 dicit
484 3959 519 4018 de
538 3958 623 4018 caede
640 3959 801 4036 Zachariae,
831 3963 885 4019 acsi
902 3960 960 4020 eius
980 3962 1115 4042 sanguine
1134 3959 1257 4036 madela-

132 4044 194 4102 ctae
213 4041 309 4092 essent·
328 4031 451 4112 ipsorum
470 4054 577 4094 manus.
614 4036 715 4114 Neque
738 4035 812 4095 enim
835 4036 987 4116 probabilis
1011 4051 1053 4098 est
1072 4055 1171 4096 eorum
1193 4055 1210 4095 o
1232 4034 1257 4096 i-

130 4109 193 4184 nio,
219 4108 266 4187 qui
287 4108 341 4168 hoc
358 4107 570 4170 adZachariam
588 4109 729 4186 referunt,
750 4111 797 4192 qui
836 4111 949 4192 opulum
969 4112 1004 4172 ab
1016 4112 1118 4192 ¹exsilio
1138 4056 1230 4194 babyl
1242 4150 1257 4160 -

130 4185 353 4256 nic0.rcduccm
376 4188 410 4246 ad
434 4185 570 4266 templum
593 4187 789 4256 aedificandum
812 4132 940 4254 hortatus
964 4197 1022 4261 est,
1045 4187 1123 4249 cuius
1147 4199 1257 4250 exstant
1324 4226 1332 4232 -

130 4261 267 4324 vaticinia.
296 4262 421 4324 Tametsi
440 4264 516 4322 enim
535 4261 599 4340 libri
618 4263 764 4355 inscriptio
784 4264 870 4324 filium
888 4261 1037 4322 Barachiae
1056 4263 1142 4324 fuisse
1161 4266 1258 4340 docet,

131 4339 255 4402 occisum
276 4352 372 4404 tamen
392 4339 479 4403 luisse
501 4355 637 4420 nusquam
657 4339 775 4423 legitur:
808 4339 908 4402 deinde
926 4349 1024 4400 coacta
1044 4351 1087 4421 est
1107 4342 1258 4421 expositio,

660 4543 669 4572 t
