2790 4764
82 229 86 238 '
145 236 203 300 118
432 230 542 294 SECT.
563 232 628 290 XV.
670 245 758 292 nesus
778 245 819 292 rr
839 215 1008 294 orsesium.

149 381 270 466 expedit
310 379 396 443 Tunc
415 392 508 442 autem
528 383 623 442 Moses
644 393 673 442 et
692 381 766 442 Elias
789 383 921 448 nonsibi
941 381 1170 458 resumerent,
1188 382 1235 444 sed
1252 393 1286 442 ut
1374 371 1377 378 ¹

92 503 121 516 ..
149 470 261 544 praesto
286 459 416 519 adessent
439 459 566 519 Christo.
610 458 643 542 ,Si
660 459 728 539 quis
753 481 865 519 rursum
892 471 1021 540 quaerat,
1044 461 1121 522 unde
1138 457 1285 542 Apostolis

148 537 250 598 notitia
269 535 357 596 Mosls
377 547 405 595 et
424 534 519 608 Elia'e,
539 555 610 614 quos
627 555 770 615 nunquam
790 547 1011 616 conspexerant,
1031 537 1179 617 responsio
1199 534 1286 597 facilis

150 625 207 680 est:
226 633 312 694 quum
333 631 382 671 eos
401 611 431 670 in
450 609 573 672 medium
592 612 672 672 Deus
691 611 870 692 produceret,
889 611 970 693 signa
990 613 1075 679 etiarn
1096 625 1125 674 et
1139 624 1219 674 notas
1236 613 1287 673 de-

149 690 236 764 disse,
254 686 354 768 quihus
372 688 586 748 innotescerent
604 687 678 768 apud
698 709 757 749 eos.
797 689 1028 758 Extraordinario
1049 685 1287 769 quidemrevela-

150 765 236 828 tionis
261 764 349 824 m'odo
374 765 431 824 hoc
451 762 557 824 factum
576 774 632 838 est,
656 774 689 823 ut
708 775 788 825 certo
806 763 915 824 scirent
928 785 994 826 ,csse
1014 767 1116 825 Mosen
1140 777 1169 826 et
1188 764 1287 826 Ellam.
1376 837 1377 840 Ἴ

152 843 213 907 Cur
231 851 327 902 eutem
346 839 526 923 apparuerint
542 837 572 900 hi
591 839 648 900 duo
668 841 772 922 potius,
792 861 874 922 quam
892 839 938 900 alii
957 861 991 901 ex
1002 851 1164 902 sanctorum
1174 853 1288 922 patrum

151 918 257 994 choro,
277 917 408 979 sufficere
426 916 510 978 nohis
529 915 615 978 debet
633 913 678 976 illa
698 917 785 992 ratio,
808 928 841 978 ut
860 927 1011 992 constaret,
1033 936 1094 976 non
1112 916 1197 979 alium
1214 917 1289 1002 Legi

103 1031 131 1054 a
151 1006 182 1060 et
205 991 357 1076 Prophetis
381 1015 498 1078 scopum
525 1015 586 1054 esse
609 989 693 1074 quim
717 993 871 1057 Christum.
914 993 988 1054 Nam
1009 992 1074 1053 fidei
1093 1005 1208 1056 nostrae
1226 1016 1288 1056 ma·
1376 1031 1377 1034 =

151 1092 282 1158 gnopere
305 1069 451 1145 interfuit,
482 1069 626 1133 Christum
650 1091 709 1130 non
732 1070 847 1152 prodire
871 1069 932 1131 sine
954 1069 1135 1143 testimonio,
1163 1072 1213 1134 sed
1231 1072 1289 1132 iam
1376 1115 1377 1124 η

101 1199 130 1218 ,
152 1149 221 1212 olim
240 1169 256 1210 a
275 1148 341 1212 Deo
361 1147 597 1210 commendatum.
629 1147 731 1227 Neque
751 1148 834 1208 etiam
852 1146 988 1228 displicet,
1008 1165 1078 1226 quae
1097 1145 1195 1206 afferri
1214 1148 1289 1208 solet

153 1226 236 1301 ratio,
256 1223 346 1287 liliam
364 1225 488 1286 maxime
506 1233 678 1305 assumptum
698 1243 767 1298 esse,
787 1223 835 1306 qui
853 1223 1010 1304 Prophetas
1030 1241 1128 1283 omnes
1147 1221 1288 1286 referret:

193 1303 202 1318 '
221 1347 231 1378 ,
248 1301 362 1364 temoni
381 1299 452 1361 nihil
471 1300 586 1380 reliquit
604 1300 752 1382 scriptum,
773 1300 941 1382 praecipuus
959 1311 1055 1360 tamen
1075 1297 1204 1362 excelluit
1220 1309 1290 1379 post

186 1399 269 1454 osen,
295 1376 402 1442 odeum
425 1376 482 1438 Dei
506 1375 635 1440 vitianum
653 1375 786 1452 restituit,
807 1377 865 1436 imo
884 1374 1109 1459 incomparabilis
1129 1375 1183 1435 luit
1201 1375 1288 1458 Legis
1350 1380 1353 1384 ’

112 1498 121 1510 -
154 1467 185 1518 et
207 1475 291 1517 verae
309 1453 421 1535 pietatis
440 1465 510 1514 tunc
530 1452 740 1534 propemodum
760 1453 915 1514 exstinctae
936 1454 1050 1530 sinder.
1093 1451 1184 1530 Quod
1202 1472 1290 1534 appa-

152 1543 220 1595 rent
238 1551 304 1592 eum
324 1529 439 1614 Christo
460 1541 489 1590 et
508 1541 670 1590 sermonem
690 1529 911 1604 communicant,
930 1529 1043 1614 signum
1063 1540 1106 1592 est
1124 1548 1288 1590 consensus.
1376 1587 1377 1608 ,

155 1605 250 1684 Quale
268 1617 363 1680 autern
382 1605 469 1668 fuerit
488 1603 674 1686 colloquium,
696 1603 771 1666 solus
789 1606 880 1666 Lucas
905 1605 1048 1687 exprimit:
1084 1625 1189 1687 nempe
1212 1603 1288 1686 quod

155 1685 262 1748 extum
280 1695 439 1757 narrarunt,
458 1682 507 1764 qui
518 1681 663 1756 Christum
681 1680 813 1744 manebat
830 1681 1046 1763 Hierosolymis.
1075 1682 1143 1743 Hoc
1153 1701 1243 1763 porro
1253 1680 1289 1740 ad

152 1760 274 1854 privatas
294 1779 392 1822 comm
411 1778 545 1841 personas
564 1758 697 1850 restringi
712 1778 773 1818 non
788 1757 882 1833 dehet,
902 1759 951 1819 sed
961 1759 1056 1838 potius
1071 1757 1106 1818 ad
1117 1757 1288 1840 legationem

152 1836 219 1920 tpsis
238 1835 307 1900 olim
326 1835 490 1897 iniunctam.
523 1831 622 1894 Voluit
641 1855 716 1895 euim
736 1833 886 1908 Dominus,
906 1854 1064 1926 quanquam
1081 1827 1191 1914 pridem
1209 1853 1289 1895 mor-

152 1913 196 1974 tui
215 1922 306 1988 eram,
325 1933 358 1974 ac
378 1911 564 1973 confecerant
582 1910 741 1972 vocationis
760 1931 826 1972 suae
843 1909 1022 1984 curnculum,
1042 1929 1116 1970 voce
1128 1921 1224 1972 tamen
1239 1929 1289 1970 sua
1376 1947 1377 1960 κ

156 1990 262 2052 iterum
280 1988 399 2072 sancire,
420 1987 496 2068 quod
514 1987 545 2048 in
564 1987 621 2048 rita
640 2007 690 2048 sua
708 1987 873 2058 docuerant,
892 1997 926 2045 ut
943 1985 1087 2068 sciremus,
1108 2005 1289 2046 communem

136 2062 237 2134 'nohis
261 2064 379 2128 salutern
403 2063 434 2124 in
454 2063 561 2126 Christi
588 2061 724 2125 sacrificio
750 2062 925 2146 propositam
949 2081 1010 2139 esse
1029 2083 1093 2122 cum
1112 2063 1214 2123 sanctis
1233 2063 1289 2122 tta-
1325 2073 1330 2079 ’

153 2143 254 2216 trihus.
296 2144 357 2204 Iam
376 2163 462 2222 quum
485 2141 522 2202 de
543 2139 648 2201 Christi
667 2151 762 2201 morte
784 2139 926 2200 vaticinati
945 2149 1011 2198 sunt
1029 2137 1189 2218 Prophetae
1207 2149 1290 2200 vete-

153 2239 211 2298 res,
230 2218 373 2282 sedebati
395 2239 426 2278 se
446 2217 514 2298 (qui
532 2229 648 2277 aeterna
668 2227 729 2278 erat
747 2215 804 2278 Dei
823 2213 984 2308 Sapientia)
1004 2214 1035 2274 in
1055 2234 1160 2275 menno
1179 2211 1291 2297 gloriae

155 2317 224 2374 snae
248 2295 329 2359 solio.
404 2293 460 2354 nde
479 2293 620 2375 sequitur,
646 2293 655 2352 i
679 2315 741 2354 sum
760 2313 844 2374 carne
862 2293 991 2353 indutum
1010 2309 1072 2352 nou
1089 2289 1174 2352 fuisse
1194 2289 1290 2350 ohno-
1376 2329 1377 2336 κ

154 2373 231 2452 rium
251 2370 347 2447 morti,
366 2371 422 2434 uisi
440 2382 578 2452 quatenus
597 2389 628 2430 se
647 2368 667 2432 h
690 2389 739 2430 ere
759 2369 894 2430 submisit
1090 2371 1092 2384 '

82 2493 91 2514 ,
196 2443 200 2454 ⁸
231 2453 261 2522 A.
299 2451 436 2524 Domine,
463 2451 569 2508 donum
593 2457 650 2507 est.
689 2445 779 2508 Luras
797 2445 836 2506 ita
854 2443 1003 2524 loquutum
1025 2463 1086 2506 esse
1104 2443 1223 2505 Porum
1241 2462 1290 2504 re·

136 2523 228 2600 lert,
257 2546 344 2606 quum
368 2527 464 2584 Moses
490 2535 520 2585 et
537 2523 612 2586 Elias
635 2523 823 2585 discederent
868 2523 953 2582 Unde
972 2519 1065 2582 coll'
1095 2541 1142 2595 us,
1165 2519 1290 2581 veritum
1376 2579 1377 2582 ,

154 2597 250 2672 scrisse,
268 2619 307 2658 ne
325 2600 452 2690 ipsorum
471 2599 594 2662 discessu
611 2599 794 2662 intercideret
812 2619 897 2660 suave
916 2596 984 2659 illud
1003 2609 1033 2658 et
1073 2609 1165 2676 ertum
1179 2605 1290 2678 specta-

79 2725 82 2731 ,
156 2674 259 2736 culum.
285 2675 346 2734 Etss
364 2687 460 2735 autem
478 2675 581 2736 minim
600 2695 661 2737 uon
680 2686 731 2748 est,
751 2675 871 2734 Petrum
890 2673 930 2736 sic
949 2673 1096 2736 dulcedine
1115 2673 1160 2734 illa
1175 2683 1289 2753 captum
1376 2685 1377 2694 ¹

154 2749 255 2824 titisse,
279 2760 313 2808 ut
337 2747 397 2810 aliis
420 2750 552 2810 omnihus
578 2773 592 2811 s
611 2749 679 2811 retis
699 2747 760 2810 sola
781 2749 840 2810 eius
860 2751 958 2811 fruitio
980 2749 1019 2810 illi
1038 2749 1194 2824 sufficeret,
1217 2747 1290 2809 sicut

140 2826 186 2889 'in
203 2824 320 2886 'Psalmo
344 2823 447 2886 dicitur
480 2826 551 2901 (17,
576 2771 643 2898 lh.)
677 2823 797 2885 satietas
826 2823 950 2900 laetitiae
975 2847 1035 2888 esse
1063 2826 1093 2885 in
1111 2825 1169 2888 Dei
1195 2821 1288 2885 vultu:

153 2912 370 2984 praeposterum
388 2911 484 2961 tamen
503 2901 562 2960 eius
581 2911 681 2960 votum
700 2899 770 2978 ipit,
789 2903 871 2982 quod
887 2901 974 2964 finem
991 2902 1107 2966 visionis
1125 2923 1186 2969 non
1203 2911 1287 2962 tene-

154 2981 213 3041 ret:
238 2977 342 3042 deinde
357 2973 448 3038 stulte
467 2977 596 3056 acquievit
614 2975 745 3054 Domino
761 2983 871 3038 servos:
895 2979 982 3040 tertio
1002 2979 1093 3040 erravi
1134 2979 1219 3060 quum
1234 2975 1290 3036 ho·
1376 2971 1377 2996 ¹

154 3054 277 3116 minibus
300 3055 331 3131 in
355 3051 509 3116 coelestem
533 3061 562 3113 et
585 3052 742 3137 angelicam
763 3051 883 3136 gloriam
918 3055 1042 3137 receptis
1068 2989 1171 3118 nahusa
1194 3051 1289 3114 taher—
1376 3059 1377 3064 ’

154 3129 254 3192 neema
277 3141 422 3196 exstruere
446 3126 539 3192 vellet
583 3125 673 3206 Dico,
698 3129 785 3201 finem
803 3129 919 3192 visionis
938 3131 1024 3194 fuisse
1042 3123 1082 3192 illi
1101 3131 1288 3220 incognitum

154 3205 229 3266 Noni
257 3227 344 3286 quum
370 3225 406 3266 ex
429 3224 480 3265 ore
503 3198 581 3267 Elias
606 3217 636 3267 et
661 3207 749 3268 Moris
766 3207 895 3283 numer,
925 3207 1030 3269 instare
1052 3220 1162 3290 tempus
1184 3205 1288 3268 mortis
1376 3259 1377 3288 ,

156 3280 278 3356 Christi,
298 3294 344 3344 stu
364 3280 425 3342 idus
448 3280 572 3360 speciem
590 3281 678 3356 illam,
701 3303 771 3364 quae
791 3283 953 3366 temporalis
973 3297 1042 3359 erat,
1061 3296 1204 3346 aeternam
1223 3281 1289 3344 fore

139 3355 285 3439 somniat,
357 3357 404 3418 uid
426 3357 504 3448 quod
526 3357 583 3420 hoc
606 3360 693 3420 modo
718 3380 840 3443 regnum
860 3361 967 3423 Christi
984 3361 1086 3446 viginti
1104 3369 1152 3424 aut
1170 3357 1289 3442 triginta
1376 3353 1377 3422 l

74 3491 78 3500 ,
154 3433 258 3514 pedum
281 3432 416 3519 angustiis
439 3433 577 3495 reclusum
602 3433 717 3512 luisset?
754 3436 804 3510 uhi
833 3436 922 3514 totius
945 3437 1088 3500 Ecclesiae
1111 3433 1288 3516 redemptio?
1376 3433 1377 3506 l

154 3507 206 3586 uhi
226 3506 321 3594 salutis
346 3521 479 3595 aeternae
502 3512 562 3573 soci
579 3495 640 3579 Μ
694 3513 760 3572 Hoc
828 3533 903 3594 oque
926 3513 1006 3576 valde
1031 3535 1197 3596 perversum
1226 3510 1288 3586 luit,

154 3585 246 3648 Ellam
266 3595 297 3646 et
315 3586 418 3674 lllosen
438 3533 686 3673 collegasha'gere
706 3589 762 3670 Dei
781 3535 869 3664 llllio,
892 3591 971 3670 quasi
989 3611 1051 3654 non
1070 3610 1169 3652 omnes
1188 3588 1220 3648 in
1238 3605 1288 3650 or·
1376 3593 1377 3672 ζ

154 3661 251 3729 dinem
270 3681 336 3744 oogr
355 3681 471 3737 necesse
490 3665 537 3737 sit,
556 3677 587 3724 ut
605 3664 681 3726 solus
700 3666 760 3747 ipse
780 3665 909 3740 emineat.
938 3667 998 3728 Iam
1018 3667 1041 3729 si
1053 3678 1139 3730 ¹sorte
1150 3686 1201 3726 sua
1215 3684 1289 3726 con—
1376 3691 1377 3718 r

31 3763 33 3770 s
111 3799 116 3805 ,
154 3749 252 3814 tentus
277 3747 320 3800 est
343 3738 459 3812 Petrus,
492 3761 544 3805 cur
567 3763 616 3802 eos
641 3761 728 3824 egere
752 3743 872 3804 tenrenIs
892 3741 1135 3825 strhsidiisputat,
1165 3761 1289 3824 quorum
1376 3771 1377 3796 ÷

155 3827 272 3898 aspectu
294 3811 592 3906 felix,sihi,videtupi
630 3819 722 3880 Recte
748 3839 818 3902 ergo
845 3818 1042 3904 Evangelistae
1065 3821 1122 3880 duo
1141 3828 1288 3891 annotant,
1376 3827 1377 3840 ¹

154 3897 283 3972 nescisse
304 3891 380 3970 quid
395 3893 516 3976 diceret.
575 3893 687 3970 Marcus
707 3899 816 3959 causam
837 3895 924 3972 addit,
948 3897 1143 3976 prodessent
1162 3915 1287 3978 empore·
1374 3887 1377 3962 l

68 3976 70 3979 '
146 3965 242 4037 facti.
282 3967 384 4048 Neque
404 3957 480 4056 enin
496 3968 572 4046 'ultra
591 3980 665 4051 tunc¹
679 3970 837 4057 Apostolos
855 3967 996 4054 prolicere
1014 3972 1105 4047 voluit
1123 3974 1213 4048 Deus,
1233 3969 1288 4032 nisi
1376 3967 1377 4016 l

154 4051 188 4104 ut
206 4043 272 4104 Filii
291 4045 333 4105 sui
348 4043 490 4108 Deitatem
528 4045 586 4105 uasi
607 4045 637 4105 in
656 4047 722 4108 vivo
741 4047 856 4139 speculo
879 4049 914 4110 ad
932 4060 1108 4122 momentum
1127 4057 1287 4109 cernerent.
1376 4021 1377 4112 l

154 4111 259 4206 Postea
278 4141 410 4183 successu
428 4121 565 4208 temporis
585 4121 708 4200 fructum
727 4121 780 4184 illrs
799 4126 950 4187 ostendens
963 4123 1210 4188 iudiciidcfectum
1221 4144 1287 4184 cor·

155 4203 236 4271 Psstt,
264 4197 413 4284 Significat
431 4221 501 4282 ergo
522 4199 643 4282 Marcus,
663 4200 788 4274 Petnun,
803 4221 895 4280 quum
913 4203 944 4264 in
963 4203 1081 4268 ecstasin
1091 4213 1187 4284 raptus
1201 4199 1287 4275 soret,

156 4273 244 4324 ”mar
262 4271 385 4336 hominis
404 4273 519 4336 attoniti
539 4273 689 4354 loquutum
708 4296 777 4336 esse.
889 4319 892 4322 -
1281 4279 1284 4286 ’

178 4343 259 4422 -r-
299 4348 376 4427 ua
402 4356 493 4437 oses
518 4352 628 4437 uua<
670 4351 811 4463 eoru
830 4341 994 4440 uitus·
1013 4375 1112 4442 num
1130 4351 1231 4444 ,ocra
1255 4361 1292 4413 u
1376 4381 1377 4418 ι

721 4453 733 4488 l
853 4492 856 4502 t
