2804 4762
48 145 49 157 ἵ
102 89 118 131 Ι

276 197 278 207 ,
362 167 383 210 ι
418 139 501 245 (iri.
536 165 585 232 us
602 163 716 250 perfinia
734 111 927 243 ,siusuli
983 164 1034 180 ¹·
1180 167 1252 276 ros*

54 291 61 306 κ
104 317 282 388 detesttbiles
295 313 386 383 erarii.
415 295 566 381 Numisiis
582 315 739 400 hypocritis
756 315 859 380 larvam
874 315 1006 394 detrabit,
1024 337 1063 381 iic
1076 319 1165 382 sesain
1185 319 1238 384 lius

97 398 253 460 'venditent
274 417 330 476 pro
356 394 412 458 Dei
436 395 581 470 ministris,
616 406 644 456 et
674 393 758 458 inane
786 394 897 534 pietatis
926 395 1048 458 studium
1072 341 1237 461 obtendant

105 475 279 554 Quanquam
298 469 506 532 enimambitio
526 491 634 546 eorum,
654 481 684 531 et
701 487 787 552 super
806 469 840 546 ia,
862 483 892 533 et
910 471 1057 534 crudelitas
1077 485 1106 533 ct
1124 473 1237 536 avaritia'

105 549 240 614 omnibus
260 559 345 608 notae
364 568 442 609 essen
482 567 598 628 prorsus
617 559 713 608 tanim
733 547 778 608 alii
797 545 906 609 censeri
924 547 1067 612 volebant.
1098 547 1136 610 Et
1150 553 1237 643 quum

105 633 200 708 nuper
220 624 382 687 Christum,
439 625 507 685 essi
525 633 605 700 sunt,
627 623 663 684 de
683 623 782 685 ordine
800 624 943 686 Ecclesise
964 646 994 686 se
1018 645 1079 688 esse
1101 626 1238 688 sollicitos

104 701 327 774 mentiebantur,
346 643 465 768 acsigddi
484 711 579 761 essent
597 709 627 760 et
644 699 728 780 probi
748 701 806 762 eius
821 699 952 774 vindices.
982 701 1081 778 Quum
1095 701 1134 763 ita
1148 725 1238 776 crasse

104 781 175 842 Deo
207 789 237 839 et
265 773 424 838 hominibus
450 775 580 851 illudant,
595 842 597 846 Α
613 795 713 838 eornm
740 776 940 858 impudentiam
969 777 1073 838 refellit
1100 777 1238 857 Christus,

105 853 262 917 ostendens
280 851 355 934 ipsos
372 849 442 914 nihil
461 852 553 913 minus
572 871 634 912 esse
653 873 735 931 quarn
755 853 831 986 ipiod
849 849 1002 928 iactabant,
1020 853 1148 935 adeoque
1168 877 1238 936 pro-

101 926 155 993 cul
174 930 270 990 abesse
288 928 322 988 ab
342 949 375 990 ea
392 928 420 988 d'
463 929 542 1005 tate,
559 927 590 986 in
610 949 663 1006 qua
681 927 735 988 sibi
754 927 914 1008 parebant,
931 940 965 988 ut
983 928 1056 988 inira
1073 931 1238 1009 publicanos

8 1053 10 1066 .
107 1018 140 1068 et
157 1003 320 1072 ‚meretrices
338 1003 414 1073 subsi
434 1015 491 1068 ant.
526 1003 619 1078 ¹,Nam
680 1003 717 1064 od
735 1025 767 1064 se
785 1003 990 1096 profitebantur
1010 1004 1133 1084 optimos
1152 1007 1239 1068 divini
1272 1035 1274 1040 2

110 1081 201 1144 cultus
221 1080 358 1155 custodes,
378 1091 407 1148 et
420 1079 506 1163 Legis
524 1077 638 1154 zelotes,
678 1098 713 1139 oc
728 1079 849 1161 perinde
869 1100 930 1140 csse
943 1077 1070 1141 Christus
1090 1079 1164 1156 dicit,
1183 1083 1239 1144 acsi

108 1159 170 1240 quis
188 1157 259 1218 lilius
277 1157 351 1237 patri
364 1157 454 1220 verbo
473 1163 556 1216 tenus
569 1151 735 1234 obsequium
750 1153 904 1235 promittat,
925 1175 990 1215 euni
1007 1167 1103 1216 tamen
1121 1155 1240 1218 snutre-

108 1247 163 1295 tur.
203 1232 293 1310 Quod
311 1234 347 1293 ad
365 1231 579 1312 publicanus·et
596 1231 761 1300 meretrices
779 1240 907 1310 spectat,
925 1251 986 1292 uon
997 1243 1240 1297 ‹cumsiteorurn

53 1323 56 1330 '
107 1311 186 1386 vitia,
201 1310 259 1382 sed
282 1309 444 1390 dissolutam
467 1328 568 1368 eorum
590 1307 677 1368 vitam
701 1318 845 1387 comparat
866 1307 994 1398 protervi
1015 1321 1043 1368 et
1061 1330 1159 1390 parum
1178 1330 1241 1371 ino-

107 1381 180 1456 desti
198 1385 249 1446 filii
267 1384 473 1458 contumaciae,
492 1382 540 1464 qui
551 1383 645 1474 patris
663 1383 810 1518 imperium
830 1403 922 1464 primo
940 1383 1043 1444 reiicit:
1069 1385 1166 1445 sedin
1186 1385 1241 1446 hoc

106 1461 196 1544 longe
218 1470 362 1539 praestare
377 1459 483 1534 docet,
532 1471 575 1520 ui'a
598 1479 697 1519 nona
742 1471 898 1520 extremum
922 1461 1063 1540 usquein
1088 1461 1241 1522 suisritlist

108 1538 276 1618 persistant,
300 1533 367 1614 quin
385 1535 481 1614 potius
498 1479 533 1596 ad
550 1534 649 1619 iugum
668 1535 857 1610 subeundum,
901 1538 956 1598 uod
976 1535 1241 1619 ferociter-repule-

108 1623 182 1688 rant,
201 1609 304 1692 placidi
321 1611 378 1672 sint
395 1632 428 1674 ac
446 1612 518 1674 mori
541 1611 590 1674 eri.
622 1613 707 1674 Nunc
724 1623 854 1674 tenemus
874 1557 978 1686 diluisti
997 1615 1156 1688 consilium:
1180 1633 1260 1687 non

107 1698 220 1774 tantuin
238 1686 396 1752 sacerdotes
415 1697 445 1746 et
463 1631 566 1752 scribas
586 1687 669 1748 obiur
690 1698 732 1762 at,
759 1689 836 1768 quod
855 1687 997 1751 obstinate
1015 1691 1147 1752 resistant
1165 1691 1241 1782 Deo²

108 1785 165 1826 nec
192 1763 359 1845 resipiscant
386 1763 469 1826 toties
495 1765 610 1840 moniti,
638 1707 690 1826 sed
714 1764 825 1826 bonore
854 1785 904 1828 eos
925 1765 1027 1847 spoliat
1050 1767 1241 1850 quo'indigni

8 1875 9 1878 =
109 1852 204 1915 mant,
229 1841 292 1922 quia
310 1839 436 1902 deterior
453 1840 490 1902 sit
507 1841 620 1902 illorum
638 1841 766 1922 impietas
784 1849 868 1978 quani
886 1845 1066 1905 meretricum
1084 1843 1203 1906 lasciuia.

183 1920 232 1996 30.
269 1919 299 1976 Ε
318 1939 334 1976 o
351 1919 482 1979 hmine.
521 1919 600 1981 Haec
619 1917 726 2000 phrasis
746 1938 780 1978 eii
809 1918 894 2004 ingua
914 1918 1042 1982 hebraica
1060 1932 1170 2002 sumpta
1189 1929 1240 1981 est

109 1994 183 2057 stain
202 1995 268 2054 dum
288 2016 306 2059 o
328 1994 423 2074 seqiiia
441 1999 490 2056 su‘a
509 1994 617 2057 offerre
636 1993 736 2076 volunt
753 1993 891 2072 Hebraei,
913 2011 946 2057 ac
963 1997 1061 2057 testari
1080 2019 1110 2058 se
1149 2007 1241 2058 racsto

92 2086 174 2138 ‚esse
190 2070 226 2130 ad
244 2071 409 2150 parendum,
423 2072 464 2132 sic
482 2071 510 2130 lo
570 2083 648 2144 ntur,
667 2072 743 2132 Ecce
756 2088 818 2153 ¹eqo
832 2093 940 2146 assum,
959 2073 1082 2133 domine.
1121 2017 1173 2133 list
1192 2093 1242 2132 air-

103 2155 173 2224 Afln
188 2146 277 2210 nitus
295 2167 349 2229 per
367 2169 398 2208 se
416 2093 580 2222 laudab&
591 2147 756 2226 simulatque
773 2146 892 2208 verbum
911 2147 981 2208 lecit
999 2151 1242 2228 Deus,‘·pronipto

111 2236 143 2285 et
161 2221 245 2284 alacri
263 2223 356 2286 studio
376 2223 504 2304 obsequi.
554 2224 618 2284 Nec
636 2243 705 2282 vero
726 2219 853 2282 Christus
871 2223 1031 2282 tarditatem
1050 2222 1096 2283 bic
1115 2225 1143 2282 iii
1163 2223 1243 2284 laude
1329 2224 1332 2229 ’

110 2300 203 2382 ponit,
222 2300 272 2360 sed
291 2306 376 2380 quum
395 2311 546 2380 utrumque
560 2295 703 2360 vitiosum'
714 2297 759 2372 sit,
777 2309 924 2378 postquam
943 2313 1053 2356 moram
1072 2298 1132 2376 quis
1150 2308 1243 2356 tram-

8 2391 9 2412 *
110 2377 160 2453 rii,
177 2377 290 2438 tandein
310 2372 344 2436 ad
362 2375 487 2458 officium
505 2373 685 2448 descendere,
705 2384 734 2432 et
747 2372 842 2438 ¹verbis
875 2372 982 2431 rofiteri
996 2373 1073 2450 quod
1088 2393 1148 2431 uon
1161 2374 1244 2451 prael

111 2466 182 2514 stes:
198 2449 272 2512 banc
286 2450 450 2531 hypocrisin
465 2447 755 2510 miuustolerabilein
775 2468 836 2510 esse
854 2393 940 2510 docet
952 2446 1081 2510 Christus
1098 2469 1183 2532 quain
1201 2447 1245 2509 te-

111 2527 234 2600 rociam,
255 2525 482 2607 quaetemporis
499 2541 630 2590 successu
649 2525 790 2592 dometur.
869 2590 871 2596 Α

190 2603 237 2662 32.
281 2601 316 2662 V
313 2603 375 2662 enit
398 2611 499 2660 autem
522 2601 657 2660 Ioannes.
702 2599 801 2676 Quum
823 2599 946 2661 Ioannes
968 2599 1055 2662 fidelis
1078 2599 1166 2662 fuerit
1188 2601 1245 2662 Del

112 2675 256 2752 minister,
279 2677 412 2757 quicquid
435 2676 543 2750 docuit,
569 2673 697 2739 Christus
721 2677 752 2740 in
773 2677 859 2758 ipsius
880 2677 936 2737 Dei
954 2697 1104 2759 personam
1122 2678 1243 2746 confert.

17 2798 34 2826 s
112 2752 232 2818 Plenior
251 2752 350 2814 luisset
368 2753 509 2846 inquietin,
535 2753 625 2814 Venit
642 2754 736 2828 Deus,
760 2752 879 2816 iustitiae
896 2754 970 2822 ¹viaiu
988 2753 1104 2816 Ioannis
1124 2775 1175 2816 ore
1194 2756 1245 2816 de-

113 2841 288 2892 monstrans:
307 2831 356 2892 sed
371 2846 436 2909 qiua
454 2831 575 2890 Ioannes
587 2829 644 2890 Dei
658 2829 782 2906 nominc,
801 2851 862 2891 nou
876 2843 1005 2913 tanquam
1020 2829 1142 2912 privatus
1158 2831 1244 2892 homo

112 2907 250 2987 loquutus,
272 2917 348 2981 erat,
370 2905 473 2967 merito
498 2907 529 2966 in
551 2905 608 2966 Dei
631 2905 726 2966 locum
749 2906 933 2968 substituitur.
985 2908 1073 2986 Atqui
1096 2906 1143 2966 hic
1165 2907 1245 2967 locus

113 2982 206 3044 Verbi
224 2981 426 3063 praedicationi
444 3003 504 3044 non
538 3003 631 3046 arsam
647 2982 842 3044 auctoritatem
856 2981 995 3057 conciliat,
1014 2985 1080 3043 duni
1097 2981 1245 3062 praefracti

114 3059 231 3123 inerim
251 3073 279 3120 et
297 3058 415 3120 rebelles
434 3079 494 3120 esse
515 3004 660 3133 dicuntur,
683 3057 841 3140 quicunque
855 3061 929 3140 'pias
946 3070 976 3118 et
994 3067 1103 3120 sanctas
1122 3057 1245 3134 doctoris

115 3133 152 3198 ab
177 3155 212 3197 eo
234 3136 311 3197 missi
334 3134 541 3196 admonitiones
563 3134 812 3214 contempserint·
839 3137 982 3196 Iustitiae
1006 3153 1113 3196 nomen
1135 3134 1246 3214 quidam
1311 3199 1321 3204 ,

116 3211 242 3275 subtilius
262 3223 421 3294 exponunt,
441 3210 541 3292 quibus
560 3231 617 3294 ego
635 3232 687 3274 suo
705 3231 789 3273 sensu
808 3212 863 3272 isui
875 3211 1024 3293 permitto.
1063 3209 1134 3270 illibi
1151 3222 1246 3286 tamen

8 3329 10 3338 ι
116 3287 186 3351 nibil
204 3287 278 3350 aliud
296 3299 391 3364 sonat,
419 3308 504 3370 quam
529 3286 641 3348 loannis
658 3285 823 3360 ‘doctrinam
843 3309 942 3369 puram
966 3298 995 3347 ct
1018 3297 1124 3346 rectam
1148 3286 1245 3350 luisse:

116 3364 172 3426 acsi
195 3365 321 3442 dixisset,
345 3363 416 3424 nibil
440 3363 525 3426 luisse
549 3385 659 3438 causac,
685 3385 736 3424 cur
758 3369 823 3425 'euin
846 3365 1005 3424 reiicereut.
1044 3363 1136 3423 Porro
1160 3379 1246 3446 quum

117 3439 280 3522 publicanos
300 3441 448 3502 credidisse
467 3441 548 3516 dicit,
567 3456 628 3500 non
643 3450 751 3500 tantum
772 3439 908 3524 significat
924 3439 1015 3500 verbo
1034 3439 1176 3514 annuisse,
1197 3442 1247 3504 sed
1315 3481 1317 3486 ,

65 3547 72 3558 ’
116 3518 190 3580 serio
211 3517 317 3580 ellectu
334 3516 483 3596 amplexos·
495 3537 555 3579 esse
574 3516 650 3608 quod
668 3515 839 3578 audierant'
860 3517 951 3576 'Unde
970 3513 1140 3610 colligimus,
1162 3517 1246 3594 fidem

116 3613 178 3654 non
204 3591 294 3654 solum
322 3591 353 3652 iii
378 3613 414 3652 eo
444 3613 504 3656 esse
531 3605 668 3674 positam,
698 3593 721 3654 si
750 3594 812 3674 quis
839 3613 924 3654 uerae
952 3593 1098 3654 doctrinae
1126 3591 1247 3652 subscri-

42 3740 47 3750 „
115 3669 179 3743 bat,
203 3667 252 3727 sed
274 3667 362 3729 maius
385 3667 486 3749 aliquid
509 3681 538 3730 et
555 3667 639 3750 'altius
662 3669 914 3750 comprehendere,
938 3679 972 3728 ut
994 3666 1104 3730 auditor
1123 3667 1176 3728 sibi
1194 3666 1247 3746 ipsi

117 3743 282 3806 renuntians
294 3743 379 3820 vitam
397 3765 474 3805 suam
493 3745 559 3807 Deo
571 3745 690 3824 ¹penitus
708 3747 826 3808 addieat.
861 3745 959 3820 Quum
974 3745 1050 3820 dicit,
1069 3765 1108 3804 ne
1121 3741 1172 3802 tali
1184 3743 1247 3820 qni-
1269 3802 1273 3812 ,

117 3821 182 3882 deni
201 3817 330 3900 exemplo
349 3819 435 3880 tuisse
454 3832 621 3896 commotos,
640 3820 808 3886 obstinatam
825 3841 924 3889 eorum
939 3819 1070 3881 malitiam
1086 3817 1246 3908 amplificat:
1270 3826 1272 3837 ·

117 3918 183 3958 nam
208 3893 264 3954 lioc
288 3903 428 3963 extremae
453 3895 654 3976 desperationis
676 3897 789 3982 signum
811 3895 879 3975 fuit,
909 3895 1006 3960 saltem
1030 3897 1194 3955 meretrices
1219 3901 1247 3954 et

116 3971 362 4057 publicanos‘non
380 3969 467 4052 sequi.
599 3976 602 3984 '
993 3999 996 4037 i

202 4170 318 4260 (lta.)
366 4145 539 4242 MAT‘l'll.
566 4124 647 4241 tllx.
696 4171 750 4242 33.
782 4167 1098 4260 Aliam'parabolam
1126 4123 1247 4234 audite:
1332 4196 1335 4204 ¹

117 4275 226 4344 Homo
246 4277 378 4368 quidam
401 4287 471 4346 eret
491 4274 723 4366 paterfamilias,
743 4277 800 4364 qui
820 4274 974 4361 plantavit
992 4263 1126 4348 vineam,
1146 4280 1178 4336 et
1198 4292 1248 4336 se·

146 4376 660 4452 citrini-conuenitrninati.vet.1t
726 4367 733 4374 '
781 4435 791 4458 u
1006 4357 1043 4416 14
1127 4424 1132 4434 Ἴ
