<?xml version="1.0" encoding="UTF-8"?>
<!DOCTYPE html PUBLIC "-//W3C//DTD XHTML 1.0 Transitional//EN"
    "http://www.w3.org/TR/xhtml1/DTD/xhtml1-transitional.dtd">
<html xmlns="http://www.w3.org/1999/xhtml" xml:lang="en" lang="en">
 <head>
  <title>
</title>
<meta http-equiv="Content-Type" content="text/html;charset=utf-8" />
  <meta name='ocr-system' content='tesseract 3.04.00' />
  <meta name='ocr-capabilities' content='ocr_page ocr_carea ocr_par ocr_line ocrx_word'/>
</head>
<body>
  <div class='ocr_page' id='page_1' title='image "./novumtestamentu00calvgoog_0179.png"; bbox 0 0 2804 4762; ppageno 0'>
   <div class='ocr_carea' id='block_1_1' title="bbox 83 239 1197 332">
    <p class='ocr_par' dir='ltr' id='par_1_1' title="bbox 83 239 1197 332">
     <span class='ocr_line' id='line_1_1' title="bbox 83 239 1197 332; baseline -0.002 -21"><span class='ocrx_word' id='word_1_1' title='bbox 83 295 87 311; x_wconf 92' lang='lat'>.</span> <span class='ocrx_word' id='word_1_2' title='bbox 180 251 237 314; x_wconf 82' lang='lat' dir='ltr'>tro</span> <span class='ocrx_word' id='word_1_3' title='bbox 445 243 554 310; x_wconf 74' lang='lat' dir='ltr'>stt&#39;t‘.</span> <span class='ocrx_word' id='word_1_4' title='bbox 573 245 654 307; x_wconf 85' lang='lat' dir='ltr'>xvt.</span> <span class='ocrx_word' id='word_1_5' title='bbox 693 259 820 308; x_wconf 80' lang='lat' dir='ltr'>rreum</span> <span class='ocrx_word' id='word_1_6' title='bbox 839 261 1032 310; x_wconf 73' lang='lat' dir='ltr'>mensurnu-</span> <span class='ocrx_word' id='word_1_7' title='bbox 1085 321 1087 332; x_wconf 33' lang='grc' dir='ltr'>Ι</span> <span class='ocrx_word' id='word_1_8' title='bbox 1191 239 1197 246; x_wconf 85' lang='grc'><strong>’</strong></span> 
     </span>
    </p>
   </div>
   <div class='ocr_carea' id='block_1_2' title="bbox 166 395 1391 1624">
    <p class='ocr_par' dir='ltr' id='par_1_2' title="bbox 166 395 1391 1624">
     <span class='ocr_line' id='line_1_2' title="bbox 174 395 1391 482; baseline 0 -20"><span class='ocrx_word' id='word_1_9' title='bbox 174 395 311 462; x_wconf 74' lang='lat' dir='ltr'>reiciunt.</span> <span class='ocrx_word' id='word_1_10' title='bbox 338 397 383 461; x_wconf 88' lang='lat' dir='ltr'>Ita</span> <span class='ocrx_word' id='word_1_11' title='bbox 400 395 578 482; x_wconf 67' lang='lat' dir='ltr'>regeneratio</span> <span class='ocrx_word' id='word_1_12' title='bbox 597 396 667 457; x_wconf 90' lang='lat' dir='ltr'>nihil</span> <span class='ocrx_word' id='word_1_13' title='bbox 684 395 759 459; x_wconf 90' lang='lat' dir='ltr'>alind</span> <span class='ocrx_word' id='word_1_14' title='bbox 778 407 852 458; x_wconf 88' lang='lat' dir='ltr'>esset</span> <span class='ocrx_word' id='word_1_15' title='bbox 869 415 953 477; x_wconf 74' lang='lat' dir='ltr'>quarn</span> <span class='ocrx_word' id='word_1_16' title='bbox 971 399 1090 476; x_wconf 70' lang='lat' dir='ltr'>nodos</span> <span class='ocrx_word' id='word_1_17' title='bbox 1108 418 1178 480; x_wconf 85' lang='lat' dir='ltr'>quae</span> <span class='ocrx_word' id='word_1_18' title='bbox 1191 397 1290 462; x_wconf 77' lang='lat' dir='ltr'>instin-</span> <span class='ocrx_word' id='word_1_19' title='bbox 1390 399 1391 420; x_wconf 78' lang='lat'>³</span> 
     </span>
     <span class='ocr_line' id='line_1_3' title="bbox 173 471 1291 566; baseline -0.003 -28"><span class='ocrx_word' id='word_1_20' title='bbox 173 471 312 538; x_wconf 81' lang='lat' dir='ltr'>rationem</span> <span class='ocrx_word' id='word_1_21' title='bbox 329 475 420 536; x_wconf 74' lang='lat' dir='ltr'>notui</span> <span class='ocrx_word' id='word_1_22' title='bbox 437 485 583 564; x_wconf 78' lang='lat' dir='ltr'>sequetur,</span> <span class='ocrx_word' id='word_1_23' title='bbox 605 473 673 534; x_wconf 89' lang='lat' dir='ltr'>dnm</span> <span class='ocrx_word' id='word_1_24' title='bbox 690 471 887 534; x_wconf 75' lang='lat' dir='ltr'>absorbebitur</span> <span class='ocrx_word' id='word_1_25' title='bbox 905 477 983 566; x_wconf 85' lang='lat' dir='ltr'>quod</span> <span class='ocrx_word' id='word_1_26' title='bbox 1001 476 1118 538; x_wconf 86' lang='lat' dir='ltr'>mortale</span> <span class='ocrx_word' id='word_1_27' title='bbox 1137 488 1180 536; x_wconf 86' lang='lat' dir='ltr'>est</span> <span class='ocrx_word' id='word_1_28' title='bbox 1198 497 1214 536; x_wconf 90' lang='lat' dir='ltr'>a</span> <span class='ocrx_word' id='word_1_29' title='bbox 1230 477 1291 554; x_wconf 81' lang='lat' dir='ltr'>vita,</span> 
     </span>
     <span class='ocr_line' id='line_1_4' title="bbox 172 547 1291 636; baseline -0.001 -24"><span class='ocrx_word' id='word_1_30' title='bbox 172 561 203 612; x_wconf 90' lang='lat' dir='ltr'>et</span> <span class='ocrx_word' id='word_1_31' title='bbox 226 570 330 630; x_wconf 86' lang='lat' dir='ltr'>corpus</span> <span class='ocrx_word' id='word_1_32' title='bbox 353 560 480 610; x_wconf 83' lang='lat' dir='ltr'>nostrum</span> <span class='ocrx_word' id='word_1_33' title='bbox 504 549 609 610; x_wconf 75' lang='lat' dir='ltr'>humile</span> <span class='ocrx_word' id='word_1_34' title='bbox 633 549 661 608; x_wconf 92' lang='lat' dir='ltr'>in</span> <span class='ocrx_word' id='word_1_35' title='bbox 684 547 836 610; x_wconf 90' lang='lat' dir='ltr'>coelestem</span> <span class='ocrx_word' id='word_1_36' title='bbox 857 547 965 628; x_wconf 73' lang='lat' dir='ltr'>Chrrsti</span> <span class='ocrx_word' id='word_1_37' title='bbox 983 551 1101 636; x_wconf 83' lang='lat' dir='ltr'>gloriam</span> <span class='ocrx_word' id='word_1_38' title='bbox 1120 553 1291 636; x_wconf 83' lang='lat' dir='ltr'>transfigura-</span> 
     </span>
     <span class='ocr_line' id='line_1_5' title="bbox 171 623 1292 710; baseline 0.002 -24"><span class='ocrx_word' id='word_1_39' title='bbox 171 625 257 688; x_wconf 80' lang='lat' dir='ltr'>bitur.</span> <span class='ocrx_word' id='word_1_40' title='bbox 294 626 352 687; x_wconf 87' lang='lat' dir='ltr'>Sed</span> <span class='ocrx_word' id='word_1_41' title='bbox 371 645 426 710; x_wconf 84' lang='lat' dir='ltr'>ego</span> <span class='ocrx_word' id='word_1_42' title='bbox 445 629 692 708; x_wconf 77' lang='lat' dir='ltr'>regenerationem</span> <span class='ocrx_word' id='word_1_43' title='bbox 710 623 803 706; x_wconf 91' lang='lat' dir='ltr'>potius</span> <span class='ocrx_word' id='word_1_44' title='bbox 821 625 856 685; x_wconf 86' lang='lat' dir='ltr'>ad</span> <span class='ocrx_word' id='word_1_45' title='bbox 874 625 998 705; x_wconf 77' lang='lat' dir='ltr'>priorem</span> <span class='ocrx_word' id='word_1_46' title='bbox 1020 628 1292 701; x_wconf 81' lang='lat' dir='ltr'>Christi&#39;adrentnm</span> 
     </span>
     <span class='ocr_line' id='line_1_6' title="bbox 170 701 1295 792; baseline 0.002 -28"><span class='ocrx_word' id='word_1_47' title='bbox 170 701 274 792; x_wconf 78' lang='lat' dir='ltr'>reiepo,</span> <span class='ocrx_word' id='word_1_48' title='bbox 294 701 357 782; x_wconf 90' lang='lat' dir='ltr'>quia</span> <span class='ocrx_word' id='word_1_49' title='bbox 375 713 445 762; x_wconf 90' lang='lat' dir='ltr'>tnnc</span> <span class='ocrx_word' id='word_1_50' title='bbox 464 704 557 782; x_wconf 89' lang='lat' dir='ltr'>coepit</span> <span class='ocrx_word' id='word_1_51' title='bbox 574 703 707 764; x_wconf 84' lang='lat' dir='ltr'>renovari</span> <span class='ocrx_word' id='word_1_52' title='bbox 725 702 854 780; x_wconf 74' lang='lat' dir='ltr'>mundns,</span> <span class='ocrx_word' id='word_1_53' title='bbox 878 713 959 762; x_wconf 86' lang='lat' dir='ltr'>etex</span> <span class='ocrx_word' id='word_1_54' title='bbox 978 703 1078 765; x_wconf 81' lang='lat' dir='ltr'>mortis</span> <span class='ocrx_word' id='word_1_55' title='bbox 1097 706 1221 784; x_wconf 85' lang='lat' dir='ltr'>tenebris</span> <span class='ocrx_word' id='word_1_56' title='bbox 1240 708 1295 766; x_wconf 85' lang='lat' dir='ltr'>Ec·</span> 
     </span>
     <span class='ocr_line' id='line_1_7' title="bbox 169 776 1296 861; baseline 0.005 -25"><span class='ocrx_word' id='word_1_57' title='bbox 169 778 252 844; x_wconf 81' lang='lat' dir='ltr'>clena</span> <span class='ocrx_word' id='word_1_58' title='bbox 270 776 301 838; x_wconf 93' lang='lat' dir='ltr'>in</span> <span class='ocrx_word' id='word_1_59' title='bbox 319 776 411 840; x_wconf 84' lang='lat' dir='ltr'>lucent</span> <span class='ocrx_word' id='word_1_60' title='bbox 430 777 504 841; x_wconf 82' lang='lat' dir='ltr'>vitae</span> <span class='ocrx_word' id='word_1_61' title='bbox 523 778 644 841; x_wconf 89' lang='lat' dir='ltr'>emersit.</span> <span class='ocrx_word' id='word_1_62' title='bbox 681 780 779 859; x_wconf 80' lang='lat' dir='ltr'>Atque</span> <span class='ocrx_word' id='word_1_63' title='bbox 796 777 865 841; x_wconf 86' lang='lat' dir='ltr'>baec</span> <span class='ocrx_word' id='word_1_64' title='bbox 883 777 1017 857; x_wconf 74' lang='lat' dir='ltr'>loquendi</span> <span class='ocrx_word' id='word_1_65' title='bbox 1035 781 1107 842; x_wconf 90' lang='lat' dir='ltr'>ratio</span> <span class='ocrx_word' id='word_1_66' title='bbox 1126 783 1227 861; x_wconf 89' lang='lat' dir='ltr'>passim</span> <span class='ocrx_word' id='word_1_67' title='bbox 1247 804 1296 842; x_wconf 87' lang='lat' dir='ltr'>oc-</span> 
     </span>
     <span class='ocr_line' id='line_1_8' title="bbox 168 851 1391 938; baseline 0.002 -24"><span class='ocrx_word' id='word_1_68' title='bbox 168 852 258 914; x_wconf 88' lang='lat' dir='ltr'>currit</span> <span class='ocrx_word' id='word_1_69' title='bbox 275 855 306 914; x_wconf 91' lang='lat' dir='ltr'>in</span> <span class='ocrx_word' id='word_1_70' title='bbox 324 855 489 938; x_wconf 80' lang='lat' dir='ltr'>Prophetis,</span> <span class='ocrx_word' id='word_1_71' title='bbox 516 867 544 918; x_wconf 93' lang='lat' dir='ltr'>et</span> <span class='ocrx_word' id='word_1_72' title='bbox 563 855 597 916; x_wconf 91' lang='lat' dir='ltr'>ad</span> <span class='ocrx_word' id='word_1_73' title='bbox 616 853 701 932; x_wconf 82' lang='lat' dir='ltr'>huius¹</span> <span class='ocrx_word' id='word_1_74' title='bbox 714 855 769 915; x_wconf 94' lang='lat' dir='ltr'>loci</span> <span class='ocrx_word' id='word_1_75' title='bbox 788 853 1023 930; x_wconf 79' lang='lat' dir='ltr'>circumstantiam</span> <span class='ocrx_word' id='word_1_76' title='bbox 1045 859 1153 938; x_wconf 89' lang='lat' dir='ltr'>optime</span> <span class='ocrx_word' id='word_1_77' title='bbox 1191 859 1295 920; x_wconf 89' lang='lat' dir='ltr'>nadrat.</span> <span class='ocrx_word' id='word_1_78' title='bbox 1390 851 1391 916; x_wconf 66' lang='grc' dir='ltr'><strong>ἶ</strong></span> 
     </span>
     <span class='ocr_line' id='line_1_9' title="bbox 166 880 1198 1016; baseline 0.004 -26"><span class='ocrx_word' id='word_1_79' title='bbox 166 929 242 992; x_wconf 85' lang='lat' dir='ltr'>Nam</span> <span class='ocrx_word' id='word_1_80' title='bbox 260 931 346 994; x_wconf 85' lang='lat' dir='ltr'>toties</span> <span class='ocrx_word' id='word_1_81' title='bbox 365 933 499 1016; x_wconf 86' lang='lat' dir='ltr'>promissa</span> <span class='ocrx_word' id='word_1_82' title='bbox 518 932 659 994; x_wconf 79' lang='lat' dir='ltr'>Ecclesiae</span> <span class='ocrx_word' id='word_1_83' title='bbox 678 931 827 994; x_wconf 81' lang='lat' dir='ltr'>renouatio</span> <span class='ocrx_word' id='word_1_84' title='bbox 851 939 928 1014; x_wconf 85' lang='lat' dir='ltr'>spem</span> <span class='ocrx_word' id='word_1_85' title='bbox 939 924 1056 992; x_wconf 79' lang='lat' dir='ltr'>&#39;lecerat</span> <span class='ocrx_word' id='word_1_86' title='bbox 1074 934 1162 994; x_wconf 88' lang='lat' dir='ltr'>mirae</span> <span class='ocrx_word' id='word_1_87' title='bbox 1172 880 1198 994; x_wconf 73' lang='lat' dir='ltr'>l</span> 
     </span>
     <span class='ocr_line' id='line_1_10' title="bbox 166 1004 1297 1144; baseline 0.005 -78"><span class='ocrx_word' id='word_1_88' title='bbox 166 1004 399 1144; x_wconf 56' lang='lat' dir='ltr'>t’nqsimnlatque</span> <span class='ocrx_word' id='word_1_89' title='bbox 415 1011 587 1092; x_wconf 70' lang='lat' dir='ltr'>apparuisset</span> <span class='ocrx_word' id='word_1_90' title='bbox 605 1007 727 1071; x_wconf 81' lang='lat' dir='ltr'>Messias.</span> <span class='ocrx_word' id='word_1_91' title='bbox 773 1007 902 1070; x_wconf 88' lang='lat' dir='ltr'>Christus</span> <span class='ocrx_word' id='word_1_92' title='bbox 921 1024 1000 1090; x_wconf 83' lang='lat' dir='ltr'>ergo,</span> <span class='ocrx_word' id='word_1_93' title='bbox 1021 1019 1053 1080; x_wconf 83' lang='lat' dir='ltr'>ut</span> <span class='ocrx_word' id='word_1_94' title='bbox 1072 1029 1199 1090; x_wconf 82' lang='lat' dir='ltr'>errorem</span> <span class='ocrx_word' id='word_1_95' title='bbox 1217 1010 1297 1092; x_wconf 83' lang='lat' dir='ltr'>illurn</span> 
     </span>
     <span class='ocr_line' id='line_1_11' title="bbox 167 1083 1234 1170; baseline 0 -26"><span class='ocrx_word' id='word_1_96' title='bbox 167 1103 204 1160; x_wconf 82' lang='lat' dir='ltr'>co</span> <span class='ocrx_word' id='word_1_97' title='bbox 225 1084 314 1163; x_wconf 72' lang='lat' dir='ltr'>ibent,</span> <span class='ocrx_word' id='word_1_98' title='bbox 335 1086 510 1170; x_wconf 83' lang='lat' dir='ltr'>interregni</span> <span class='ocrx_word' id='word_1_99' title='bbox 528 1089 570 1148; x_wconf 91' lang='lat' dir='ltr'>sui</span> <span class='ocrx_word' id='word_1_100' title='bbox 589 1085 756 1168; x_wconf 88' lang='lat' dir='ltr'>principium</span> <span class='ocrx_word' id='word_1_101' title='bbox 777 1096 807 1146; x_wconf 90' lang='lat' dir='ltr'>et</span> <span class='ocrx_word' id='word_1_102' title='bbox 825 1083 1061 1166; x_wconf 86' lang='lat' dir='ltr'>complementum</span> <span class='ocrx_word' id='word_1_103' title='bbox 1080 1084 1234 1168; x_wconf 75' lang='lat' dir='ltr'>distinguit</span> 
     </span>
     <span class='ocr_line' id='line_1_12' title="bbox 244 1159 1343 1254; baseline 0 -30"><span class='ocrx_word' id='word_1_104' title='bbox 244 1163 371 1254; x_wconf 49' lang='lat' dir='ltr'>Luc-28„</span> <span class='ocrx_word' id='word_1_105' title='bbox 404 1165 439 1226; x_wconf 88' lang='lat' dir='ltr'><em>V</em></span> <span class='ocrx_word' id='word_1_106' title='bbox 435 1187 469 1224; x_wconf 84' lang='lat' dir='ltr'>nr</span> <span class='ocrx_word' id='word_1_107' title='bbox 482 1176 583 1224; x_wconf 83' lang='lat' dir='ltr'>nutem</span> <span class='ocrx_word' id='word_1_108' title='bbox 594 1167 758 1223; x_wconf 81' lang='lat' dir='ltr'>mansistis.</span> <span class='ocrx_word' id='word_1_109' title='bbox 790 1161 957 1242; x_wconf 83' lang='lat' dir='ltr'>Quanquam</span> <span class='ocrx_word' id='word_1_110' title='bbox 969 1159 1107 1240; x_wconf 76' lang='lat' dir='ltr'>diversunt</span> <span class='ocrx_word' id='word_1_111' title='bbox 1121 1160 1224 1221; x_wconf 86' lang='lat' dir='ltr'>Christi</span> <span class='ocrx_word' id='word_1_112' title='bbox 1234 1183 1297 1224; x_wconf 88' lang='lat' dir='ltr'>ser·</span> <span class='ocrx_word' id='word_1_113' title='bbox 1334 1221 1343 1232; x_wconf 68' lang='grc'>,</span> 
     </span>
     <span class='ocr_line' id='line_1_13' title="bbox 168 1237 1297 1318; baseline -0.001 -18"><span class='ocrx_word' id='word_1_114' title='bbox 168 1259 285 1302; x_wconf 87' lang='lat' dir='ltr'>monem</span> <span class='ocrx_word' id='word_1_115' title='bbox 309 1252 338 1301; x_wconf 89' lang='lat' dir='ltr'>et</span> <span class='ocrx_word' id='word_1_116' title='bbox 360 1239 415 1301; x_wconf 89' lang='lat' dir='ltr'>alio</span> <span class='ocrx_word' id='word_1_117' title='bbox 439 1251 497 1301; x_wconf 87' lang='lat' dir='ltr'>tem</span> <span class='ocrx_word' id='word_1_118' title='bbox 519 1263 571 1302; x_wconf 89' lang='lat' dir='ltr'>ore</span> <span class='ocrx_word' id='word_1_119' title='bbox 593 1239 717 1301; x_wconf 89' lang='lat' dir='ltr'>habiturn</span> <span class='ocrx_word' id='word_1_120' title='bbox 735 1239 844 1309; x_wconf 86' lang='lat' dir='ltr'>videtur</span> <span class='ocrx_word' id='word_1_121' title='bbox 863 1237 973 1314; x_wconf 84' lang='lat' dir='ltr'>referre</span> <span class='ocrx_word' id='word_1_122' title='bbox 989 1237 1095 1312; x_wconf 84' lang='lat' dir='ltr'>Lucas,</span> <span class='ocrx_word' id='word_1_123' title='bbox 1119 1257 1175 1318; x_wconf 83' lang='lat' dir='ltr'>ego</span> <span class='ocrx_word' id='word_1_124' title='bbox 1198 1247 1297 1299; x_wconf 87' lang='lat' dir='ltr'>tamen</span> 
     </span>
     <span class='ocr_line' id='line_1_14' title="bbox 168 1261 1391 1396; baseline -0.005 -22"><span class='ocrx_word' id='word_1_125' title='bbox 168 1333 230 1376; x_wconf 89' lang='lat' dir='ltr'>non</span> <span class='ocrx_word' id='word_1_126' title='bbox 248 1316 361 1392; x_wconf 86' lang='lat' dir='ltr'>dubito,</span> <span class='ocrx_word' id='word_1_127' title='bbox 404 1317 451 1376; x_wconf 90' lang='lat' dir='ltr'>nin</span> <span class='ocrx_word' id='word_1_128' title='bbox 473 1261 516 1379; x_wconf 77' lang='lat' dir='ltr'>ad</span> <span class='ocrx_word' id='word_1_129' title='bbox 531 1311 605 1378; x_wconf 85' lang='lat' dir='ltr'>ide&#39;m</span> <span class='ocrx_word' id='word_1_130' title='bbox 629 1328 687 1377; x_wconf 89' lang='lat' dir='ltr'>tem</span> <span class='ocrx_word' id='word_1_131' title='bbox 710 1337 741 1374; x_wconf 86' lang='lat' dir='ltr'>us</span> <span class='ocrx_word' id='word_1_132' title='bbox 762 1314 908 1396; x_wconf 78' lang='lat' dir='ltr'>pertineat.</span> <span class='ocrx_word' id='word_1_133' title='bbox 946 1314 1046 1392; x_wconf 88' lang='lat' dir='ltr'>Neque</span> <span class='ocrx_word' id='word_1_134' title='bbox 1066 1311 1141 1374; x_wconf 89' lang='lat' dir='ltr'>enim</span> <span class='ocrx_word' id='word_1_135' title='bbox 1159 1324 1296 1392; x_wconf 84' lang='lat' dir='ltr'>perpetua</span> <span class='ocrx_word' id='word_1_136' title='bbox 1390 1355 1391 1368; x_wconf 73' lang='lat'>.</span> 
     </span>
     <span class='ocr_line' id='line_1_15' title="bbox 166 1341 1254 1467; baseline 0.002 -17"><span class='ocrx_word' id='word_1_137' title='bbox 166 1390 224 1452; x_wconf 89' lang='lat' dir='ltr'>illic</span> <span class='ocrx_word' id='word_1_138' title='bbox 241 1404 371 1454; x_wconf 88' lang='lat' dir='ltr'>narratur</span> <span class='ocrx_word' id='word_1_139' title='bbox 416 1391 494 1454; x_wconf 88' lang='lat' dir='ltr'>bristi</span> <span class='ocrx_word' id='word_1_140' title='bbox 515 1393 626 1467; x_wconf 90' lang='lat' dir='ltr'>concio,</span> <span class='ocrx_word' id='word_1_141' title='bbox 650 1341 706 1453; x_wconf 81' lang='lat' dir='ltr'>sed</span> <span class='ocrx_word' id='word_1_142' title='bbox 974 1389 981 1404; x_wconf 79' lang='grc'><em>’</em></span> <span class='ocrx_word' id='word_1_143' title='bbox 1247 1387 1254 1402; x_wconf 82' lang='lat'>&#39;</span> 
     </span>
     <span class='ocr_line' id='line_1_16' title="bbox 166 1463 1295 1550; baseline -0.004 -22"><span class='ocrx_word' id='word_1_144' title='bbox 166 1467 317 1548; x_wconf 82' lang='lat' dir='ltr'>tentporis,</span> <span class='ocrx_word' id='word_1_145' title='bbox 341 1467 420 1528; x_wconf 89' lang='lat' dir='ltr'>sicuti</span> <span class='ocrx_word' id='word_1_146' title='bbox 445 1468 527 1550; x_wconf 75' lang='lat' dir='ltr'>patilo</span> <span class='ocrx_word' id='word_1_147' title='bbox 550 1481 616 1550; x_wconf 90' lang='lat' dir='ltr'>port</span> <span class='ocrx_word' id='word_1_148' title='bbox 638 1489 748 1544; x_wconf 80' lang='lat' dir='ltr'>rursum</span> <span class='ocrx_word' id='word_1_149' title='bbox 764 1465 915 1526; x_wconf 88' lang='lat' dir='ltr'>dicendum</span> <span class='ocrx_word' id='word_1_150' title='bbox 934 1466 998 1527; x_wconf 87' lang='lat' dir='ltr'>erit.</span> <span class='ocrx_word' id='word_1_151' title='bbox 1038 1467 1188 1528; x_wconf 81' lang='lat' dir='ltr'>Caeterum</span> <span class='ocrx_word' id='word_1_152' title='bbox 1205 1463 1295 1548; x_wconf 92' lang='lat' dir='ltr'>pluri-</span> 
     </span>
     <span class='ocr_line' id='line_1_17' title="bbox 166 1541 1296 1624; baseline 0 -22"><span class='ocrx_word' id='word_1_153' title='bbox 166 1543 219 1604; x_wconf 84' lang='lat' dir='ltr'>bus</span> <span class='ocrx_word' id='word_1_154' title='bbox 236 1543 329 1605; x_wconf 83' lang='lat' dir='ltr'>verbis</span> <span class='ocrx_word' id='word_1_155' title='bbox 347 1543 439 1604; x_wconf 88' lang='lat' dir='ltr'>utitur</span> <span class='ocrx_word' id='word_1_156' title='bbox 457 1565 541 1622; x_wconf 89' lang='lat' dir='ltr'>quarn</span> <span class='ocrx_word' id='word_1_157' title='bbox 554 1541 729 1605; x_wconf 76' lang='lat' dir='ltr'>Matthaeus:</span> <span class='ocrx_word' id='word_1_158' title='bbox 757 1563 821 1602; x_wconf 86' lang='lat' dir='ltr'>narn</span> <span class='ocrx_word' id='word_1_159' title='bbox 841 1542 905 1622; x_wconf 90' lang='lat' dir='ltr'>quia</span> <span class='ocrx_word' id='word_1_160' title='bbox 929 1541 1020 1624; x_wconf 87' lang='lat' dir='ltr'>ipsum</span> <span class='ocrx_word' id='word_1_161' title='bbox 1040 1543 1165 1604; x_wconf 82' lang='lat' dir='ltr'>comitati</span> <span class='ocrx_word' id='word_1_162' title='bbox 1183 1541 1296 1604; x_wconf 75' lang='lat' dir='ltr'>suerent</span> 
     </span>
    </p>
   </div>
   <div class='ocr_carea' id='block_1_3' title="bbox 1194 933 1391 996">
    <p class='ocr_par' dir='ltr' id='par_1_3' title="bbox 1194 933 1391 996">
     <span class='ocr_line' id='line_1_18' title="bbox 1194 933 1391 996; baseline 0.005 -1"><span class='ocrx_word' id='word_1_163' title='bbox 1194 935 1298 996; x_wconf 86' lang='lat' dir='ltr'>elicita·</span> <span class='ocrx_word' id='word_1_164' title='bbox 1390 933 1391 980; x_wconf 74' lang='lat' dir='ltr'>l</span> 
     </span>
    </p>
   </div>
   <div class='ocr_carea' id='block_1_4' title="bbox 718 1389 1391 1473">
    <p class='ocr_par' dir='ltr' id='par_1_4' title="bbox 718 1389 1391 1473">
     <span class='ocr_line' id='line_1_19' title="bbox 718 1389 1391 1473; baseline -0.004 -23"><span class='ocrx_word' id='word_1_165' title='bbox 718 1392 841 1452; x_wconf 83' lang='lat' dir='ltr'>diversae</span> <span class='ocrx_word' id='word_1_166' title='bbox 859 1399 1024 1465; x_wconf 79' lang='lat' dir='ltr'>sentennae,</span> <span class='ocrx_word' id='word_1_167' title='bbox 1043 1389 1175 1473; x_wconf 85' lang='lat' dir='ltr'>neglecto</span> <span class='ocrx_word' id='word_1_168' title='bbox 1187 1389 1295 1465; x_wconf 78' lang='lat' dir='ltr'>¹ordure</span> <span class='ocrx_word' id='word_1_169' title='bbox 1390 1395 1391 1436; x_wconf 75' lang='grc' dir='ltr'>ἶ</span> 
     </span>
    </p>
   </div>
   <div class='ocr_carea' id='block_1_5' title="bbox 165 1619 1391 1701">
    <p class='ocr_par' dir='ltr' id='par_1_5' title="bbox 165 1619 1391 1701">
     <span class='ocr_line' id='line_1_20' title="bbox 165 1619 1391 1701; baseline -0.002 -23"><span class='ocrx_word' id='word_1_170' title='bbox 165 1619 299 1700; x_wconf 79' lang='lat' dir='ltr'>Apostoli</span> <span class='ocrx_word' id='word_1_171' title='bbox 318 1619 347 1678; x_wconf 92' lang='lat' dir='ltr'>in</span> <span class='ocrx_word' id='word_1_172' title='bbox 366 1620 567 1680; x_wconf 85' lang='lat' dir='ltr'>tentationibus</span> <span class='ocrx_word' id='word_1_173' title='bbox 586 1631 615 1679; x_wconf 90' lang='lat' dir='ltr'>et</span> <span class='ocrx_word' id='word_1_174' title='bbox 634 1630 797 1679; x_wconf 82' lang='lat' dir='ltr'>constanter</span> <span class='ocrx_word' id='word_1_175' title='bbox 815 1619 1004 1698; x_wconf 73' lang='lat' dir='ltr'>perstiterant,</span> <span class='ocrx_word' id='word_1_176' title='bbox 1023 1631 1170 1682; x_wconf 85' lang='lat' dir='ltr'>consortes</span> <span class='ocrx_word' id='word_1_177' title='bbox 1183 1640 1295 1701; x_wconf 90' lang='lat' dir='ltr'>quoqne</span> <span class='ocrx_word' id='word_1_178' title='bbox 1390 1657 1391 1676; x_wconf 63' lang='lat'>.</span> 
     </span>
    </p>
   </div>
   <div class='ocr_carea' id='block_1_6' title="bbox 163 1694 1330 1850">
    <p class='ocr_par' dir='ltr' id='par_1_6' title="bbox 163 1694 1330 1850">
     <span class='ocr_line' id='line_1_21' title="bbox 164 1694 1330 1776; baseline 0 -23"><span class='ocrx_word' id='word_1_179' title='bbox 164 1694 272 1776; x_wconf 82' lang='lat' dir='ltr'>gloriae</span> <span class='ocrx_word' id='word_1_180' title='bbox 291 1694 355 1756; x_wconf 84' lang='lat' dir='ltr'>lore</span> <span class='ocrx_word' id='word_1_181' title='bbox 373 1695 545 1776; x_wconf 89' lang='lat' dir='ltr'>pronuntiat.</span> <span class='ocrx_word' id='word_1_182' title='bbox 587 1694 764 1769; x_wconf 80' lang='lat' dir='ltr'>Quaeritur,</span> <span class='ocrx_word' id='word_1_183' title='bbox 777 1714 834 1774; x_wconf 90' lang='lat' dir='ltr'>quo</span> <span class='ocrx_word' id='word_1_184' title='bbox 857 1715 941 1754; x_wconf 90' lang='lat' dir='ltr'>sensu</span> <span class='ocrx_word' id='word_1_185' title='bbox 964 1695 1136 1758; x_wconf 80' lang='lat' dir='ltr'>tentationes</span> <span class='ocrx_word' id='word_1_186' title='bbox 1159 1718 1221 1756; x_wconf 90' lang='lat' dir='ltr'>snas</span> <span class='ocrx_word' id='word_1_187' title='bbox 1244 1717 1295 1775; x_wconf 92' lang='lat' dir='ltr'>ap·</span> <span class='ocrx_word' id='word_1_188' title='bbox 1326 1761 1330 1768; x_wconf 52' lang='grc'><em>,</em></span> 
     </span>
     <span class='ocr_line' id='line_1_22' title="bbox 163 1767 1295 1850; baseline 0 -20"><span class='ocrx_word' id='word_1_189' title='bbox 163 1767 260 1850; x_wconf 87' lang='lat' dir='ltr'>pellet.</span> <span class='ocrx_word' id='word_1_190' title='bbox 298 1773 362 1832; x_wconf 79' lang='lat' dir='ltr'>llo</span> <span class='ocrx_word' id='word_1_191' title='bbox 385 1791 455 1830; x_wconf 81' lang='lat' dir='ltr'>uero</span> <span class='ocrx_word' id='word_1_192' title='bbox 478 1769 644 1844; x_wconf 90' lang='lat' dir='ltr'>certamina,</span> <span class='ocrx_word' id='word_1_193' title='bbox 667 1769 768 1848; x_wconf 91' lang='lat' dir='ltr'>quibus</span> <span class='ocrx_word' id='word_1_194' title='bbox 793 1791 856 1830; x_wconf 89' lang='lat' dir='ltr'>eum</span> <span class='ocrx_word' id='word_1_195' title='bbox 881 1781 912 1829; x_wconf 91' lang='lat' dir='ltr'>et</span> <span class='ocrx_word' id='word_1_196' title='bbox 930 1769 1083 1850; x_wconf 85' lang='lat' dir='ltr'>Apostolos</span> <span class='ocrx_word' id='word_1_197' title='bbox 1106 1771 1295 1832; x_wconf 89' lang='lat' dir='ltr'>communiter</span> 
     </span>
    </p>
   </div>
   <div class='ocr_carea' id='block_1_7' title="bbox 164 1843 1391 1921">
    <p class='ocr_par' dir='ltr' id='par_1_7' title="bbox 164 1843 1391 1921">
     <span class='ocr_line' id='line_1_23' title="bbox 164 1843 1391 1921; baseline 0.001 -16"><span class='ocrx_word' id='word_1_198' title='bbox 164 1843 289 1906; x_wconf 85' lang='lat' dir='ltr'>exercuit</span> <span class='ocrx_word' id='word_1_199' title='bbox 340 1867 403 1921; x_wconf 84' lang='lat' dir='ltr'>eus,</span> <span class='ocrx_word' id='word_1_200' title='bbox 424 1845 516 1905; x_wconf 90' lang='lat' dir='ltr'>notari</span> <span class='ocrx_word' id='word_1_201' title='bbox 542 1845 676 1907; x_wconf 82' lang='lat' dir='ltr'>existimo.</span> <span class='ocrx_word' id='word_1_202' title='bbox 715 1846 760 1906; x_wconf 82' lang='lat' dir='ltr'>Ac</span> <span class='ocrx_word' id='word_1_203' title='bbox 785 1845 887 1904; x_wconf 89' lang='lat' dir='ltr'>merito</span> <span class='ocrx_word' id='word_1_204' title='bbox 911 1849 1109 1905; x_wconf 77' lang='lat' dir='ltr'>tentationum</span> <span class='ocrx_word' id='word_1_205' title='bbox 1132 1868 1204 1908; x_wconf 82' lang='lat' dir='ltr'>voce</span> <span class='ocrx_word' id='word_1_206' title='bbox 1227 1867 1293 1907; x_wconf 91' lang='lat' dir='ltr'>usus</span> <span class='ocrx_word' id='word_1_207' title='bbox 1390 1857 1391 1916; x_wconf 69' lang='grc' dir='ltr'>ζ</span> 
     </span>
    </p>
   </div>
   <div class='ocr_carea' id='block_1_8' title="bbox 162 1919 1391 2156">
    <p class='ocr_par' dir='ltr' id='par_1_8' title="bbox 162 1919 1391 2156">
     <span class='ocr_line' id='line_1_24' title="bbox 162 1919 1391 2058; baseline 0.004 -77"><span class='ocrx_word' id='word_1_208' title='bbox 162 1932 219 2058; x_wconf 63' lang='lat' dir='ltr'>qsdt,</span> <span class='ocrx_word' id='word_1_209' title='bbox 244 1922 309 2002; x_wconf 90' lang='lat' dir='ltr'>qnia</span> <span class='ocrx_word' id='word_1_210' title='bbox 331 1921 574 2014; x_wconf 64' lang='lat' dir='ltr'>veresecundnm</span> <span class='ocrx_word' id='word_1_211' title='bbox 598 1921 733 1982; x_wconf 85' lang='lat' dir='ltr'>hnmanae</span> <span class='ocrx_word' id='word_1_212' title='bbox 756 1932 873 1984; x_wconf 89' lang='lat' dir='ltr'>naturae</span> <span class='ocrx_word' id='word_1_213' title='bbox 891 1919 1008 1984; x_wconf 73' lang='lat' dir='ltr'>sensum‘</span> <span class='ocrx_word' id='word_1_214' title='bbox 1023 1921 1214 2002; x_wconf 66' lang='lat' dir='ltr'>probata&#39;fnit</span> <span class='ocrx_word' id='word_1_215' title='bbox 1232 1923 1294 2014; x_wconf 72' lang='lat' dir='ltr'>eius</span> <span class='ocrx_word' id='word_1_216' title='bbox 1390 2007 1391 2018; x_wconf 10' lang='grc' dir='ltr'>ἵ</span> 
     </span>
     <span class='ocr_line' id='line_1_25' title="bbox 203 2009 1391 2156; baseline 0.001 -19"><span class='ocrx_word' id='word_1_217' title='bbox 203 2009 284 2137; x_wconf 52' lang='grc' dir='ltr'><em>Ἥ</em></span> <span class='ocrx_word' id='word_1_218' title='bbox 298 2010 450 2156; x_wconf 57' lang='lat' dir='ltr'>pliliiiidiro</span> <span class='ocrx_word' id='word_1_219' title='bbox 468 2043 551 2134; x_wconf 80' lang='lat' dir='ltr'>nobie</span> <span class='ocrx_word' id='word_1_220' title='bbox 569 2093 700 2156; x_wconf 84' lang='lat' dir='ltr'>regnum.</span> <span class='ocrx_word' id='word_1_221' title='bbox 745 2073 814 2134; x_wconf 92' lang='lat' dir='ltr'>Non</span> <span class='ocrx_word' id='word_1_222' title='bbox 832 2073 972 2155; x_wconf 89' lang='lat' dir='ltr'>praesides</span> <span class='ocrx_word' id='word_1_223' title='bbox 991 2051 1100 2135; x_wconf 82' lang='lat' dir='ltr'>tantum</span> <span class='ocrx_word' id='word_1_224' title='bbox 1120 2095 1168 2136; x_wconf 91' lang='lat' dir='ltr'>eos</span> <span class='ocrx_word' id='word_1_225' title='bbox 1188 2075 1234 2137; x_wconf 89' lang='lat' dir='ltr'>hic</span> <span class='ocrx_word' id='word_1_226' title='bbox 1253 2053 1292 2138; x_wconf 84' lang='lat' dir='ltr'>la-</span> <span class='ocrx_word' id='word_1_227' title='bbox 1322 2035 1328 2058; x_wconf 47' lang='grc' dir='ltr'><strong><em>Ι</em></strong></span> <span class='ocrx_word' id='word_1_228' title='bbox 1390 2073 1391 2082; x_wconf 68' lang='grc'>’</span> 
     </span>
    </p>
   </div>
   <div class='ocr_carea' id='block_1_9' title="bbox 163 2147 1391 2235">
    <p class='ocr_par' dir='ltr' id='par_1_9' title="bbox 163 2147 1391 2235">
     <span class='ocr_line' id='line_1_26' title="bbox 163 2147 1391 2235; baseline 0.003 -25"><span class='ocrx_word' id='word_1_229' title='bbox 163 2149 212 2226; x_wconf 78' lang='lat' dir='ltr'>cit,</span> <span class='ocrx_word' id='word_1_230' title='bbox 232 2153 282 2212; x_wconf 91' lang='lat' dir='ltr'>sed</span> <span class='ocrx_word' id='word_1_231' title='bbox 299 2173 396 2235; x_wconf 86' lang='lat' dir='ltr'>reges,</span> <span class='ocrx_word' id='word_1_232' title='bbox 420 2149 484 2233; x_wconf 88' lang='lat' dir='ltr'>quia</span> <span class='ocrx_word' id='word_1_233' title='bbox 502 2169 622 2233; x_wconf 87' lang='lat' dir='ltr'>regnum</span> <span class='ocrx_word' id='word_1_234' title='bbox 679 2150 717 2211; x_wconf 93' lang='lat' dir='ltr'>od</span> <span class='ocrx_word' id='word_1_235' title='bbox 736 2149 847 2230; x_wconf 88' lang='lat' dir='ltr'>accepit</span> <span class='ocrx_word' id='word_1_236' title='bbox 869 2171 886 2211; x_wconf 86' lang='lat' dir='ltr'>a</span> <span class='ocrx_word' id='word_1_237' title='bbox 909 2147 992 2211; x_wconf 87' lang='lat' dir='ltr'>Patre</span> <span class='ocrx_word' id='word_1_238' title='bbox 1014 2149 1067 2212; x_wconf 89' lang='lat' dir='ltr'>illis</span> <span class='ocrx_word' id='word_1_239' title='bbox 1092 2153 1292 2214; x_wconf 88' lang='lat' dir='ltr'>communicat.</span> <span class='ocrx_word' id='word_1_240' title='bbox 1390 2159 1391 2162; x_wconf 72' lang='grc'>’</span> 
     </span>
    </p>
   </div>
   <div class='ocr_carea' id='block_1_10' title="bbox 162 2221 1293 2312">
    <p class='ocr_par' dir='ltr' id='par_1_10' title="bbox 162 2221 1293 2312">
     <span class='ocr_line' id='line_1_27' title="bbox 162 2221 1293 2312; baseline 0.006 -25"><span class='ocrx_word' id='word_1_241' title='bbox 162 2221 308 2312; x_wconf 79' lang='lat' dir='ltr'>Emphasis</span> <span class='ocrx_word' id='word_1_242' title='bbox 326 2239 421 2290; x_wconf 88' lang='lat' dir='ltr'>antem</span> <span class='ocrx_word' id='word_1_243' title='bbox 439 2226 534 2289; x_wconf 85' lang='lat' dir='ltr'>subest</span> <span class='ocrx_word' id='word_1_244' title='bbox 552 2227 582 2287; x_wconf 92' lang='lat' dir='ltr'>in</span> <span class='ocrx_word' id='word_1_245' title='bbox 600 2247 650 2286; x_wconf 86' lang='lat' dir='ltr'>ver</span> <span class='ocrx_word' id='word_1_246' title='bbox 670 2247 689 2288; x_wconf 93' lang='lat' dir='ltr'>o</span> <span class='ocrx_word' id='word_1_247' title='bbox 707 2227 890 2305; x_wconf 82' lang='lat' dir='ltr'>disponendi,</span> <span class='ocrx_word' id='word_1_248' title='bbox 911 2247 949 2288; x_wconf 90' lang='lat' dir='ltr'>ne</span> <span class='ocrx_word' id='word_1_249' title='bbox 966 2226 1063 2306; x_wconf 91' lang='lat' dir='ltr'>rapido</span> <span class='ocrx_word' id='word_1_250' title='bbox 1084 2227 1214 2288; x_wconf 88' lang='lat' dir='ltr'>desiderii</span> <span class='ocrx_word' id='word_1_251' title='bbox 1233 2229 1293 2294; x_wconf 87' lang='lat' dir='ltr'>fer-</span> 
     </span>
    </p>
   </div>
   <div class='ocr_carea' id='block_1_11' title="bbox 163 2302 1391 2388">
    <p class='ocr_par' dir='ltr' id='par_1_11' title="bbox 163 2302 1391 2388">
     <span class='ocr_line' id='line_1_28' title="bbox 163 2302 1391 2388; baseline -0.001 -22"><span class='ocrx_word' id='word_1_252' title='bbox 163 2325 235 2366; x_wconf 83' lang='lat' dir='ltr'>vore</span> <span class='ocrx_word' id='word_1_253' title='bbox 254 2305 337 2368; x_wconf 88' lang='lat' dir='ltr'>nimis</span> <span class='ocrx_word' id='word_1_254' title='bbox 355 2305 513 2366; x_wconf 86' lang='lat' dir='ltr'>accelerent</span> <span class='ocrx_word' id='word_1_255' title='bbox 532 2304 567 2364; x_wconf 91' lang='lat' dir='ltr'>ad</span> <span class='ocrx_word' id='word_1_256' title='bbox 584 2324 703 2388; x_wconf 80' lang='lat' dir='ltr'>regnum</span> <span class='ocrx_word' id='word_1_257' title='bbox 722 2305 929 2384; x_wconf 89' lang='lat' dir='ltr'>occupandum,</span> <span class='ocrx_word' id='word_1_258' title='bbox 955 2305 1034 2370; x_wconf 88' lang='lat' dir='ltr'>cuius</span> <span class='ocrx_word' id='word_1_259' title='bbox 1061 2302 1207 2364; x_wconf 89' lang='lat' dir='ltr'>ordinandi</span> <span class='ocrx_word' id='word_1_260' title='bbox 1231 2305 1293 2384; x_wconf 90' lang='lat' dir='ltr'>ipse</span> <span class='ocrx_word' id='word_1_261' title='bbox 1390 2305 1391 2326; x_wconf 68' lang='lat'><em>²</em></span> 
     </span>
    </p>
   </div>
   <div class='ocr_carea' id='block_1_12' title="bbox 164 2378 1292 2467">
    <p class='ocr_par' dir='ltr' id='par_1_12' title="bbox 164 2378 1292 2467">
     <span class='ocr_line' id='line_1_29' title="bbox 164 2378 1292 2467; baseline 0 -27"><span class='ocrx_word' id='word_1_262' title='bbox 164 2403 236 2444; x_wconf 90' lang='lat' dir='ltr'>nnus</span> <span class='ocrx_word' id='word_1_263' title='bbox 260 2395 304 2444; x_wconf 89' lang='lat' dir='ltr'>est</span> <span class='ocrx_word' id='word_1_264' title='bbox 325 2382 466 2467; x_wconf 85' lang='lat' dir='ltr'>legitimus</span> <span class='ocrx_word' id='word_1_265' title='bbox 490 2379 597 2441; x_wconf 90' lang='lat' dir='ltr'>arbiter</span> <span class='ocrx_word' id='word_1_266' title='bbox 623 2391 653 2440; x_wconf 92' lang='lat' dir='ltr'>et</span> <span class='ocrx_word' id='word_1_267' title='bbox 674 2399 726 2441; x_wconf 92' lang='lat' dir='ltr'>sno</span> <span class='ocrx_word' id='word_1_268' title='bbox 745 2378 872 2460; x_wconf 87' lang='lat' dir='ltr'>exemplo</span> <span class='ocrx_word' id='word_1_269' title='bbox 892 2399 941 2440; x_wconf 88' lang='lat' dir='ltr'>eos</span> <span class='ocrx_word' id='word_1_270' title='bbox 959 2380 994 2440; x_wconf 86' lang='lat' dir='ltr'>ad</span> <span class='ocrx_word' id='word_1_271' title='bbox 1011 2378 1171 2460; x_wconf 86' lang='lat' dir='ltr'>patientiam</span> <span class='ocrx_word' id='word_1_272' title='bbox 1190 2379 1292 2440; x_wconf 89' lang='lat' dir='ltr'>horta-</span> 
     </span>
    </p>
   </div>
   <div class='ocr_carea' id='block_1_13' title="bbox 163 2455 1391 2540">
    <p class='ocr_par' dir='ltr' id='par_1_13' title="bbox 163 2455 1391 2540">
     <span class='ocr_line' id='line_1_30' title="bbox 163 2455 1391 2540; baseline -0.002 -23"><span class='ocrx_word' id='word_1_273' title='bbox 163 2469 221 2518; x_wconf 87' lang='lat' dir='ltr'>tur.</span> <span class='ocrx_word' id='word_1_274' title='bbox 271 2459 441 2540; x_wconf 77' lang='lat' dir='ltr'>Quanquam</span> <span class='ocrx_word' id='word_1_275' title='bbox 461 2455 536 2519; x_wconf 91' lang='lat' dir='ltr'>enim</span> <span class='ocrx_word' id='word_1_276' title='bbox 555 2459 617 2518; x_wconf 86' lang='lat' dir='ltr'>Rex</span> <span class='ocrx_word' id='word_1_277' title='bbox 637 2467 698 2518; x_wconf 90' lang='lat' dir='ltr'>erat</span> <span class='ocrx_word' id='word_1_278' title='bbox 715 2477 731 2517; x_wconf 91' lang='lat' dir='ltr'>a</span> <span class='ocrx_word' id='word_1_279' title='bbox 749 2455 833 2517; x_wconf 87' lang='lat' dir='ltr'>Patre</span> <span class='ocrx_word' id='word_1_280' title='bbox 854 2455 1018 2532; x_wconf 83' lang='lat' dir='ltr'>destinatus,</span> <span class='ocrx_word' id='word_1_281' title='bbox 1037 2475 1102 2530; x_wconf 40' lang='lat' dir='ltr'>,non</span> <span class='ocrx_word' id='word_1_282' title='bbox 1119 2467 1215 2516; x_wconf 65' lang='lat' dir='ltr'>umen</span> <span class='ocrx_word' id='word_1_283' title='bbox 1234 2467 1294 2516; x_wconf 76' lang='lat' dir='ltr'>sta-</span> <span class='ocrx_word' id='word_1_284' title='bbox 1390 2479 1391 2490; x_wconf 53' lang='lat'>¹</span> 
     </span>
    </p>
   </div>
   <div class='ocr_carea' id='block_1_14' title="bbox 113 2527 1391 3922">
    <p class='ocr_par' dir='ltr' id='par_1_14' title="bbox 113 2527 1391 2819">
     <span class='ocr_line' id='line_1_31' title="bbox 161 2527 1391 2628; baseline 0.001 -36"><span class='ocrx_word' id='word_1_285' title='bbox 161 2533 216 2592; x_wconf 89' lang='lat' dir='ltr'>tim</span> <span class='ocrx_word' id='word_1_286' title='bbox 239 2533 271 2594; x_wconf 90' lang='lat' dir='ltr'>in</span> <span class='ocrx_word' id='word_1_287' title='bbox 293 2557 371 2596; x_wconf 87' lang='lat' dir='ltr'>snam</span> <span class='ocrx_word' id='word_1_288' title='bbox 395 2535 512 2628; x_wconf 75' lang='lat' dir='ltr'>gloriam</span> <span class='ocrx_word' id='word_1_289' title='bbox 536 2546 649 2595; x_wconf 78' lang='lat' dir='ltr'>evectus</span> <span class='ocrx_word' id='word_1_290' title='bbox 674 2543 729 2608; x_wconf 88' lang='lat' dir='ltr'>est,</span> <span class='ocrx_word' id='word_1_291' title='bbox 755 2532 813 2597; x_wconf 92' lang='lat' dir='ltr'>imo</span> <span class='ocrx_word' id='word_1_292' title='bbox 837 2532 980 2613; x_wconf 81' lang='lat' dir='ltr'>seipsum</span> <span class='ocrx_word' id='word_1_293' title='bbox 1004 2531 1166 2607; x_wconf 77' lang='lat' dir='ltr'>exinanivit,</span> <span class='ocrx_word' id='word_1_294' title='bbox 1191 2542 1221 2592; x_wconf 89' lang='lat' dir='ltr'>et</span> <span class='ocrx_word' id='word_1_295' title='bbox 1239 2553 1294 2612; x_wconf 89' lang='lat' dir='ltr'>per</span> <span class='ocrx_word' id='word_1_296' title='bbox 1390 2527 1391 2586; x_wconf 68' lang='grc' dir='ltr'><em>ἒ</em></span> 
     </span>
     <span class='ocr_line' id='line_1_32' title="bbox 161 2603 1391 2691; baseline 0.002 -23"><span class='ocrx_word' id='word_1_297' title='bbox 161 2607 253 2668; x_wconf 79' lang='lat' dir='ltr'>crucis</span> <span class='ocrx_word' id='word_1_298' title='bbox 274 2608 459 2688; x_wconf 81' lang='lat' dir='ltr'>ignominram</span> <span class='ocrx_word' id='word_1_299' title='bbox 482 2610 597 2690; x_wconf 86' lang='lat' dir='ltr'>adeptus</span> <span class='ocrx_word' id='word_1_300' title='bbox 622 2621 665 2672; x_wconf 87' lang='lat' dir='ltr'>est</span> <span class='ocrx_word' id='word_1_301' title='bbox 687 2605 798 2691; x_wconf 87' lang='lat' dir='ltr'>regium</span> <span class='ocrx_word' id='word_1_302' title='bbox 821 2608 970 2670; x_wconf 79' lang='lat' dir='ltr'>honorem.</span> <span class='ocrx_word' id='word_1_303' title='bbox 1015 2610 1111 2668; x_wconf 83' lang='lat' dir='ltr'>Edere</span> <span class='ocrx_word' id='word_1_304' title='bbox 1138 2619 1169 2668; x_wconf 88' lang='lat' dir='ltr'>et</span> <span class='ocrx_word' id='word_1_305' title='bbox 1194 2612 1291 2670; x_wconf 83' lang='lat' dir='ltr'>bibere</span> <span class='ocrx_word' id='word_1_306' title='bbox 1390 2603 1391 2624; x_wconf 60' lang='lat'>¹</span> 
     </span>
     <span class='ocr_line' id='line_1_33' title="bbox 113 2685 1291 2816; baseline 0.003 -74"><span class='ocrx_word' id='word_1_307' title='bbox 113 2721 119 2732; x_wconf 88' lang='lat'>·</span> <span class='ocrx_word' id='word_1_308' title='bbox 160 2693 246 2816; x_wconf 64' lang='lat' dir='ltr'>supper</span> <span class='ocrx_word' id='word_1_309' title='bbox 263 2703 388 2774; x_wconf 68' lang='lat' dir='ltr'>mqnsam</span> <span class='ocrx_word' id='word_1_310' title='bbox 406 2707 485 2760; x_wconf 82' lang='lat' dir='ltr'>quarn</span> <span class='ocrx_word' id='word_1_311' title='bbox 502 2685 694 2767; x_wconf 76' lang='lat' dir='ltr'>metaphorice</span> <span class='ocrx_word' id='word_1_312' title='bbox 712 2686 815 2768; x_wconf 79' lang='lat' dir='ltr'>posuit,</span> <span class='ocrx_word' id='word_1_313' title='bbox 838 2703 892 2766; x_wconf 86' lang='lat' dir='ltr'>pro</span> <span class='ocrx_word' id='word_1_314' title='bbox 915 2706 950 2747; x_wconf 90' lang='lat' dir='ltr'>eo</span> <span class='ocrx_word' id='word_1_315' title='bbox 969 2685 1046 2769; x_wconf 89' lang='lat' dir='ltr'>quod</span> <span class='ocrx_word' id='word_1_316' title='bbox 1065 2697 1116 2762; x_wconf 88' lang='lat' dir='ltr'>est,</span> <span class='ocrx_word' id='word_1_317' title='bbox 1134 2686 1291 2761; x_wconf 82' lang='lat' dir='ltr'>communis</span> 
     </span>
     <span class='ocr_line' id='line_1_34' title="bbox 190 2763 1042 2819; baseline 0.005 -3"><span class='ocrx_word' id='word_1_318' title='bbox 190 2771 365 2819; x_wconf 64' lang='lat' dir='ltr'>onaeesse*</span> <span class='ocrx_word' id='word_1_319' title='bbox 417 2763 467 2819; x_wconf 75' lang='lat'>⁸.</span> <span class='ocrx_word' id='word_1_320' title='bbox 716 2771 768 2788; x_wconf 88' lang='lat'>&#39;&#39;</span> <span class='ocrx_word' id='word_1_321' title='bbox 843 2781 845 2788; x_wconf 92' lang='lat'>·</span> <span class='ocrx_word' id='word_1_322' title='bbox 981 2783 1042 2796; x_wconf 42' lang='lat'>&#39;1</span> 
     </span>
    </p>

    <p class='ocr_par' dir='ltr' id='par_1_15' title="bbox 157 2775 1348 3070">
     <span class='ocr_line' id='line_1_35' title="bbox 159 2775 1348 2972; baseline 0.005 -81"><span class='ocrx_word' id='word_1_323' title='bbox 159 2775 181 2842; x_wconf 63' lang='lat' dir='ltr'>g</span> <span class='ocrx_word' id='word_1_324' title='bbox 236 2833 338 2972; x_wconf 76' lang='lat' dir='ltr'>Mqtth.</span> <span class='ocrx_word' id='word_1_325' title='bbox 357 2781 580 2971; x_wconf 51' lang='grc' dir='ltr'>ῧωοὸυἰεῗυίε</span> <span class='ocrx_word' id='word_1_326' title='bbox 598 2837 761 2912; x_wconf 72' lang='lat' dir='ltr'>reliquerit,</span> <span class='ocrx_word' id='word_1_327' title='bbox 795 2835 948 2916; x_wconf 78' lang='lat' dir='ltr'>Postquam</span> <span class='ocrx_word' id='word_1_328' title='bbox 962 2821 1082 2921; x_wconf 38' lang='lat' dir='ltr'>‘suorum</span> <span class='ocrx_word' id='word_1_329' title='bbox 1102 2849 1209 2899; x_wconf 87' lang='lat' dir='ltr'>mentes</span> <span class='ocrx_word' id='word_1_330' title='bbox 1226 2859 1289 2898; x_wconf 86' lang='lat' dir='ltr'>sur-</span> <span class='ocrx_word' id='word_1_331' title='bbox 1346 2905 1348 2911; x_wconf 27' lang='grc' dir='ltr'>Ι</span> 
     </span>
     <span class='ocr_line' id='line_1_36' title="bbox 158 2907 1289 2996; baseline 0.001 -23"><span class='ocrx_word' id='word_1_332' title='bbox 158 2931 222 2973; x_wconf 85' lang='lat' dir='ltr'>sum</span> <span class='ocrx_word' id='word_1_333' title='bbox 240 2933 275 2974; x_wconf 84' lang='lat' dir='ltr'>ex</span> <span class='ocrx_word' id='word_1_334' title='bbox 288 2908 338 2972; x_wconf 90' lang='lat' dir='ltr'>ulit</span> <span class='ocrx_word' id='word_1_335' title='bbox 356 2912 391 2972; x_wconf 83' lang='lat' dir='ltr'>ad</span> <span class='ocrx_word' id='word_1_336' title='bbox 408 2933 488 2993; x_wconf 88' lang='lat' dir='ltr'>spem</span> <span class='ocrx_word' id='word_1_337' title='bbox 520 2922 618 2972; x_wconf 90' lang='lat' dir='ltr'>uturae</span> <span class='ocrx_word' id='word_1_338' title='bbox 630 2909 714 2986; x_wconf 83' lang='lat' dir='ltr'>vitae,</span> <span class='ocrx_word' id='word_1_339' title='bbox 733 2907 837 2972; x_wconf 86' lang='lat' dir='ltr'>solatiis</span> <span class='ocrx_word' id='word_1_340' title='bbox 852 2912 936 2973; x_wconf 85' lang='lat' dir='ltr'>etiam</span> <span class='ocrx_word' id='word_1_341' title='bbox 947 2914 1139 2996; x_wconf 85' lang='lat' dir='ltr'>praesentibus</span> <span class='ocrx_word' id='word_1_342' title='bbox 1159 2934 1208 2974; x_wconf 91' lang='lat' dir='ltr'>eos</span> <span class='ocrx_word' id='word_1_343' title='bbox 1227 2935 1289 2974; x_wconf 87' lang='lat' dir='ltr'>sus-</span> 
     </span>
     <span class='ocr_line' id='line_1_37' title="bbox 157 2985 1287 3070; baseline 0 -22"><span class='ocrx_word' id='word_1_344' title='bbox 157 2999 265 3065; x_wconf 87' lang='lat' dir='ltr'>tentat,</span> <span class='ocrx_word' id='word_1_345' title='bbox 291 2988 493 3070; x_wconf 84' lang='lat' dir='ltr'>confirmatque</span> <span class='ocrx_word' id='word_1_346' title='bbox 515 2987 550 3048; x_wconf 93' lang='lat' dir='ltr'>ad</span> <span class='ocrx_word' id='word_1_347' title='bbox 563 2985 716 3062; x_wconf 28' lang='lat' dir='ltr'>,serendam</span> <span class='ocrx_word' id='word_1_348' title='bbox 741 3008 863 3051; x_wconf 90' lang='lat' dir='ltr'>crucem.</span> <span class='ocrx_word' id='word_1_349' title='bbox 902 2991 1003 3070; x_wconf 82' lang='lat' dir='ltr'>Neque</span> <span class='ocrx_word' id='word_1_350' title='bbox 1022 2987 1182 3062; x_wconf 82' lang='lat' dir='ltr'>enini-suos</span> <span class='ocrx_word' id='word_1_351' title='bbox 1199 2989 1287 3064; x_wconf 85' lang='lat' dir='ltr'>Deus,</span> 
     </span>
    </p>

    <p class='ocr_par' dir='ltr' id='par_1_16' title="bbox 155 3059 1342 3922">
     <span class='ocr_line' id='line_1_38' title="bbox 156 3059 1342 3149; baseline 0.002 -26"><span class='ocrx_word' id='word_1_352' title='bbox 156 3062 225 3125; x_wconf 89' lang='lat' dir='ltr'>licet</span> <span class='ocrx_word' id='word_1_353' title='bbox 243 3067 368 3148; x_wconf 83' lang='lat' dir='ltr'>&#39;graviter</span> <span class='ocrx_word' id='word_1_354' title='bbox 384 3063 473 3148; x_wconf 82' lang='lat' dir='ltr'>affligi</span> <span class='ocrx_word' id='word_1_355' title='bbox 493 3063 578 3139; x_wconf 84' lang='lat' dir='ltr'>sinat,</span> <span class='ocrx_word' id='word_1_356' title='bbox 601 3080 641 3122; x_wconf 86' lang='lat' dir='ltr'>un</span> <span class='ocrx_word' id='word_1_357' title='bbox 680 3085 724 3124; x_wconf 86' lang='lat' dir='ltr'>am</span> <span class='ocrx_word' id='word_1_358' title='bbox 744 3075 839 3124; x_wconf 89' lang='lat' dir='ltr'>tamen</span> <span class='ocrx_word' id='word_1_359' title='bbox 857 3065 975 3144; x_wconf 81' lang='lat' dir='ltr'>deserit,</span> <span class='ocrx_word' id='word_1_360' title='bbox 998 3067 1067 3149; x_wconf 88' lang='lat' dir='ltr'>quin</span> <span class='ocrx_word' id='word_1_361' title='bbox 1085 3065 1146 3128; x_wconf 82' lang='lat' dir='ltr'>suis</span> <span class='ocrx_word' id='word_1_362' title='bbox 1159 3064 1286 3126; x_wconf 84' lang='lat' dir='ltr'>subsidiis</span> <span class='ocrx_word' id='word_1_363' title='bbox 1336 3059 1342 3074; x_wconf 58' lang='lat'>⁸</span> 
     </span>
     <span class='ocr_line' id='line_1_39' title="bbox 157 3141 1286 3224; baseline 0.002 -26"><span class='ocrx_word' id='word_1_364' title='bbox 157 3155 325 3221; x_wconf 86' lang='lat' dir='ltr'>compenset</span> <span class='ocrx_word' id='word_1_365' title='bbox 342 3163 442 3218; x_wconf 81' lang='lat' dir='ltr'>eorum</span> <span class='ocrx_word' id='word_1_366' title='bbox 461 3160 615 3203; x_wconf 89' lang='lat' dir='ltr'>aerumnas.</span> <span class='ocrx_word' id='word_1_367' title='bbox 674 3161 745 3222; x_wconf 89' lang='lat' dir='ltr'>eque</span> <span class='ocrx_word' id='word_1_368' title='bbox 764 3141 809 3202; x_wconf 90' lang='lat' dir='ltr'>hic</span> <span class='ocrx_word' id='word_1_369' title='bbox 828 3152 938 3202; x_wconf 91' lang='lat' dir='ltr'>tantum</span> <span class='ocrx_word' id='word_1_370' title='bbox 956 3142 1111 3224; x_wconf 76' lang='lat' dir='ltr'>Apostolos</span> <span class='ocrx_word' id='word_1_371' title='bbox 1125 3141 1181 3201; x_wconf 88' lang='lat' dir='ltr'>allo</span> <span class='ocrx_word' id='word_1_372' title='bbox 1203 3141 1286 3216; x_wconf 89' lang='lat' dir='ltr'>nitur,</span> 
     </span>
     <span class='ocr_line' id='line_1_40' title="bbox 157 3163 1285 3300; baseline 0.004 -26"><span class='ocrx_word' id='word_1_373' title='bbox 157 3214 207 3298; x_wconf 84' lang='lat' dir='ltr'>sed</span> <span class='ocrx_word' id='word_1_374' title='bbox 225 3233 336 3300; x_wconf 88' lang='lat' dir='ltr'>sumpta</span> <span class='ocrx_word' id='word_1_375' title='bbox 354 3219 517 3295; x_wconf 86' lang='lat' dir='ltr'>occasione,</span> <span class='ocrx_word' id='word_1_376' title='bbox 541 3216 710 3300; x_wconf 81' lang='lat' dir='ltr'>&#39;generaliter</span> <span class='ocrx_word' id='word_1_377' title='bbox 732 3217 767 3277; x_wconf 88' lang='lat' dir='ltr'>ad</span> <span class='ocrx_word' id='word_1_378' title='bbox 790 3217 854 3300; x_wconf 90' lang='lat' dir='ltr'>pios</span> <span class='ocrx_word' id='word_1_379' title='bbox 872 3225 975 3279; x_wconf 58' lang='lat' dir='ltr'>*omnes</span> <span class='ocrx_word' id='word_1_380' title='bbox 998 3239 1158 3283; x_wconf 89' lang='lat' dir='ltr'>sermonem</span> <span class='ocrx_word' id='word_1_381' title='bbox 1181 3163 1285 3299; x_wconf 75' lang='lat' dir='ltr'>dirigit.</span> 
     </span>
     <span class='ocr_line' id='line_1_41' title="bbox 156 3292 1287 3388; baseline 0.005 -40"><span class='ocrx_word' id='word_1_382' title='bbox 156 3292 237 3352; x_wconf 83' lang='lat' dir='ltr'>llaec</span> <span class='ocrx_word' id='word_1_383' title='bbox 259 3316 366 3364; x_wconf 85' lang='lat' dir='ltr'>summa</span> <span class='ocrx_word' id='word_1_384' title='bbox 386 3307 441 3356; x_wconf 85' lang='lat' dir='ltr'>est:</span> <span class='ocrx_word' id='word_1_385' title='bbox 465 3295 513 3388; x_wconf 86' lang='lat' dir='ltr'>qui</span> <span class='ocrx_word' id='word_1_386' title='bbox 536 3304 637 3376; x_wconf 89' lang='lat' dir='ltr'>sponte</span> <span class='ocrx_word' id='word_1_387' title='bbox 661 3294 754 3364; x_wconf 83' lang='lat' dir='ltr'>omnia</span> <span class='ocrx_word' id='word_1_388' title='bbox 778 3294 951 3374; x_wconf 84' lang='lat' dir='ltr'>perdiderint</span> <span class='ocrx_word' id='word_1_389' title='bbox 974 3294 1013 3355; x_wconf 95' lang='lat' dir='ltr'>ob</span> <span class='ocrx_word' id='word_1_390' title='bbox 1036 3294 1143 3368; x_wconf 82' lang='lat' dir='ltr'>Christi</span> <span class='ocrx_word' id='word_1_391' title='bbox 1167 3315 1287 3374; x_wconf 83' lang='lat' dir='ltr'>causam,</span> 
     </span>
     <span class='ocr_line' id='line_1_42' title="bbox 156 3365 1285 3453; baseline 0.003 -27"><span class='ocrx_word' id='word_1_392' title='bbox 156 3365 222 3426; x_wconf 83' lang='lat' dir='ltr'>fore</span> <span class='ocrx_word' id='word_1_393' title='bbox 245 3379 340 3430; x_wconf 89' lang='lat' dir='ltr'>tamen</span> <span class='ocrx_word' id='word_1_394' title='bbox 366 3372 449 3433; x_wconf 87' lang='lat' dir='ltr'>etiam</span> <span class='ocrx_word' id='word_1_395' title='bbox 478 3393 507 3430; x_wconf 90' lang='lat' dir='ltr'>m</span> <span class='ocrx_word' id='word_1_396' title='bbox 532 3371 582 3437; x_wconf 84' lang='lat' dir='ltr'>bac</span> <span class='ocrx_word' id='word_1_397' title='bbox 606 3370 663 3430; x_wconf 85' lang='lat' dir='ltr'>vita</span> <span class='ocrx_word' id='word_1_398' title='bbox 686 3369 825 3445; x_wconf 80' lang='lat' dir='ltr'>feliciores</span> <span class='ocrx_word' id='word_1_399' title='bbox 850 3393 932 3451; x_wconf 90' lang='lat' dir='ltr'>quam</span> <span class='ocrx_word' id='word_1_400' title='bbox 956 3371 979 3432; x_wconf 87' lang='lat' dir='ltr'>si</span> <span class='ocrx_word' id='word_1_401' title='bbox 1004 3371 1109 3453; x_wconf 81' lang='lat' dir='ltr'>integri</span> <span class='ocrx_word' id='word_1_402' title='bbox 1133 3371 1285 3446; x_wconf 88' lang='lat' dir='ltr'>stetissent,</span> 
     </span>
     <span class='ocr_line' id='line_1_43' title="bbox 155 3439 1287 3528; baseline 0.006 -27"><span class='ocrx_word' id='word_1_403' title='bbox 155 3443 333 3524; x_wconf 88' lang='lat' dir='ltr'>praecipuam</span> <span class='ocrx_word' id='word_1_404' title='bbox 355 3467 426 3508; x_wconf 83' lang='lat' dir='ltr'>vero</span> <span class='ocrx_word' id='word_1_405' title='bbox 451 3447 610 3510; x_wconf 89' lang='lat' dir='ltr'>mercedem</span> <span class='ocrx_word' id='word_1_406' title='bbox 633 3446 685 3520; x_wconf 80' lang='lat' dir='ltr'>illis</span> <span class='ocrx_word' id='word_1_407' title='bbox 711 3445 740 3506; x_wconf 89' lang='lat' dir='ltr'>in</span> <span class='ocrx_word' id='word_1_408' title='bbox 764 3446 847 3507; x_wconf 91' lang='lat' dir='ltr'>coelo</span> <span class='ocrx_word' id='word_1_409' title='bbox 873 3469 933 3524; x_wconf 84' lang='lat' dir='ltr'>esse</span> <span class='ocrx_word' id='word_1_410' title='bbox 956 3447 1116 3528; x_wconf 80' lang='lat' dir='ltr'>repositam.</span> <span class='ocrx_word' id='word_1_411' title='bbox 1152 3439 1287 3508; x_wconf 72' lang='lat' dir='ltr'>&#39;Videtur</span> 
     </span>
     <span class='ocr_line' id='line_1_44' title="bbox 156 3522 1287 3629; baseline 0.004 -49"><span class='ocrx_word' id='word_1_412' title='bbox 156 3531 265 3596; x_wconf 86' lang='lat' dir='ltr'>tamen,</span> <span class='ocrx_word' id='word_1_413' title='bbox 291 3523 369 3602; x_wconf 92' lang='lat' dir='ltr'>quod</span> <span class='ocrx_word' id='word_1_414' title='bbox 392 3525 428 3583; x_wconf 92' lang='lat' dir='ltr'>de</span> <span class='ocrx_word' id='word_1_415' title='bbox 448 3523 579 3629; x_wconf 76' lang='lat' dir='ltr'>centupla</span> <span class='ocrx_word' id='word_1_416' title='bbox 599 3522 830 3606; x_wconf 84' lang='lat' dir='ltr'>compensatione</span> <span class='ocrx_word' id='word_1_417' title='bbox 850 3524 1004 3606; x_wconf 77' lang='lat' dir='ltr'>promittit,</span> <span class='ocrx_word' id='word_1_418' title='bbox 1026 3547 1091 3600; x_wconf 84' lang='lat' dir='ltr'>cnm</span> <span class='ocrx_word' id='word_1_419' title='bbox 1115 3525 1287 3606; x_wconf 82' lang='lat' dir='ltr'>experientia</span> 
     </span>
     <span class='ocr_line' id='line_1_45' title="bbox 156 3591 1284 3692; baseline 0.004 -35"><span class='ocrx_word' id='word_1_420' title='bbox 156 3595 272 3657; x_wconf 86' lang='lat' dir='ltr'>minime</span> <span class='ocrx_word' id='word_1_421' title='bbox 298 3617 351 3659; x_wconf 88' lang='lat' dir='ltr'>con</span> <span class='ocrx_word' id='word_1_422' title='bbox 375 3613 466 3660; x_wconf 84' lang='lat' dir='ltr'>tuere.</span> <span class='ocrx_word' id='word_1_423' title='bbox 517 3601 590 3660; x_wconf 75' lang='lat' dir='ltr'>ham</span> <span class='ocrx_word' id='word_1_424' title='bbox 605 3613 645 3660; x_wconf 74' lang='grc' dir='ltr'>,ιιι</span> <span class='ocrx_word' id='word_1_425' title='bbox 669 3599 818 3692; x_wconf 86' lang='lat' dir='ltr'>plurimum</span> <span class='ocrx_word' id='word_1_426' title='bbox 861 3599 889 3674; x_wconf 83' lang='lat' dir='ltr'>ni</span> <span class='ocrx_word' id='word_1_427' title='bbox 908 3591 1089 3680; x_wconf 70' lang='lat' dir='ltr'>orbati&#39;sunt</span> <span class='ocrx_word' id='word_1_428' title='bbox 1115 3601 1284 3683; x_wconf 79' lang='lat' dir='ltr'>parentibus,</span> 
     </span>
     <span class='ocr_line' id='line_1_46' title="bbox 157 3619 1283 3768; baseline 0.001 -34"><span class='ocrx_word' id='word_1_429' title='bbox 157 3672 203 3734; x_wconf 82' lang='lat' dir='ltr'>rel</span> <span class='ocrx_word' id='word_1_430' title='bbox 221 3671 329 3748; x_wconf 90' lang='lat' dir='ltr'>liberis,</span> <span class='ocrx_word' id='word_1_431' title='bbox 353 3619 467 3768; x_wconf 75' lang='lat' dir='ltr'>alliisque</span> <span class='ocrx_word' id='word_1_432' title='bbox 487 3677 629 3760; x_wconf 83' lang='lat' dir='ltr'>cognatis,</span> <span class='ocrx_word' id='word_1_433' title='bbox 653 3677 756 3757; x_wconf 78' lang='lat' dir='ltr'>urdnati</span> <span class='ocrx_word' id='word_1_434' title='bbox 775 3697 846 3735; x_wconf 86' lang='lat' dir='ltr'>uxor</span> <span class='ocrx_word' id='word_1_435' title='bbox 876 3699 922 3752; x_wconf 87' lang='lat' dir='ltr'>ns,</span> <span class='ocrx_word' id='word_1_436' title='bbox 945 3689 973 3736; x_wconf 89' lang='lat' dir='ltr'>et</span> <span class='ocrx_word' id='word_1_437' title='bbox 992 3677 1114 3738; x_wconf 79' lang='lat' dir='ltr'>fortunis</span> <span class='ocrx_word' id='word_1_438' title='bbox 1132 3678 1229 3752; x_wconf 79' lang='lat' dir='ltr'>nudati</span> <span class='ocrx_word' id='word_1_439' title='bbox 1247 3677 1283 3736; x_wconf 92' lang='lat' dir='ltr'>oh</span> 
     </span>
     <span class='ocr_line' id='line_1_47' title="bbox 158 3751 1285 3834; baseline 0 -20"><span class='ocrx_word' id='word_1_440' title='bbox 158 3751 264 3814; x_wconf 84' lang='lat' dir='ltr'>Christi</span> <span class='ocrx_word' id='word_1_441' title='bbox 281 3751 487 3828; x_wconf 76' lang='lat' dir='ltr'>testimonium,</span> <span class='ocrx_word' id='word_1_442' title='bbox 512 3756 583 3815; x_wconf 92' lang='lat' dir='ltr'>adeo</span> <span class='ocrx_word' id='word_1_443' title='bbox 603 3776 652 3814; x_wconf 92' lang='lat' dir='ltr'>sua</span> <span class='ocrx_word' id='word_1_444' title='bbox 669 3773 727 3830; x_wconf 80' lang='lat' dir='ltr'>non</span> <span class='ocrx_word' id='word_1_445' title='bbox 749 3765 930 3834; x_wconf 80' lang='lat' dir='ltr'>recuperant,</span> <span class='ocrx_word' id='word_1_446' title='bbox 955 3754 1033 3832; x_wconf 83' lang='lat' dir='ltr'>utin</span> <span class='ocrx_word' id='word_1_447' title='bbox 1054 3753 1150 3814; x_wconf 86' lang='lat' dir='ltr'>exsilio</span> <span class='ocrx_word' id='word_1_448' title='bbox 1169 3753 1285 3827; x_wconf 75' lang='lat' dir='ltr'>solitarii</span> 
     </span>
     <span class='ocr_line' id='line_1_48' title="bbox 157 3819 1283 3922; baseline 0 -33"><span class='ocrx_word' id='word_1_449' title='bbox 157 3839 188 3888; x_wconf 91' lang='lat' dir='ltr'>et</span> <span class='ocrx_word' id='word_1_450' title='bbox 209 3819 313 3890; x_wconf 86' lang='lat' dir='ltr'>deserti</span> <span class='ocrx_word' id='word_1_451' title='bbox 337 3851 400 3890; x_wconf 89' lang='lat' dir='ltr'>cum</span> <span class='ocrx_word' id='word_1_452' title='bbox 420 3829 494 3890; x_wconf 80' lang='lat' dir='ltr'>&#39;dura</span> <span class='ocrx_word' id='word_1_453' title='bbox 518 3843 643 3914; x_wconf 84' lang='lat' dir='ltr'>egestate</span> <span class='ocrx_word' id='word_1_454' title='bbox 665 3851 751 3922; x_wconf 70' lang='lat' dir='ltr'>aegre</span> <span class='ocrx_word' id='word_1_455' title='bbox 773 3829 929 3908; x_wconf 60' lang='lat' dir='ltr'>luctentur?</span> <span class='ocrx_word' id='word_1_456' title='bbox 971 3829 1155 3916; x_wconf 70' lang='lat' dir='ltr'>Respondes,</span> <span class='ocrx_word' id='word_1_457' title='bbox 1176 3829 1283 3910; x_wconf 86' lang='lat' dir='ltr'>siquis</span> 
     </span>
    </p>
   </div>
   <div class='ocr_carea' id='block_1_15' title="bbox 149 3903 1391 4074">
    <p class='ocr_par' dir='ltr' id='par_1_17' title="bbox 149 3903 1391 4074">
     <span class='ocr_line' id='line_1_49' title="bbox 149 3903 1391 3990; baseline 0.003 -30"><span class='ocrx_word' id='word_1_458' title='bbox 149 3905 212 3986; x_wconf 84' lang='lat' dir='ltr'>rite</span> <span class='ocrx_word' id='word_1_459' title='bbox 231 3919 406 3983; x_wconf 85' lang='lat' dir='ltr'>praesentem</span> <span class='ocrx_word' id='word_1_460' title='bbox 425 3906 482 3968; x_wconf 87' lang='lat' dir='ltr'>Dei</span> <span class='ocrx_word' id='word_1_461' title='bbox 500 3907 617 3990; x_wconf 84' lang='lat' dir='ltr'>gratiam</span> <span class='ocrx_word' id='word_1_462' title='bbox 636 3917 775 3984; x_wconf 79' lang='lat' dir='ltr'>aestimet,</span> <span class='ocrx_word' id='word_1_463' title='bbox 799 3909 855 3986; x_wconf 81' lang='lat' dir='ltr'>qua</span> <span class='ocrx_word' id='word_1_464' title='bbox 873 3927 988 3989; x_wconf 81' lang='lat' dir='ltr'>suorum</span> <span class='ocrx_word' id='word_1_465' title='bbox 1007 3907 1130 3976; x_wconf 83' lang='lat' dir='ltr'>miserias</span> <span class='ocrx_word' id='word_1_466' title='bbox 1146 3903 1283 3986; x_wconf 13' lang='lat' dir='ltr'>&#39;sublevat</span> <span class='ocrx_word' id='word_1_467' title='bbox 1319 3919 1327 3932; x_wconf 91' lang='grc'><em>·</em></span> <span class='ocrx_word' id='word_1_468' title='bbox 1390 3931 1391 3952; x_wconf 59' lang='lat' dir='ltr'>i</span> 
     </span>
     <span class='ocr_line' id='line_1_50' title="bbox 155 3975 1391 4074; baseline 0.005 -39"><span class='ocrx_word' id='word_1_469' title='bbox 155 3975 291 4042; x_wconf 79' lang='lat' dir='ltr'>fatebitur</span> <span class='ocrx_word' id='word_1_470' title='bbox 310 3983 440 4044; x_wconf 89' lang='lat' dir='ltr'>omnibns</span> <span class='ocrx_word' id='word_1_471' title='bbox 459 3983 557 4044; x_wconf 91' lang='lat' dir='ltr'>mnndi</span> <span class='ocrx_word' id='word_1_472' title='bbox 578 4003 595 4041; x_wconf 95' lang='lat' dir='ltr'>o</span> <span class='ocrx_word' id='word_1_473' title='bbox 616 3983 678 4044; x_wconf 93' lang='lat' dir='ltr'>ihus</span> <span class='ocrx_word' id='word_1_474' title='bbox 698 4005 757 4043; x_wconf 91' lang='lat' dir='ltr'>non</span> <span class='ocrx_word' id='word_1_475' title='bbox 775 3993 882 4061; x_wconf 84' lang='lat' dir='ltr'>temere</span> <span class='ocrx_word' id='word_1_476' title='bbox 900 3983 1060 4068; x_wconf 81' lang='lat' dir='ltr'>praeferri..</span> <span class='ocrx_word' id='word_1_477' title='bbox 1081 3981 1283 4064; x_wconf 84' lang='lat' dir='ltr'>&#39;Quantpmvis</span> <span class='ocrx_word' id='word_1_478' title='bbox 1390 4047 1391 4074; x_wconf 56' lang='lat'>,</span> 
     </span>
    </p>
   </div>
   <div class='ocr_carea' id='block_1_16' title="bbox 157 4051 1282 4146">
    <p class='ocr_par' dir='ltr' id='par_1_18' title="bbox 157 4051 1282 4146">
     <span class='ocr_line' id='line_1_51' title="bbox 157 4051 1282 4146; baseline 0.004 -34"><span class='ocrx_word' id='word_1_479' title='bbox 157 4053 231 4132; x_wconf 67' lang='lat' dir='ltr'>§atim</span> <span class='ocrx_word' id='word_1_480' title='bbox 250 4051 375 4130; x_wconf 80' lang='lat' dir='ltr'>floreant</span> <span class='ocrx_word' id='word_1_481' title='bbox 389 4059 537 4136; x_wconf 80' lang='lat' dir='ltr'>increduli,</span> <span class='ocrx_word' id='word_1_482' title='bbox 560 4057 624 4139; x_wconf 81' lang='lat' dir='ltr'>quta</span> <span class='ocrx_word' id='word_1_483' title='bbox 642 4055 738 4118; x_wconf 86' lang='lat' dir='ltr'>tamen</span> <span class='ocrx_word' id='word_1_484' title='bbox 757 4060 908 4134; x_wconf 85' lang='lat' dir='ltr'>nesciunt,</span> <span class='ocrx_word' id='word_1_485' title='bbox 921 4061 986 4142; x_wconf 92' lang='lat' dir='ltr'>quid</span> <span class='ocrx_word' id='word_1_486' title='bbox 1006 4061 1059 4146; x_wconf 74' lang='lat' dir='ltr'>sihi</span> <span class='ocrx_word' id='word_1_487' title='bbox 1082 4061 1111 4120; x_wconf 94' lang='lat' dir='ltr'>in</span> <span class='ocrx_word' id='word_1_488' title='bbox 1136 4061 1282 4122; x_wconf 83' lang='lat' dir='ltr'>crastinum</span> 
     </span>
    </p>
   </div>
   <div class='ocr_carea' id='block_1_17' title="bbox 155 4133 1391 4223">
    <p class='ocr_par' dir='ltr' id='par_1_19' title="bbox 155 4133 1391 4223">
     <span class='ocr_line' id='line_1_52' title="bbox 155 4133 1391 4223; baseline 0.018 -50"><span class='ocrx_word' id='word_1_489' title='bbox 155 4133 254 4200; x_wconf 73' lang='lat' dir='ltr'>instet,</span> <span class='ocrx_word' id='word_1_490' title='bbox 276 4138 424 4218; x_wconf 73' lang='lat' dir='ltr'>perpleros</span> <span class='ocrx_word' id='word_1_491' title='bbox 449 4155 614 4219; x_wconf 80' lang='lat' dir='ltr'>semperne</span> <span class='ocrx_word' id='word_1_492' title='bbox 637 4135 906 4223; x_wconf 70' lang='lat' dir='ltr'>trepidos&#39;aestuare</span> <span class='ocrx_word' id='word_1_493' title='bbox 925 4158 1039 4198; x_wconf 87' lang='lat' dir='ltr'>necesse</span> <span class='ocrx_word' id='word_1_494' title='bbox 1059 4149 1116 4211; x_wconf 89' lang='lat' dir='ltr'>est,</span> <span class='ocrx_word' id='word_1_495' title='bbox 1140 4159 1194 4198; x_wconf 91' lang='lat' dir='ltr'>nec</span> <span class='ocrx_word' id='word_1_496' title='bbox 1211 4141 1281 4198; x_wconf 68' lang='lat' dir='ltr'>&#39;vero</span> <span class='ocrx_word' id='word_1_497' title='bbox 1390 4165 1391 4174; x_wconf 22' lang='grc' dir='ltr'><strong>κ</strong></span> 
     </span>
    </p>
   </div>
   <div class='ocr_carea' id='block_1_18' title="bbox 70 4188 1391 4380">
    <p class='ocr_par' dir='ltr' id='par_1_20' title="bbox 70 4188 1391 4380">
     <span class='ocr_line' id='line_1_53' title="bbox 70 4188 1391 4314; baseline 0.008 -52"><span class='ocrx_word' id='word_1_498' title='bbox 70 4216 86 4249; x_wconf 73' lang='lat'>¹·</span> <span class='ocrx_word' id='word_1_499' title='bbox 156 4188 234 4314; x_wconf 52' lang='lat' dir='ltr'>“glclier</span> <span class='ocrx_word' id='word_1_500' title='bbox 252 4204 308 4266; x_wconf 80' lang='lat' dir='ltr'>hut</span> <span class='ocrx_word' id='word_1_501' title='bbox 327 4225 445 4294; x_wconf 76' lang='lat' dir='ltr'>possunt</span> <span class='ocrx_word' id='word_1_502' title='bbox 464 4215 535 4298; x_wconf 82' lang='lat' dir='ltr'>laeta</span> <span class='ocrx_word' id='word_1_503' title='bbox 551 4210 688 4290; x_wconf 70' lang='lat' dir='ltr'>hortuna,</span> <span class='ocrx_word' id='word_1_504' title='bbox 702 4211 756 4286; x_wconf 80' lang='lat' dir='ltr'>ursi</span> <span class='ocrx_word' id='word_1_505' title='bbox 773 4232 804 4271; x_wconf 91' lang='lat' dir='ltr'>se</span> <span class='ocrx_word' id='word_1_506' title='bbox 823 4235 831 4270; x_wconf 88' lang='grc' dir='ltr'><strong>ι</strong></span> <span class='ocrx_word' id='word_1_507' title='bbox 853 4235 899 4293; x_wconf 84' lang='lat' dir='ltr'>sos</span> <span class='ocrx_word' id='word_1_508' title='bbox 918 4205 1124 4294; x_wconf 78' lang='lat' dir='ltr'>quodammodo</span> <span class='ocrx_word' id='word_1_509' title='bbox 1145 4213 1281 4292; x_wconf 78' lang='lat' dir='ltr'>obstupe·</span> <span class='ocrx_word' id='word_1_510' title='bbox 1390 4211 1391 4252; x_wconf 61' lang='lat'>³</span> 
     </span>
     <span class='ocr_line' id='line_1_54' title="bbox 177 4235 1283 4380; baseline 0.007 -40"><span class='ocrx_word' id='word_1_511' title='bbox 177 4327 184 4340; x_wconf 89' lang='lat'>.</span> <span class='ocrx_word' id='word_1_512' title='bbox 210 4283 266 4328; x_wconf 67' lang='lat' dir='ltr'>‘’¹¹¹i·</span> <span class='ocrx_word' id='word_1_513' title='bbox 298 4284 418 4348; x_wconf 87' lang='lat' dir='ltr'>Interim</span> <span class='ocrx_word' id='word_1_514' title='bbox 438 4313 504 4352; x_wconf 86' lang='lat' dir='ltr'>snos</span> <span class='ocrx_word' id='word_1_515' title='bbox 524 4287 656 4351; x_wconf 81' lang='lat' dir='ltr'>exhilarat</span> <span class='ocrx_word' id='word_1_516' title='bbox 674 4286 762 4360; x_wconf 90' lang='lat' dir='ltr'>Deus,</span> <span class='ocrx_word' id='word_1_517' title='bbox 781 4301 814 4346; x_wconf 89' lang='lat' dir='ltr'>nt</span> <span class='ocrx_word' id='word_1_518' title='bbox 830 4235 882 4380; x_wconf 74' lang='lat' dir='ltr'>illis</span> <span class='ocrx_word' id='word_1_519' title='bbox 900 4289 987 4370; x_wconf 88' lang='lat' dir='ltr'>pluris</span> <span class='ocrx_word' id='word_1_520' title='bbox 1006 4290 1041 4349; x_wconf 90' lang='lat' dir='ltr'>sit</span> <span class='ocrx_word' id='word_1_521' title='bbox 1057 4291 1200 4378; x_wconf 75' lang='lat' dir='ltr'>longeque</span> <span class='ocrx_word' id='word_1_522' title='bbox 1218 4309 1283 4348; x_wconf 87' lang='lat' dir='ltr'>sua-</span> 
     </span>
    </p>
   </div>
   <div class='ocr_carea' id='block_1_19' title="bbox 157 4345 1281 4450">
    <p class='ocr_par' dir='ltr' id='par_1_21' title="bbox 157 4345 1281 4450">
     <span class='ocr_line' id='line_1_55' title="bbox 157 4345 1281 4450; baseline 0.01 -37"><span class='ocrx_word' id='word_1_523' title='bbox 157 4345 216 4390; x_wconf 58' lang='lat' dir='ltr'><strong><em>m</em></strong></span> <span class='ocrx_word' id='word_1_524' title='bbox 235 4349 377 4420; x_wconf 65' lang='lat' dir='ltr'>tantillum.</span> <span class='ocrx_word' id='word_1_525' title='bbox 391 4365 476 4442; x_wconf 83' lang='lat' dir='ltr'>boni,</span> <span class='ocrx_word' id='word_1_526' title='bbox 498 4389 556 4450; x_wconf 93' lang='lat' dir='ltr'>quo</span> <span class='ocrx_word' id='word_1_527' title='bbox 575 4365 719 4440; x_wconf 73' lang='lat' dir='ltr'>fruuntur,</span> <span class='ocrx_word' id='word_1_528' title='bbox 742 4385 826 4444; x_wconf 85' lang='lat' dir='ltr'>quarn</span> <span class='ocrx_word' id='word_1_529' title='bbox 847 4387 871 4424; x_wconf 87' lang='lat' dir='ltr'>sr</span> <span class='ocrx_word' id='word_1_530' title='bbox 894 4376 973 4426; x_wconf 84' lang='lat' dir='ltr'>extra</span> <span class='ocrx_word' id='word_1_531' title='bbox 996 4366 1139 4430; x_wconf 75' lang='lat' dir='ltr'>Christum</span> <span class='ocrx_word' id='word_1_532' title='bbox 1161 4363 1214 4426; x_wconf 83' lang='lat' dir='ltr'>rllrs</span> <span class='ocrx_word' id='word_1_533' title='bbox 1238 4363 1281 4424; x_wconf 83' lang='lat' dir='ltr'>ai-</span> 
     </span>
    </p>
   </div>
   <div class='ocr_carea' id='block_1_20' title="bbox 0 0 1406 4762">
    <p class='ocr_par' dir='ltr' id='par_1_22' title="bbox 0 0 1406 4762">
     <span class='ocr_line' id='line_1_56' title="bbox 0 0 1406 4762; baseline 0 6"><span class='ocrx_word' id='word_1_534' title='bbox 0 0 1406 4762; x_wconf 95' lang='lat' dir='ltr'> </span> 
     </span>
    </p>
   </div>
  </div>
 </body>
</html>
