2790 4764
150 207 208 272 iss
226 183 229 192 ⁴
419 208 529 274 secr.
547 207 628 272 xvi.
666 223 742 285 im
759 223 795 300 qi
812 222 1006 275 musmo.

149 372 198 438 tiir
215 359 312 420 virent
330 358 406 420 inter
422 379 454 420 se
472 357 587 420 maritus
607 370 637 420 et
654 379 740 436 uror,
764 369 796 421 ut
814 359 885 422 alter
902 361 1021 426 alterum
1039 361 1134 426 torui
1151 381 1211 424 non
1229 385 1270 425 sc·

151 459 201 498 cus
217 457 251 496 ac
269 435 409 496 dimidiam
427 435 470 495 sni
488 445 610 516 partem:
633 433 681 496 ille
703 455 773 496 vero
792 436 832 497 s'ic
850 437 981 518 imperet,
998 451 1032 500 nt
1051 451 1137 530 caput
1150 440 1187 502 sit
1204 461 1271 500 uro·
1349 475 1351 482 ι
1379 465 1380 468 “

148 513 201 584 ris,
232 532 292 572 nou
319 523 467 592 tyrannus:
506 509 608 572 mulier
637 510 759 576 vicissim
787 512 916 578 modeste
937 517 973 577 ad
996 515 1130 598 obsequia
1155 537 1186 582 se
1209 517 1273 584 subs
1379 561 1380 578 i

148 588 249 650 nituit.

224 667 255 726 fl.
322 663 381 722 uod
401 681 471 744 ergo
492 663 573 724 Deus
596 663 755 741 copulavit.
793 663 856 726 Hac
874 666 1015 742 sententia
1034 667 1128 732 frenat
1147 664 1275 732 Christus

148 741 275 806 virorum
306 738 452 814 'idinem,
475 761 513 800 ue
530 759 632 801 uxores
652 737 828 818 repudiando
846 745 1079 820 adunandum
1100 746 1274 838 abrumpant,
1379 767 1380 776 ¹

150 815 395 894 Quemadmodum
418 826 512 876 autem
535 815 566 878 iu
590 803 645 876 riri
667 816 785 877 arbitrio
809 838 869 880 esse
892 829 979 901 negat
997 820 1160 904 coniugium
1179 822 1275 883 dissol-

147 891 284 968 vere,'ita
302 903 333 953 et
348 891 407 953 aliis
426 891 557 953 omnibns
574 889 668 976 legem
687 892 786 969 edicit,
809 913 847 955 ne
865 914 912 956 sua
930 895 1097 957 auctoritate
1115 897 1211 960 illicita
1229 918 1282 970 rea

147 969 232 1052 pudia
251 967 429 1031 confirment.
467 967 604 1030 Abutitur
622 969 698 1032 enim
717 989 766 1031 siia
786 970 924 1052 potestate
938 970 1126 1054 Magistratus,
1145 975 1193 1065 qui
1212 974 1294 1044 viro

147 1045 268 1132 gratiam
286 1045 354 1108 facit
371 1043 558 1128 repudiandae
572 1045 676 1107 uxoris
714 1047 780 1107 Huc
800 1057 895 1108 tamen
932 1047 1027 1128 roprie
1045 1046 1277 1130 spectaritChri-

148 1134 223 1200 stus,
247 1133 279 1184 ut
337 1122 415 1204 'que
430 1141 487 1261 pro
506 1143 536 1184 ie
555 1121 744 1185 ditam'fidem
762 1134 859 1196 sancte
876 1067 939 1184 colii

146 1220 251 1282 pravus
273 1221 289 1260 a
313 1211 429 1268 retusa
470 1199 618 1282 repudium
643 1198 783 1274 sollicitat,
812 1199 884 1260 banc
908 1199 961 1263 sibi
983 1211 1184 1283 cogitationem
1208 1201 1275 1263 inii-

149 1277 240 1338 ciaut:
268 1276 396 1357 qiiisuam
418 1295 462 1348 es,
487 1275 535 1356 qui
557 1275 668 1340 divinae
691 1275 898 1338 coniunctionis
920 1275 1036 1338 liberam
1058 1275 1109 1338 tibi
1128 1288 1275 1359 rupturam

147 1351 251 1418 facias?
297 1351 450 1422 Caeterum
472 1349 554 1414 latius
574 1373 686 1434 quoque
706 1351 817 1415 extendi
856 1363 931 1414 otest
948 1351 1017 1414 baec
1035 1353 1171 1416 doctn‘na.
1195 1383 1196 1392 ι
1218 1355 1275 1420 Pa.-

939 1135 964 1197 t,
986 1135 1016 1184 et
1034 1145 1104 1216 quos
1122 1123 1210 1186 libido
1229 1125 1276 1188 rel
1349 1151 1352 1161 ι
1379 1181 1380 1184 ,

145 1429 244 1511 pistae,
262 1427 415 1490 Ecclesiam
434 1448 450 1488 a
469 1427 584 1490 Christo
605 1429 695 1510 capite
713 1449 800 1490 suna
847 1451 905 1492 sam
925 1429 1008 1490 nobis
1025 1429 1173 1514 fingentes,
1190 1441 1275 1491 trun-
1379 1473 1380 1478 ι

148 1527 214 1566 cun
236 1515 267 1566 et
284 1502 413 1564 mutilum
423 1503 514 1565 -nobis
533 1503 703 1586 relinquunt
715 1525 750 1566 co
787 1527 831 1566 iis:
850 1505 1074 1583 insacracoena,
1093 1527 1179 1588 quum
1190 1505 1275 1570 Chri-

147 1591 206 1642 stns
229 1601 331 1662 panem
358 1579 426 1640 rino
448 1579 640 1658 coniunxerit,
655 1601 715 1648 usu
738 1579 829 1642 calcis
846 1592 938 1653 totam
955 1581 1068 1664 plebem
1108 1583 1200 1648 rivere
1218 1581 1278 1646 ausi

147 1668 222 1718 suut.
261 1656 314 1738 llis
332 1653 474 1718 diabolicis
495 1656 667 1738 corruptelis
682 1677 829 1742 opponere
847 1651 958 1734 licebit,
983 1657 1083 1734 Quot-¹
1121 1661 1169 1722 etis
1186 1677 1277 1742 copu-

103 1754 107 1762 ·
145 1732 222 1807 lavit,
241 1731 329 1794 bomo
349 1749 387 1790 ue
405 1742 525 1810 separet
970 1787 972 1792 ,
998 1747 1005 1752 ·
1094 1758 1098 1773 ·

222 1812 250 1872 7.
294 1811 356 1868 Cui·
386 1827 456 1890 ergo
482 1808 599 1868 Mosen
635 1807 718 1866 Hanc
746 1805 912 1868 calumniam
940 1807 1067 1868 meditati
1094 1809 1221 1886 fuerant,
1252 1809 1277 1890 si

147 1883 277 1958 Christus
301 1883 315 1962 (
359 1881 397 1942 od
418 1883 507 1968 magis
531 1893 592 1944 emt
616 1880 783 1960 probabile)
802 1882 833 1942 iii
851 1883 973 1964 repudiis
991 1883 1018 1942 le
1041 1884 1146 1946 itimam
1165 1907 1276 1956 causam

146 1960 280 2044 exigeret.
345 1958 440 2020 ‘citum
464 1959 540 2020 euim
562 1957 674 2048 ridetur
699 1957 838 2049 quicquid·
851 1957 932 2042 Lege
954 1979 1003 2036 sua
1019 1903 1101 2021 lleus
1126 1963 1275 2054 permittit,

118 2039 131 2054 ⁸
146 2035 205 2098 sola
223 2037 302 2098 cuius
321 2033 449 2098 voluntas
467 2035 564 2098 statuit
581 2033 652 2098 boui
671 2045 699 2095 et
718 2033 782 2094 mali
800 2034 958 2114 discrimen.
997 2035 1055 2098 Sed
1070 2035 1199 2100 Christus
1211 2051 1275 2121 apta

145 2113 332 2195 responsione
355 2111 451 2174 falsam
473 2111 604 2174 invidiam
627 2108 723 2186 diluit,
785 2111 822 2171 od
840 2107 896 2172 boc
915 2111 1088 2174 concesserit
1106 2115 1203 2176 Moses
1223 2135 1275 2176 eo-

146 2209 211 2251 rum
233 2188 419 2272 pervicaciae,
447 2199 624 2252 nouantem
647 2187 725 2269 quasi
760 2189 857 2248 iritum
879 2187 1052 2270 probaverit.
1096 2190 1274 2250 Sententiam

146 2288 217 2332 vero
241 2289 320 2328 suam
343 2265 450 2348 optima
471 2265 582 2326 ratione
608 2263 763 2340 confirmat,
802 2263 883 2342 (luia
901 2285 957 2322 noir
974 2267 1022 2323 ito
1031 2263 1102 2340 fuit
1119 2268 1159 2326 ab
1177 2269 1273 2324 initio.

147 2344 243 2405 Sinnit
258 2355 353 2406 autem
370 2363 424 2424 pro
442 2341 584 2417 confesso,
606 2362 693 2423 quum
711 2342 789 2402 Deus
807 2341 842 2401 ab
861 2339 941 2400 initio
960 2341 1045 2402 conio
1067 2342 1124 2402 itun
1142 2341 1274 2414 instituit,

145 2432 311 2518 perpetuam
329 2419 423 2514 legem
440 2419 540 2492 fixisse,
559 2439 629 2500 qnae
647 2439 736 2498 usque
754 2418 787 2478 ad
804 2416 890 2477 finem
908 2419 1006 2500 vigere
1023 2417 1058 2481 de
1080 2429 1133 2480 eat.
1162 2413 1275 2492 Quodsi
1379 2435 1380 2438 ’

103 2531 104 2535 ,
146 2497 286 2561 restitutio
306 2497 431 2580 coniugii
451 2517 504 2578 pro
523 2495 587 2579 lege
605 2493 757 2556 inviolabili
771 2493 897 2554 habenda
916 2505 967 2569 est,
988 2495 1122 2632 sequitur,
1141 2494 1275 2586 quiequid

146 2571 183 2632 ab
208 2592 241 2632 ea
264 2572 403 2648 deflectit,
431 2593 492 2633 riou
518 2584 555 2644 ex‘
575 2593 645 2652 pura
664 2573 724 2633 eius
743 2582 843 2634 natura
864 2589 939 2644 esse,
962 2570 1012 2630 sed
1050 2571 1176 2632 ominum
1193 2571 1272 2633 vitio.

116 2665 120 2670 ’
148 2647 304 2721 Quaeritur
321 2657 431 2724 tamen,
451 2669 487 2708 an
505 2647 546 2708 las
565 2646 639 2725 Moti
658 2647 745 2708 luerit
762 2645 941 2730 permittere,
959 2647 1035 2727 quod
1053 2667 1106 2729 per.
1123 2667 1153 2708 se
1171 2647 1273 2708 malum

146 2735 178 2784 et
195 2721 329 2802 vitiosum
348 2735 417 2782 erat.
455 2724 637 2804 Respondeo,
655 2723 809 2804 improprie
827 2721 882 2798 dici
900 2743 918 2814 p
937 2722 1073 2799 rmissuin,
1090 2723 1166 2804 quod
1176 2745 1273 2786 severe

145 2817 206 2859 non
226 2797 327 2858 vetuitr
354 2817 448 2878 neque
468 2801 543 2860 enim
562 2799 654 2881 legem
673 2791 739 2859 tulit
756 2799 791 2862 de
810 2741 946 2878 repudii,
965 2809 998 2858 ut
1016 2819 1048 2862 ea
1066 2821 1117 2859 suo
1136 2799 1223 2862 suffra
1246 2800 1253 2815 '

86 2877 88 2884 '
145 2875 331 2958 approbaret,
355 2873 405 2936 sed
424 2896 510 2954 quoin
528 2875 610 2934 aliter
628 2873 760 2956 restringi
778 2893 840 2936 non
857 2886 955 2953 posset
972 2875 1125 2942 hominum
1136 2819 1272 2958 improbi-

65 2969 91 3021 ,‘
119 3007 121 3010 .
145 2965 202 3031 tas,
218 2951 294 3034 quod
312 2949 431 3010 maxime
445 2947 589 3011 tolerabile
609 2961 668 3010 erat
686 2949 840 3011 remedium
860 2949 961 3025 attulit,
980 2962 1012 3014 ut
1030 2951 1073 3012 vir
1092 2949 1188 3013 saltem
1201 2974 1272 3018 uxor
1305 2967 1311 2975 ⁴

61 3030 71 3048 ¹
144 3029 184 3090 ris
202 3028 351 3110 pudicitiae
369 3025 562 3088 testimonium
579 3027 718 3098 redderet
751 3027 811 3087 Lex
830 3027 906 3086 enim
927 3047 988 3088 uon
1006 3027 1059 3088 nisi
1077 3026 1108 3088 in
1126 3027 1272 3090 mulierum

127 3104 274 3166 'favorem
292 3103 346 3166 lata
366 3113 441 3177 erat,
464 3118 516 3178 ne,
535 3113 682 3239 plostquam
703 3102 805 3164 iniuste
824 3101 944 3165 reiectae
963 3115 1056 3178 erant,
1068 3127 1070 3135 ι
1083 3104 1272 3166 dedecus'ali-
1379 3111 1380 3172 ζ

31 3187 35 3198 ’
145 3181 222 3261 quod
239 3173 375 3265 subirent.
404 3179 488 3242 Unde
507 3199 542 3270 co
563 3177 672 3262 igiinus,
690 3179 826 3240 inflictam
845 3178 911 3240 viris
928 3179 1023 3262 potius
1042 3179 1125 3244 luisse
1143 3202 1271 3264 poenam,

145 3276 230 3341 quain
256 3258 338 3318 venia
366 3269 413 3338 aut
429 3275 571 3339 ,permissu
597 3277 743 3321 accensam
766 3256 850 3316 inisse
873 3276 973 3316 eorum
996 3251 1148 3335 libidinem.
1191 3257 1272 3319 Adde

166 3332 222 3391 uod
245 3353 262 3394 a
285 3333 383 3414 politia
407 3343 436 3394 et
460 3343 578 3398 externo
603 3331 702 3394 ordine
721 3331 839 3394 multum
859 3331 955 3396 diflert
973 3333 1114 3414 spirituale
1133 3334 1271 3417 regimen.

145 3353 227 3484 lpuid
249 3407 331 3470 liceat
355 3432 387 3471 ac
406 3404 448 3470 les
469 3409 518 3484 sit,
542 3403 642 3470 deceni
661 3409 754 3470 verbis
773 3407 933 3490 complexus
952 3419 995 3470 est
1011 3409 1165 3475 Dominus:
1195 3433 1272 3472 nunc

145 3482 210 3566 quia
232 3483 295 3544 fieri
316 3497 425 3565 potest,
452 3495 485 3545 ut
507 3485 594 3546 multa
617 3505 678 3548 non
701 3495 843 3547 vocentur
857 3485 893 3546 ad
911 3483 1061 3546 humanum
1079 3485 1213 3563 tribunal,
1236 3488 1272 3548 de

146 3560 246 3654 quibus
264 3581 313 3642 sua
332 3581 471 3652 quemque
490 3562 663 3628 conscientia
680 3561 774 3646 arguit
792 3583 825 3622 ac
844 3561 1003 3638 convincit,
1023 3583 1081 3624 non
1099 3563 1201 3630 mirum
1221 3577 1272 3641 est,

143 3661 169 3710 qr
191 3637 269 3719 leges
291 3636 424 3719 politicae
445 3639 480 3698 ad
498 3637 550 3699 illa
563 3638 743 3700 conniveant
772 3639 929 3698 Sumamus
947 3637 1080 3700 faniiliire
1100 3639 1270 3721 exemplum:

146 3713 272 3806 litigaridi
288 3714 377 3776 maior
396 3713 479 3775 nobis
496 3735 549 3806 per
566 3715 643 3800 leges
661 3714 692 3774 ti
709 3714 831 3790 libertas,
851 3735 933 3804 quam
948 3713 1020 3776 serat
1034 3715 1155 3778 caritatis
1165 3716 1269 3812 regula,

147 3794 209 3855 Cur
226 3790 316 3853 istud?
349 3788 412 3872 qnia
430 3790 547 3874 singulis
566 3793 609 3852 ius
628 3791 705 3852 reddi
723 3790 837 3870 nequit,
859 3789 912 3850 nisi
931 3803 1025 3872 aperta
1044 3793 1079 3852 sit
1096 3795 1212 3874 petendi
1230 3795 1270 3853 ia·
1379 3789 1380 3844 ἶ

146 3877 221 3958 ιιιιιιτ.
245 3867 368 3928 interim
390 3867 435 3927 lex
454 3867 509 3928 Ilei
527 3867 836 3956 interinrsequeudum
856 3885 916 3926 esse
933 3869 1111 3960 pronuntiat,
1133 3865 1211 3962 quod
1229 3871 1270 3933 dia

146 3945 234 4004 ctabit
253 3945 359 4034 caritas.
403 3944 504 4024 Neque
522 3956 616 4036 tamen
635 3957 689 4020 est,
713 3965 765 4004 cui·
782 3941 848 4004 hinc
868 3945 1191 4038 Mffgffltl'fflulstssflame
1206 3967 1271 4010 suae

147 4031 353 4087 excusationem
373 4031 495 4158 captent,
514 4044 537 4080 si
555 4033 658 4113 sponte
676 4033 785 4082 cessent
803 4041 818 4080 a
838 4022 1010 4106 corrigendis
1027 4032 1110 4094 vitiis,
1131 4021 1272 4087 velomit-
1379 4037 1380 4046 ¹

147 4105 209 4153 tant
232 4117 303 4184 quae
325 4110 409 4180 postu
420 4091 482 4158 abat
504 4095 591 4158 officii
615 4097 695 4158 ratio.
734 4096 792 4156 Sed
814 4095 927 4158 videant
946 4097 1048 4178 privati
1066 4097 1207 4176 homines,
1234 4120 1271 4160 no
1379 4089 1380 4182 J

146 4187 196 4223 iiia
220 4183 284 4230 vitiii
309 4175 402 4255 logum
417 4173 584 4268 'patrocliio
607 4185 736 4263 tegentes
760 4172 869 4252 culpam
893 4193 992 4242 cornio
1010 4174 1159 4252 duplicent.
1198 4177 1272 4237 Nam
1352 4198 1380 4238 Ἃ

148 4235 193 4296 hle
217 4244 357 4310 Doniinos
380 4251 496 4331 oblique
519 4251 637 4312 ludaeos
659 4259 798 4337 increpat,
824 4249 901 4327 quasi
921 4247 985 4328 ipsis
1004 4268 1064 4308 non
1082 4247 1200 4311 sufficiat
1217 4253 1271 4312 im·
1379 4307 1380 4330 ,

150 4327 226 4383 pun,
245 4339 328 4382 suam
353 4327 527 4403 proterviam
551 4327 679 4403 tolerari,
718 4325 770 4387 nisi
794 4326 888 4411 Deum
909 4325 1060 4406 iniquitatis
1082 4339 1271 4426 suaexaucto·
1379 4341 1380 4346 ’
