2790 4764
298 247 306 274 ι
398 249 584 353 (leo-151.
621 248 668 310 De
686 245 745 309 filio
764 247 931 334 degenere.)
1109 203 1127 224 f
1177 255 1231 318 137
1303 315 1305 321 ,

74 393 193 484 -parat,
218 401 263 464 cui
286 421 348 461 nou
372 399 436 464 satis
459 411 502 461 est
520 399 629 461 veniam
649 400 866 482 deprecantibus
890 401 1053 486 ignoscere,
1076 400 1129 465 nisi
1147 403 1231 466 etiam

96 491 220 560 paterna
237 477 409 560 indulgentia
428 497 476 538 eos
514 477 665 538 raeveniat
706 479 790 540 Nunc
809 475 917 562 singula
936 479 1130 560 expendamus.

177 555 249 616 Luc.
270 557 316 616 12.
349 556 435 613 Discit
455 576 475 612 o
495 556 675 614 olescentior.
709 555 805 616 Primo
821 555 923 636 impiae
940 555 1101 637 proterviae
1118 556 1231 640 signum

102 629 274 692 describitur
300 630 471 704 iniunctae,
502 631 578 710 quod
603 651 620 692 a
642 641 723 710 patre
745 631 888 692 discedere
910 643 1046 712 appetens
1074 631 1127 693 sibi
1151 646 1232 696 recte

99 727 163 768 esse
181 723 242 782 uon
258 717 352 787 putat,
374 707 427 767 nisi
445 707 561 787 impune
579 705 704 767 lasciviat
723 705 833 768 abiecto
852 709 938 788 patris
956 707 1085 789 imperio.
1133 708 1231 770 Acce-

4 811 5 816 *
98 782 141 843 dit
162 781 246 844 etiam
268 778 452 866 ingratitudo,
476 781 552 861 quod
575 803 672 843 senem
694 784 826 844 deserens
850 803 910 842 non
928 786 1014 846 modo
1034 785 1110 846 iustis
1127 784 1231 846 officiis

100 879 168 919 eum
186 858 288 940 privat,
312 859 361 919 sed
378 860 545 920 domesticas
566 859 625 918 eius
644 879 712 938 opes
731 859 841 918 nustilat
860 870 890 920 et
907 859 1045 920 diminuit.
1094 863 1133 924 Se
1154 861 1231 922 uitur

96 935 213 994 tandem
232 933 344 1014 profusa
361 933 484 996 luxuries
504 945 534 994 et
551 933 685 994 dissoluta
703 935 840 1014 nequitia,
865 955 918 1027 qua
944 936 1038 996 omnia
1061 957 1109 998 sua
1132 883 1231 1020 iilapb

98 1012 156 1072 dat.
195 1011 256 1070 Tot
272 1011 394 1091 peccatis
414 1021 476 1070 erat
491 1010 674 1092 piomeritus,
693 1022 726 1070 ut
761 1022 851 1070 atrem
869 1009 1070 1090 implacabilem
1089 1015 1231 1093 experire.

98 1099 155 1148 tur.
194 1087 256 1148 Nec
274 1108 345 1149 vero
366 1077 484 1148 dubium
504 1097 561 1159 est,
581 1085 648 1166 quin
667 1086 718 1146 sub
736 1031 789 1146 iias
808 1084 931 1167 imagine
949 1085 1084 1146 immensa
1102 1089 1158 1148 Dei
1176 1089 1231 1151 bo·
1255 1091 1261 1104 '

49 1175 54 1184 ¹
97 1163 169 1232 nitas
194 1174 224 1224 et
246 1161 473 1245 incomparabilis
495 1159 669 1243 indulgentia
691 1161 775 1222 nobis
813 1160 939 1243 lugetur,
964 1181 1002 1222 ne
1021 1159 1076 1222 ulla
1094 1163 1231 1224 scelerum
1332 1171 1336 1181 ¹

94 1239 228 1300 atrocitas
252 1259 269 1300 a
293 1259 344 1320 spe
367 1237 559 1319 impetrandae
581 1236 681 1300 veniae
705 1257 758 1298 nos
801 1246 931 1297 eterreat
967 1237 1037 1298 Non
1059 1237 1153 1318 inepta
1178 1241 1233 1300 erit

93 1336 235 1399 anagoge,
255 1314 278 1376 si
298 1315 361 1396 quis
380 1313 469 1376 stulto
488 1323 672 1393 etprotervo
691 1311 862 1374 adolescenti
881 1309 986 1382 similes
998 1333 1059 1375 esse
1073 1313 1156 1388 dicat,
1176 1316 1233 1395 qui,

92 1415 181 1474 quum
207 1411 317 1451 summa
339 1391 484 1450 bonorum
507 1387 588 1470 copffi
611 1389 684 1470 apud
710 1390 804 1449 Deum
827 1387 955 1464 affluant,
984 1409 1071 1451 coece
1088 1401 1184 1450 tamen
1204 1402 1235 1452 et

91 1488 201 1530 vesana
225 1466 378 1557 cupiditate
400 1465 519 1526 incitati·
532 1464 597 1526 eui
621 1486 657 1526 eo
679 1465 778 1546 partiri
802 1465 917 1540 volunt,
946 1477 978 1526 ut
999 1487 1127 1528 seorsum
1151 1465 1235 1528 liberi
1270 1523 1287 1538 ,,

92 1545 165 1620 sint,
192 1563 272 1622 quast
291 1561 353 1608 non
371 1541 502 1601 omnibus
519 1541 615 1630 regnis
633 1541 780 1624 optabilius
798 1541 847 1617 sit,
872 1541 924 1602 sub
946 1555 1064 1626 paterna
1086 1541 1143 1605 Dei
1166 1565 1234 1606 cura

92 1633 124 1683 et
143 1617 359 1704 gubernatione
376 1617 489 1700 degere.
528 1617 585 1680 Sed
602 1619 667 1700 quia
685 1639 802 1694 vereor,
826 1639 864 1679 ne
882 1617 950 1702 haec
969 1619 1065 1682 allusio
1083 1619 1165 1682 nimis
1187 1641 1235 1680 ara

92 1708 167 1780 guta
190 1693 240 1769 sit,
263 1699 414 1755 contentus
434 1713 483 1753 ero
503 1692 601 1756 literali
620 1717 714 1761 sensu:
740 1717 800 1756 non
819 1695 895 1774 quod
914 1695 981 1756 mrbi
1000 1695 1155 1776 displiceat,
1179 1696 1233 1758 sub

92 1773 144 1837 tali
171 1769 262 1854 figura
284 1767 453 1908 rqprebendi
477 1791 576 1832 eorum
602 1771 766 1847 amentiam,
795 1773 842 1854 qui
866 1771 919 1832 sibi
943 1772 1064 1834 feliciter
1090 1793 1235 1836 cessurum

93 1860 203 1931 pateant
221 1845 304 1928 aliqui
341 1846 446 1908 babere
464 1848 624 1930 proprium,
645 1860 677 1908 ut
695 1869 821 1911 seorsum
840 1869 856 1908 a
874 1850 958 1911 Patre
977 1847 1095 1922 coelesti
1113 1851 1171 1911 sint
1189 1847 1236 1911 db
1272 1861 1276 1870 ’

93 1926 186 2000 vites,
205 1923 255 1984 sed
313 1923 338 1984 ia
357 1945 434 1984 nunc
452 1923 533 2002 iutra
545 1938 632 1986 metas
648 1925 812 2006 interpretis
830 1945 877 1986 me
895 1927 1042 1990 contineo.
1081 1928 1234 1989 Caetertun

94 2000 143 2063 bic
160 1999 255 2090 refert
273 1945 410 2078 'qimam'
430 2001 496 2082 quid
514 2001 662 2063 iuvenibus
681 2004 849 2084 contingere
868 2000 965 2081 spicat,
981 2003 1032 2063 ubi
1050 2004 1169 2086 proprio,
1187 2004 1235 2067 io·

96 2089 187 2158 gemo
207 2075 349 2136 seruntur:
372 2097 438 2137 uam
458 2078 522 2158 quia
541 2091 570 2139 et
590 2078 699 2140 consilii
723 2080 825 2158 inopes
847 2089 877 2139 et
896 2079 1042 2140 ferventes
1065 2077 1234 2162 intemperie

97 2153 134 2213 ad
159 2172 190 2212 se
213 2172 245 2212 re
266 2154 353 2214 endos
375 2153 581 2214 minime.sunt
603 2153 713 2228 idonei,
741 2155 790 2216 ubi
812 2166 906 2216 metus
931 2166 960 2216 et
983 2156 1076 2236 pudor
1098 2176 1148 2218 eos
1172 2175 1235 2218 nou

98 2227 224 2303 cohibet,
242 2173 303 2288 ieri
321 2249 382 2289 uon
400 2240 498 2310 potest
517 2230 585 2309 quin
603 2251 633 2289 se
651 2229 811 2308 proiiciant,
833 2249 1005 2310 quocunque
1023 2229 1119 2290 tulerit
1136 2231 1236 2308 libido,

97 2303 232 2386 plenique
246 2305 391 2384 dedecoris
405 2305 439 2364 ad
453 2316 567 2384 turpem
582 2316 735 2386 egestatem
752 2304 896 2364 festinent.
928 2306 1033 2366 Postea
1046 2324 1169 2382 poenam
1184 2306 1237 2365 de·
1256 2365 1259 2372 ,
1342 2365 1345 2374 ,

98 2381 207 2458 scribit,
227 2399 299 2460 quae
317 2381 390 2441 iusto
409 2381 466 2440 Dei
485 2380 588 2440 iudicio
607 2391 641 2438 ut
659 2379 812 2460 plurimum
831 2373 970 2458 prodigos
989 2379 1157 2455 decoctores
1174 2400 1237 2439 ma-

98 2469 163 2516 net:
191 2477 296 2536 nempe
325 2468 357 2515 ut
384 2455 456 2514 male
485 2455 659 2544 comumptis
688 2453 789 2544 opibus
816 2452 924 2532 prolixe
952 2453 1091 2529 esuriant,
1119 2467 1148 2516 et
1172 2455 1238 2535 quia

99 2531 202 2612 optimi
221 2531 300 2609 panis
320 2529 490 2590 abundantia
508 2528 656 2610 frugabter
672 2541 715 2589 uta
733 2529 908 2603 nescierunt,
931 2530 966 2589 ad
990 2529 1105 2612 &andes
1130 2541 1159 2593 et
1176 2529 1236 2591 sili-

99 2627 170 2696 quas
188 2605 365 2685 redigantur:
393 2605 459 2664 deni
480 2625 515 2664 ue
533 2617 567 2664 ut
585 2624 740 2685 porcorum
759 2603 866 2666 sodales
885 2605 954 2666 facti
970 2605 1102 2690 indignos
1119 2630 1151 2669 se
1168 2629 1236 2686 sert·¹
1320 2649 1322 2661 ‹

100 2693 176 2744 trant
196 2680 321 2752 humano
340 2679 426 2745 victu..
492 2701 535 2741 am
559 2692 589 2743 et
612 2679 681 2742 baec
706 2692 749 2742 est
773 2681 888 2762 porcina
911 2681 1063 2764 ingluvies,
1086 2683 1158 2748 nsale
1176 2685 1237 2747 dis-

98 2759 221 2842 perdere
241 2755 317 2838 quod
335 2756 368 2816 ie
385 2757 458 2818 vitae
476 2757 596 2818 subsidia
615 2759 709 2820 datum
731 2769 799 2818 erat.
848 2758 936 2834 Quod
958 2758 1099 2824 subtiliter
1122 2762 1235 2844 quidam

100 2846 262 2916 exponunt,
288 2832 360 2906 banc
380 2833 481 2899 iustam
503 2855 564 2895 esse
583 2835 662 2916 impii
681 2835 781 2896 fastidii
819 2855 934 2912 oenam,
954 2848 986 2898 ut
1005 2837 1124 2920 famelici
1143 2840 1177 2900 ad
1196 2838 1236 2907 si·¹

98 2913 188 2992 liques
212 2909 392 2994 confugiant,
417 2912 465 2990 qui
488 2907 591 2973 lautum
615 2933 717 2994 panem
742 2910 771 2971 in
795 2855 896 2974 iimilia
920 2912 1048 2982 coelestis
1071 2915 1163 2976 Patris
1186 2935 1235 2976 re-

98 2987 227 3070 spuerint
265 3005 334 3048 vere
357 2986 470 3068 quidem
493 2999 522 3049 et
546 2979 653 3050 utiliter
675 2988 792 3064 dicitur,
817 3010 872 3049 nec
895 2988 951 3050 ulla
974 2989 1077 3074 religio
1100 2989 1236 3072 prohibet

6 3111 7 3114 ,
99 3065 151 3125 bac
171 3031 352 3124 simiiitudine
370 3063 434 3139 uti,
451 3065 500 3125 sed
523 3065 659 3126 memoria
683 3065 798 3131 interim
820 3065 975 3128 tenendum
999 3077 1056 3143 est,
1081 3066 1149 3146 quid
1167 3063 1235 3129 alle·
1248 3087 1272 3094 f*

100 3140 200 3225 goriae
219 3161 235 3200 a
253 3141 380 3223 genuino
400 3162 483 3202 sensu
501 3140 646 3202 differant.

176 3220 223 3280 16.
269 3219 414 3295 Cupiebut
433 3220 561 3297 implere.
605 3217 764 3301 Significat,
787 3239 854 3300 prae
873 3217 949 3280 same
966 3239 1029 3278 non
1047 3215 1163 3299 amplius
1182 3241 1235 3282 co.

99 3293 202 3378 gitasse
219 3304 331 3354 veteres
351 3291 472 3369 delicias,
490 3294 539 3353 sed
557 3293 638 3354 avide
655 3313 769 3356 rorasse
788 3295 910 3376 siliquas:
930 3315 968 3354 ne
1008 3295 1128 3371 eenim,
1148 3318 1204 3377 quu
1341 3307 1344 3310 '

99 3369 195 3449 porcis
219 3368 279 3451 ipse
303 3369 383 3431 daret
407 3369 463 3432 boc
487 3369 544 3430 cibi
588 3391 672 3445 enus,
696 3392 792 3432 carere
814 3371 917 3452 potuit.
984 3371 1079 3432 elebre
1103 3383 1145 3434 est
1168 3319 1237 3438 ibib

6 3453 7 3518 ζ
101 3445 174 3528 Cyri
193 3446 306 3521 dictum,
328 3447 385 3527 qui,
443 3468 492 3506 um
509 3445 541 3506 in
559 3389 627 3530 iuga
645 3446 760 3542 longam
771 3448 899 3528 inediam
914 3467 1009 3528 passus
1025 3459 1105 3526 esset,
1128 3449 1236 3514 cibario

6 3525 7 3606 ᾗ
101 3534 131 3582 et
153 3534 218 3584 atro
241 3543 314 3603 pane
338 3522 479 3603 pauluum
504 3523 630 3586 reiectus
652 3525 734 3599 dinc,
764 3545 794 3584 se
818 3545 961 3603 nunquam
985 3525 1109 3607 sapidum
1132 3548 1242 3609 panem-

99 3611 238 3682 gustasse:
256 3600 297 3659 ita
316 3600 457 3682 iuvenem,
480 3599 558 3660 cuius
578 3622 655 3662 nunc
673 3601 705 3664 fit
724 3600 843 3674 merrtio,
862 3602 1014 3669 necessitas
1034 3605 1131 3688 coegit
1149 3600 1237 3686 appe-

7 3677 9 3720 l
98 3679 184 3736 titum
204 3675 239 3734 ad
257 3675 367 3754 siliquas
385 3676 514 3746 adiicere.
541 3677 666 3738 'Additur
681 3677 765 3750 ¹ratio,
784 3677 848 3758 quia
866 3699 947 3738 nemo
967 3679 1015 3739 illi
1032 3683 1143 3743 dabat.-
1169 3687 1237 3737 nam
1318 3680 1321 3690 “

100 3749 203 3834 copula
228 3750 258 3808 in
282 3749 418 3812 causalem
441 3751 617 3832 particulam,
644 3776 710 3814 meo
733 3753 850 3827 iudicio,
874 3739 979 3818 resolvi
1001 3757 1095 3818 debet.
1133 3755 1236 3832 Neque

99 3827 157 3888 hoc
177 3827 213 3886 de
226 3825 335 3906 ‘siliquis
354 3827 469 3902 dieitur,
494 3849 565 3908 quae
588 3829 627 3890 illi
646 3841 727 3891 erant
741 3829 780 3888 *ad
798 3850 925 3906 manum,
950 3833 999 3894 sed
1018 3830 1160 3910 intelligo,
1182 3849 1237 3888 ne-

99 3903 209 3963 minem
228 3901 287 3960 eius
304 3903 417 3984 inopiae
435 3903 521 3965 tuisse
540 3906 694 3967 misertum.
746 3905 878 3988 Prodigis
899 3908 988 3984 enim,
1011 3907 1059 3988 qui
1078 3907 1139 3966 sine
1158 3903 1237 3964 dele-

7 4041 8 4048 ,
101 3991 151 4040 ctu
171 3997 220 4036 sua
239 3976 387 4057 dissipant,
406 3999 493 4039 nemo
512 4001 543 4044 se
561 3983 666 4043 debere
684 3981 829 4065 agnoscit:
854 3983 912 4043 imo
932 3985 996 4064 quia
1015 3981 1109 4042 omnia
1127 3979 1236 4061 disper-

7 4071 8 4078 ’
100 4057 171 4118 dere
190 4051 264 4113 soliti
283 4065 362 4127 suut,
385 4055 454 4114 nibil
473 4053 523 4116 illis
543 4059 653 4119 videtur
672 4058 854 4140 erogandum.
1247 4105 1250 4111 .

180 4133 227 4194 17.
266 4131 304 4200 112
327 4152 359 4189 se
383 4141 485 4200 autem
508 4151 652 4196 reversos.
692 4137 747 4194 Hic
770 4134 861 4194 nobis
877 4133 1044 4194 describitur
1066 4130 1153 4208 ratio',
1181 4151 1237 4216 qua
1268 4179 1270 4184 -

102 4209 183 4269 Deus
201 4205 331 4267 homines
350 4207 385 4267 ad
398 4208 602 4288 poenitentiam
620 4211 729 4274 invitat.
759 4210 791 4270 Si
810 4209 885 4268 ultro
905 4219 1036 4284 saperent
1053 4226 1139 4294 seque
1154 4229 1240 4289 prae«
1298 4247 1301 4252 ·

8 4291 9 4322 ³
103 4285 206 4346 herent
224 4283 339 4359 dociles,
359 4281 488 4346 blandius
504 4306 553 4348 eos
571 4287 709 4349 alliceret:
728 4307 832 4357 verum
851 4282 922 4360 quia,
940 4279 996 4338 nisi
1013 4279 1109 4368 ferulas
1127 4283 1238 4358 domiti,

8 4393 10 4426 l
105 4361 138 4422 ad
155 4360 321 4442 obsequium
335 4361 591 4442 condescendunt,
610 4363 706 4426 durius
722 4379 771 4420 eos
786 4357 909 4434 castigat·
936 4355 1017 4434 Ergo
1031 4355 1135 4436 totoni,
1152 4380 1238 4440 quesn
