2830 4772
180 258 238 322 me
569 319 579 340 κ
620 247 732 312 secr.
756 247 867 308 xum.

180 405 293 476 tubae:
337 412 369 470 et
395 369 634 487 congregabunt
660 399 783 466 electos
809 401 880 466 cius
912 421 931 465 a
958 409 1109 488 quatuor·
1129 405 1246 484 ventis,
1291 427 1313 470 a

181 529 304 578 summo
326 504 491 572 coelorum
513 523 615 590 usqua
637 501 678 568 ad
699 504 851 568 terminos
874 525 994 570 eorum.

264 709 405 780 MARC.
426 709 508 774 Xlll.
550 707 604 773 at.
639 706 809 775 Caeterum
836 709 870 772 in
897 705 1012 789 diebus
1042 705 1107 774 illis
1135 718 1207 796 post
1229 709 1312 775 allii-

113 859 118 871 »
180 816 321 884 ctionem
346 813 432 880 illam
460 808 512 876 sol
539 806 816 885 obtenebrabitur,
849 819 881 875 et
901 810 977 876 luna
999 831 1068 896 non
1090 810 1179 878 dabit
1201 811 1311 900 splen-

180 919 291 986 dorem
307 936 415 983 suum.
458 911 511 978 25.
531 913 574 1007 Et
595 911 707 979 stellae
728 911 812 978 coeli
834 911 989 992 decident,
1012 923 1043 978 et
1058 916 1202 990 virtutes,
1225 938 1311 1000 quae

136 1076 139 1090 ,
179 1027 213 1088 in
236 1019 336 1086 coelis
359 1027 440 1094 sunt,
468 1017 697 1081 concutientur.
751 1013 803 1078 26.
847 1015 889 1080 Et
916 1024 993 1080 tunc
1014 1015 1170 1080 videbunt
1189 1017 1309 1082 Filium

177 1123 316 1190 bominis
337 1123 518 1186 venientem
539 1119 573 1182 in
594 1115 734 1182 nubibus
757 1137 827 1182 cum
849 1126 1006 1206 potestate
1027 1119 1125 1184 urnlta
1147 1129 1178 1184 et
1193 1119 1309 1205 gloria.
1401 1147 1402 1156 ¹

117 1297 123 1305 ,
177 1227 230 1300 27,
283 1225 326 1292 Et
358 1234 435 1290 tnnc
466 1223 567 1288 mittet
599 1219 732 1304 angelos
767 1241 859 1297 suos,
902 1229 934 1286 et
966 1219 1150 1306 aggregabit
1184 1221 1308 1288 electos
1401 1289 1402 1300 ,

164 1333 256 1394 'auos
283 1349 302 1394 a
329 1335 468 1414 quatuor
492 1323 611 1402 ventis,
644 1343 663 1386 a
692 1337 816 1388 summo
837 1331 940 1388 terrae
962 1343 1066 1410 usquc
1088 1321 1129 1390 ad
1150 1345 1308 1392 sumntum

177 1428 270 1498 coeli.

261 1629 362 1700 LUC.
384 1630 466 1695 XXI.
508 1627 561 1693 25.
595 1627 637 1692 Et
658 1637 751 1692 erunt
774 1627 863 1714 signa
884 1628 917 1692 in
940 1627 1026 1710 sole,
1046 1627 1123 1696 luna
1145 1631 1306 1712 ctatcllis,

177 1739 262 1804 etin
285 1736 379 1802 terris
400 1732 538 1816 anxietas
560 1731 699 1816 gentium
721 1731 754 1794 in
777 1726 1204 1817 desperatione,‘resouante
1225 1737 1308 1800 utari
1401 1741 1402 1798 ζ

69 1849 71 1860 ’
177 1851 207 1906 et
233 1839 352 1906 fluctu:-
411 1835 463 1898 26.
505 1831 789 1911 Extabesceutibus
816 1833 999 1898 bominibus
1024 1838 1241 1920 praetimore
1271 1849 1306 1903 et
1382 1835 1386 1842 ’

176 1942 409 2027 exspectatione
432 1955 552 2014 eorum,
575 1957 658 2022 quae
679 1937 908 2020 supervenient
928 1935 997 2000 orbi
1020 1947 1181 2001 terrarum.
1214 1939 1302 2005 Nam

78 2051 84 2058 '
156 2046 307 2120 ,virtutes
334 2037 498 2106 coelorum
526 2039 755 2102 concutientur.
820 2037 872 2102 27.
916 2039 957 2104 Et
977 2049 1051 2102 tuuc
1072 2037 1227 2106 videbunt
1247 2041 1304 2106 Fi·

160 2121 253 2214 ¹lium
288 2143 427 2210 bominis
457 2133 636 2206 venientem
672 2141 704 2204 in
736 2138 823 2206 nube
857 2163 928 2206 curn
955 2151 1109 2228 potestate
1135 2151 1168 2207 et
1199 2143 1303 2229 gloria
1401 2203 1402 2218 ζ

174 2247 281 2316 multa.
322 2245 376 2311 28.
398 2247 456 2310 llis
477 2253 580 2308 autem
604 2241 675 2314 heri
695 2239 919 2327 incipientibus
942 2245 1092 2331 suspicite
1113 2254 1145 2309 et
1165 2247 1300 2314 attollite
1329 2283 1334 2291 ⁴

175 2353 277 2440 capita
298 2360 414 2430 vestra,
436 2349 587 2436 quoniam
602 2345 845 2434 ⁸appropinquat
864 2341 1045 2434 redemptio
1065 2356 1176 2412 vestra.

249 2599 310 2659 lam
327 2595 362 2654 a'd
380 2593 490 2674 plenam
509 2593 590 2676 regni
611 2591 653 2654 sui
671 2589 924 2654 manifestationem
944 2592 1088 2659 descendit
1107 2593 1244 2670 Christus,
1263 2595 1298 2660 de
1401 2621 1402 2628 ¹

161 2689 163 2694 ·
249 2671 330 2732 initio
355 2681 471 2749 rogatus
492 2671 598 2744 fuerat,
631 2690 662 2728 ac
686 2669 839 2750 promittit,
866 2678 1012 2748 postquam
1036 2681 1082 2729 tot
1110 2671 1188 2732 malis
1208 2671 1299 2735 vexati

173 2691 288 2820 iddrint,
308 2758 453 2806 venturam
472 2766 524 2804 suo
545 2755 673 2824 tempore
692 2745 926 2826 redemptionem.
982 2745 1054 2808 Nam
1075 2741 1130 2807 boc
1149 2750 1298 2829 praecipue

173 2821 309 2902 spectavit
327 2822 355 2880 in
376 2841 426 2880 suo
444 2839 593 2900 responso,
621 2831 653 2878 ut
672 2821 823 2900 discipules
842 2841 906 2882 suos
924 2819 998 2880 bona
1017 2823 1053 2900 sp'
1130 2823 1237 2898 biliret,
1261 2835 1300 2891 net

98 2909 100 2914 ’
131 2930 135 2940 ’
172 2905 290 2980 propfer
308 2895 440 2958 confusos
459 2907 552 2956 motus
570 2896 668 2956 animis
687 2897 849 2968 delicerent
905 2897 975 2959 Ides
999 2918 1058 2956 non
1077 2898 1100 2958 si
1151 2899 1243 2961 liciter
1263 2903 1296 2962 de

172 2977 294 3038 adventu
313 2995 364 3036 sun
383 2971 519 3051 loquitur,
544 2973 593 3032 sed
617 2971 792 3052 propheticas
812 2973 944 3054 loquendi
963 2971 1066 3034 formas
1084 2989 1214 3055 usurpat,
1235 2979 1296 3056 qui-

172 3053 225 3114 bus
249 3066 282 3115 ut
305 3049 422 3133 quisque
445 3047 533 3130 magis
558 3059 617 3107 erat
635 3047 775 3122 intentus,
799 3049 838 3124 ita
856 3049 950 3110 ‹lurius
968 3050 1131 3110 tentationis
1151 3066 1294 3112 certamen
1401 3123 1402 3128 ἵ

172 3149 207 3190 ex
226 3129 370 3192 conuario
390 3137 494 3188 eventu
511 3123 740 3186 subire-necesse
760 3125 886 3187 babebat
945 3125 1024 3200 Quid
1043 3127 1116 3186 enim
1137 3129 1222 3208 magis
1242 3127 1292 3186 ab·

173 3205 287 3268 surdum
306 3227 388 3284 quam
408 3221 526 3285 regnum
539 3201 642 3261 Christi
661 3222 721 3262 nou
739 3203 828 3264 modo
844 3199 1065 3284 contemptibile,
1084 3201 1130 3262 sed
1141 3223 1225 3262 cruce
1238 3223 1291 3280 op·
1345 3242 1348 3260 .

170 3299 306 3358 pressum,
326 3281 418 3344 multis
436 3274 546 3360 probris
566 3292 740 3358 coopertum,
761 3291 789 3340 et
808 3279 886 3340 omni
904 3299 1010 3361 genere
1028 3275 1185 3336 afflictionis
1202 3277 1292 3342 obru-

170 3366 230 3416 tum
249 3378 374 3432 eernere,
394 3357 503 3435 dequo
524 3367 577 3413 tam
596 3355 742 3437 niagnilice
765 3357 925 3436 Prophetae
946 3353 1101 3416 concionati
1120 3353 1219 3413 erant?
1244 3355 1292 3415 An

170 3450 230 3498 non
254 3433 359 3509 requiri
382 3443 493 3512 poterat
517 3431 642 3491 maiestas
665 3431 722 3504 illa,
748 3453 819 3511 quae
838 3432 890 3491 soli
910 3444 939 3491 et
957 3433 1039 3490 lunae
1055 3439 1083 3490 et
1103 3429 1190 3490 stellis
1210 3443 1292 3492 tene·
1342 3497 1347 3502 ¹
1401 3451 1402 3454 ’

136 3549 141 3554 -
169 3506 233 3566 bras
252 3506 419 3582 obduceret,
444 3520 532 3566 totam
553 3519 718 3568 concuteret
737 3507 815 3568 orbis
833 3507 1001 3584 machinam,
1029 3517 1058 3567 et
1081 3507 1213 3588 usitatum
1242 3529 1290 3566 na-

102 3585 118 3656 .'
169 3593 249 3642 turae
268 3583 399 3644 ordinem
422 3582 558 3643 mutaret?
617 3584 669 3642 llis
688 3583 889 3644 tentationibus
908 3604 985 3646 nunc
1003 3583 1142 3644 Dominus
1161 3584 1292 3658 occurrit,

168 3657 364 3738 pronuntians,
384 3658 507 3737 quamvis
530 3679 590 3719 non
609 3659 702 3720 statim
722 3661 914 3740 compleantur
932 3661 1001 3722 bace
1020 3660 1155 3736 vaticinia,
1174 3659 1235 3740 ipso
1249 3671 1291 3720 ta-
1401 3699 1402 3736 q

167 3755 234 3798 men
257 3745 362 3796 eventu
383 3735 596 3812 comprohatum
615 3737 727 3799 tandmn
746 3737 798 3796 iri..
849 3739 952 3798 Sensus
975 3737 1068 3816 itaque
1088 3749 1145 3810 est,
1168 3757 1238 3816 quae
1256 3737 1291 3797 de
1400 3763 1402 3810 r

167 3811 327 3893 prodigiosa
346 3823 403 3870 tarn
420 3811 492 3872 coeli
509 3833 591 3904 quam
603 3825 696 3889 terrae
706 3815 890 3874 concussione
903 3813 969 3874 olim
979 3812 1119 3896 praedicta
1129 3825 1216 3888 erant,
1232 3831 1291 3872 non

166 3887 270 3948 debere
289 3889 323 3948 ad
342 3887 542 3966 redemptionis
562 3891 707 3950 exordium
724 3889 868 3972 restringi,
893 3889 957 3970 quia
976 3901 1070 3950 tntum
1088 3911 1214 3964 cursum,
1238 3889 1289 3948 do-

166 3983 220 4022 nec
238 3966 272 4024 ad
290 3975 394 4024 metam
412 3976 529 4025 ventum
552 3963 634 4039 soret,
654 3965 917 4046 complexifueriut
935 3965 1105 4058 Prophetae·
1144 3965 1228 4026 Nunc
1242 3963 1289 4025 ubi

165 4049 292 4102 tenemus
318 4041 422 4102 Christi
446 4040 614 4113 consilium,
635 4039 720 4102 facilis
746 4053 788 4133 esp
811 4043 964 4104 verborum
989 4041 1188 4126 intelligentia,
1214 4040 1288 4122 quod

165 4113 270 4173 scilicet
296 4139 356 4177 non
380 4118 471 4177 statim
495 4115 737 4174 obtenebrandum
763 4131 797 4177 sit
821 4119 945 4192 coelum,
975 4119 1031 4179 sed·
1048 4130 1196 4200 postquam
1215 4116 1287 4178 alili·
1375 4159 1379 4174 .

165 4188 303 4250 ttionibus
323 4193 453 4256 defuncta
472 4191 556 4250 luerit
573 4189 706 4250 Ecclesia.
750 4193 816 4252 Non
836 4196 912 4274 quod
931 4193 1032 4254 ultimo
1051 4197 1164 4256 demum
1184 4191 1288 4258 Christi

164 4261 285 4322 erlventn
307 4269 465 4346 apparitura
487 4267 522 4326 sit
545 4265 711 4346 regni*.eius
740 4267 830 4346 gloria
855 4282 884 4330 et
902 4270 1046 4344 maiestas,
1071 4273 1123 4332 sed
1141 4271 1204 4350 quia
1222 4269 1287 4330 illuc

163 4353 249 4408 usque
268 4339 398 4422 differtur
417 4363 515 4402 eorum
536 4338 794 4418 complementum,
815 4365 884 4421 quae
903 4345 963 4404 lieri
981 4360 1138 4424 coeperunt
1156 4358 1222 4426 pqst
1239 4363 1285 4406 re·
1401 4345 1402 4376 l
