2796 4774
352 247 432 323 (2⁰9.
472 201 600 306 Christus
619 243 768 304 damnatur
788 255 820 304 et
836 226 1025 319 abducitur.)‘
1187 249 1243 312 367
1273 336 1278 346 ¹
1302 228 1307 237 Ι

187 395 261 454 Luca
281 397 337 457 16.Ι
369 397 563 476 Curtigotum
585 413 655 478 ergo
678 387 855 456 dimittam.¹
877 394 910 456 Si
933 395 1009 476 quod
1027 395 1244 460 leredelictum

109 469 260 547 admissum
281 482 340 532 erat
365 471 469 552 absque
492 471 610 534 crimine
634 471 755 552 capitali,
789 492 852 532 eum
876 471 925 552 qui
947 471 1101 554 deliquerat
1118 475 1244 544 solebant

33 565 38 570 '
106 547 221 611 romani
248 547 387 628 praesides
415 548 501 631 virgis
529 549 658 608 caedere:
704 559 788 626 atque
814 547 869 608 hoc
892 561 1002 630 poenae
1027 537 1115 634 g'enus
1138 551 1242 612 dictum

109 623 168 682 suit
187 625 325 708 coerctio,
364 623 464 702 Inique
483 643 553 708 ergo
574 623 692 696 Pilatus,
712 623 759 701 qui
779 623 921 684 Christum
940 626 974 686 ab
995 625 1073 686 omui
1093 625 1173 707 culpa
1192 629 1242 688 ab·

86 699 239 774 ‚solvens,
260 701 338 779 quasi
357 699 515 766 mediocris
526 699 620 761 delicti
640 701 802 760 convictum
821 701 922 780 punire
940 702 1009 766 vult.
1047 704 1148 784 Neque
1167 704 1242 764 enirn

108 775 202 836 solum
221 787 359 852 testatur,
389 775 495 837 nullum
517 799 548 838 se
571 776 678 836 crimen
703 787 796 840 morte
821 777 936 854 dignum
955 779 984 838 iu
1004 776 1040 839 ed
1059 777 1242 862 comperisse,

107 851 160 912 sed
182 851 240 913 eius
259 851 450 936 innocentiam
469 853 573 932 absque
597 851 765 932 exceptione
790 853 896 913 asserit.
936 853 995 915 Cur
1003 875 1084 949 serqo
1106 878 1170 918 eum
1188 856 1241 918 lla-
1318 903 1322 910 1

107 917 214 1010 gellatl
252 929 309 989 Sed
332 929 369 990 ita
392 929 486 992 solent
510 928 621 1010 terreni
645 927 787 998 homines,
812 950 882 1007 quos
908 929 964 990 Dei
983 929 1102 1010 Spiritus
1121 932 1150 992 in
1170 953 1240 994 cou-

106 1005 196 1064 stauti
214 1004 284 1076 recti
303 1007 394 1066 studio
415 1025 474 1065 nou
494 1005 656 1078 confirmat,
679 1004 787 1064 etiamsi
805 1005 980 1084 „aequitatem
1004 1007 1100 1068 colere
1118 1009 1240 1088 cupiant,

105 1079 144 1139 ad
162 1080 285 1143 modicas
303 1080 417 1143 iniurias
437 1081 528 1143 coacti
547 1079 708 1155 deflectere.
748 1082 810 1142 Nec
835 1079 923 1140 mu'do
951 1081 1006 1144 hoc
1024 1082 1078 1142 sibi
1097 1103 1149 1163 pro
1168 1086 1241 1144 iuste

106 1151 288 1217 exsufflone
307 1157 428 1232 ducunt,
462 1156 537 1237 quod
555 1172 618 1217 non
637 1157 800 1239 gravissime
818 1156 980 1238 peccarint,
1004 1157 1054 1218 sed
1073 1178 1107 1218 en
1125 1151 1163 1219 ¹eo
1183 1159 1240 1220 cle-

106 1233 231 1293 mentiae
252 1232 361 1292 laudem
380 1233 433 1294 sibi
452 1245 600 1316 arrogant,
630 1235 706 1314 quod
725 1233 905 1324 pepercerint
928 1233 1018 1313 aliqua
1043 1254 1076 1293 ex
1095 1235 1239 1312 partein-

91 1309 209 1370 ·noxiis.
247 1309 361 1368 Interea
379 1331 440 1370 non
458 1321 604 1402 reputant,
624 1331 749 1388 quamvis
767 1309 842 1370 absit
857 1321 981 1370 exuema
1002 1311 1161 1384 crudelitas,
1179 1331 1239 1370 non

104 1385 190 1445 aliter
208 1384 294 1466 virgis
313 1407 396 1462 quam
414 1407 504 1446 secun
524 1385 621 1448 violari
642 1385 787 1459 iustitiam,
816 1406 886 1465 quae
911 1385 1062 1466 pretiosior
1086 1398 1127 1446 est
1146 1387 1240 1448 homi-

106 1483 177 1520 num
196 1460 271 1520 vitas
302 1461 389 1536 Quod
408 1461 443 1522 ad
462 1461 564 1522 Filium
580 1461 637 1524 Dei
656 1455 780 1541 spectat,
818 1463 873 1522 hoc
893 1462 981 1523 modo
1002 1462 1143 1536 dimissus,
1169 1483 1269 1542 pro-x

106 1537 196 1596 hrum·
212 1536 357 1622 virgarum
377 1537 437 1598 sine
456 1537 549 1600 salutis
567 1549 679 1598 nostrae
699 1537 831 1618 prosectu
850 1559 945 1598 secum
966 1537 1083 1599 tulisset:
1103 1538 1133 1598 in
1155 1559 1239 1599 curce
1273 1579 1275 1582 -

107 1633 189 1686 vero,
209 1633 268 1672 non
288 1633 367 1674 secus
387 1625 470 1693 atque
489 1615 517 1676 in
537 1613 682 1695 splendido
702 1635 796 1685 curru,
816 1615 851 1674 de
870 1615 996 1676 hostibus
1016 1615 1238 1684 euisbaenostcis

105 1688 298 1770 triumphavit.
341 1689 458 1750 Utinam
481 1709 550 1750 vero
578 1711 638 1748 non
663 1691 755 1755 multis
785 1691 869 1750 hodie
895 1691 990 1752 Pilatis
1017 1691 1138 1752 refertus
1151 1702 1238 1770 ,esset
1358 1711 1361 1719 '

105 1767 236 1827 mundus.
274 1765 332 1826 Sed
355 1767 430 1826 idem
454 1765 579 1828 videmus
605 1767 633 1824 in
657 1766 791 1827 membris
817 1765 969 1854 compleri,
983 1768 1073 1848 1quod
1099 1766 1238 1848 incapite
1271 1790 1276 1812 ‹

104 1834 241 1922 coeptum
265 1854 316 1902 est.
366 1845 471 1903 hisdem
495 1863 548 1922 qua
576 1841 679 1904 iudaici
703 1843 861 1904 sacerdotes
894 1843 1006 1904 saevitia
1033 1842 1180 1904 Christum
1202 1844 1244 1903 ad

105 1929 229 1980 mortem
248 1917 494 1998 raptandumesse
513 1918 679 1990 clamarunt,
710 1921 771 2000 pios
791 1919 849 1980 eius
868 1940 965 1987 sersus
983 1919 1160 2056 persequitur
1178 1918 1252 1980 cle:

105 2017 153 2056 rus
172 1994 282 2076 papalis.
307 1993 522 2086 Multiquidem
542 2015 576 2086 ex
594 1995 731 2056 iudicibus
749 1995 922 2086 voluntarios
941 2015 972 2056 se
992 1996 1068 2057 carni
1089 2016 1134 2059 ces
1154 2017 1237 2087 prae,-

106 2071 185 2226 liii
198 2070 486 2218 illidiilliil
499 2071 1237 2226 dtalltttitttttt‘ittetdtt't‘t:

105 2223 189 2298 mm)
207 2221 363 2304 flagellant..
390 2223 469 2297 Quid
488 2224 564 2284 enim
583 2222 656 2283 aliud
675 2233 726 2294 est,
744 2221 801 2282 Dei
819 2222 941 2282 cultores
960 2215 1140 2284 redimendae
1158 2223 1233 2284 vitae
1270 2295 1272 2302 ¹
1318 2283 1321 2288 .

107 2317 204 2361 causa·
212 2299 247 2358 ad
268 2297 413 2380 Evangelii
437 2299 654 2419 abueqationem
677 2317 796 2386 cogere,
830 2319 912 2378 quarn
935 2297 1077 2379 virgarum
1103 2297 1236 2358 dedecori

107 2375 245 2438 subiicere
269 2371 376 2437 Christi
390 2395 519 2436 nomen.
562 2375 675 2434 interea
705 2373 827 2434 bostrum
857 2373 915 2434 eius
945 2371 1105 2432 violentiam
1133 2373 1236 2432 obten-

107 2453 190 2513 dunt:
212 2451 288 2542 quasi
299 2451 365 2515 too
384 2449 483 2511 colore
501 2449 591 2532 probe
610 2459 723 2532 tegatur
735 2438 849 2528 ‘perlida
871 2469 970 2509 corum
989 2449 1135 2522 timiditas,
1155 2459 1236 2528 quae,
1352 2498 1357 2504 .

106 2528 176 2590 siin
195 2525 286 2588 Pilato
305 2525 439 2586 nonfuit
457 2525 633 2602 excusabilis,
651 2545 787 2590 summam
806 2525 837 2584 in
854 2524 920 2606 ipsis
939 2524 1155 2586 detestationem
1175 2544 1237 2583 me-

106 2616 194 2678 retur,
233 2603 384 2665 Caeterum
408 2623 564 2684 quanquam
590 2603 645 2664 hoc
670 2603 852 2680 praetereunt
877 2613 935 2662 tres
959 2601 1057 2678 vnostri
1083 2599 1234 2683 Evangeli-

107 2691 181 2755 stae,
201 2700 234 2740 ex
253 2680 361 2739 Ioanne
379 2689 474 2740 tamen
494 2689 617 2752 constat,
637 2677 722 2814 virqis
742 2683 853 2738 caesum
869 2677 953 2738 fuisse
974 2677 1129 2764 Christqm,
1142 2687 1234 2757 'quum

106 2757 196 2818 adhuc
215 2757 251 2816 de
269 2756 404 2816 seruanda
422 2754 565 2816 eius'vita
577 2765 684 2816 conten
704 2765 765 2815 eret
783 2754 899 2826 Pilatus,
920 2766 953 2814 ut
970 2754 1121 2835 spectaculi
1133 2753 1236 2814 delor-

106 2834 188 2895 nritas
231 2830 309 2912 opuli
326 2831 431 2894 rabiem
450 2829 586 2913 placaret:
614 2830 695 2893 sinam
718 2842 813 2892 umen
836 2831 940 2892 addidit
961 2833 1085 2896 Ioannes
1103 2829 1235 2912 implam-¹

107 2911 193 2973 bilem
209 2853 313 2986 luisse,
334 2908 426 3000 doqc
445 2909 597 2972 corinetes
616 2919 689 2971 esset
706 2907 780 2970 vitae
800 2919 909 2970 auctor.
1027 2959 1034 2975 ,
1114 2911 1119 2938 ¹

509 3085 535 3138 :l

10 3277 12 3286 ,
122 3191 149 3210 ”
193 3217 297 3300 (eoo.)
339 3215 510 3284 marris.
530 3215 661 3292 xxvn.
720 3214 773 3278 aa.
810 3213 935 3279 videns
970 3165 1085 3290 aurem,
1106 3185 1287 3287 natarunt

109 3319 197 3406 quod
219 3319 298 3386 nihil
319 3317 506 3408 proliceret,
520 3315 578 3382 sed
600 3317 698 3402 tnagis
717 3315 981 3396 tumultussreret,
1002 3325 1132 3400 accepta
1153 3333 1234 3400 aqua

109 3420 210 3486 abluit
235 3444 348 3488 marrus
374 3443 482 3490 coram
509 3419 648 3508 populo,
682 3417 813 3498 dicens,
845 3419 1004 3484 Innocens
1032 3437 1092 3504 ego
1119 3437 1188 3480 sum
1217 3436 1235 3505 a
1290 3407 1294 3436 ¹
1340 3455 1351 3466 ·

109 3525 261 3609 sanguine
282 3514 377 3590 huius
399 3526 488 3590 iusti:
521 3544 581 3588 vos
600 3521 755 3588 videritis.
805 3521 858 3588 25.
879 3523 922 3588 Et
942 3519 1143 3610 respondens
1166 3517 1235 3581 uni·
1329 3527 1334 3546 ⁸

111 3645 223 3690 versus
242 3617 385 3713 populus
406 3625 509 3704 dixit}
524 3626 660 3711 Sanguis
682 3627 752 3690 eiua
775 3646 874 3712 super
894 3647 962 3710 nos,
978 3637 1009 3690 et
1031 3644 1128 3709 super
1148 3613 1234 3682 lilios

109 3739 248 3796 nostros.
290 3728 343 3795 26.
364 3713 459 3796 Tunc
481 3728 600 3794 dimisit
620 3712 685 3792 illis
700 3727 904 3796 *Barahbamz
927 3730 1032 3794 lesum
1054 3733 1156 3789 autern
1178 3719 1235 3784 lla·

12 3882 16 3890 ,
73 3835 80 3847 ’
109 3825 431 3921 gellatum2tradidit,
461 3841 511 3922 ut
526 3829 772 3915 crucifigeretur.
815 3831 867 3895 27.
890 3833 985 3897 Tunc
1004 3825 1119 3892 milites
1141 3823 1235 3886 Prae-

112 3933 189 4002 sidis
212 3914 420 4020 suscipientes
441 3921 546 3996 lesuin
568 3933 1089 4020 inPraetorio,„cougre,gaverunt
1105 3914 1147 3990 a'd
1164 3945 1235 3988 eum

113 4038 293 4102 universam
315 4035 488 4100 cohortem.
553 4035 608 4102 28.
628 4035 671 4100 Et
691 4055 788 4122 quum
811 4037 970 4099 exuissent
992 4030 1078 4106 etun,
1105 4029 1236 4092 circum-

114 4137 272 4205 dederunt
294 4139 331 4204 el
345 4135 543 4222 chlamydem
567 4139 757 4204 coccineam.
799 4135 852 4201 29.
874 4135 916 4200 Et
937 4151 1089 4198 coronam
1111 4127 1153 4196 de
1174 4129 1237 4214 spi-

114 4244 165 4310 nis
187 4251 365 4318 contextam
393 4241 618 4328 imposuerunt
638 4261 734 4328 super
759 4249 854 4326 caput
876 4237 960 4312 eius,
982 4243 1025 4299 'ct
1044 4225 1237 4298 arundinem

115 4349 151 4412 in
171 4343 281 4420 dextra
301 4334 385 4413 eins:
414 4354 455 4424 et,
467 4365 552 4432 genu
572 4342 661 4429 deno,
678 4352 750 4410 ante
771 4361 844 4407 eum
862 4337 1044 4406 illudebant
1063 4338 1107 4418 ei,
1130 4335 1239 4403 dioen-

1098 4599 1103 4619 Ι

1381 3885 1383 3934 l
