2796 4774
100 187 106 192 ’
172 217 214 279 50
309 220 314 239 ²
383 163 1089 311 secr.xli1.ssan0ms'msmmoias.

115 387 144 439 s
172 316 286 430 honore
303 363 463 447 proiectum
486 362 574 424 fuerit
596 362 627 424 in
650 363 763 427 foveam
784 363 858 443 (hoc
877 352 961 427 enim¹
974 351 1008 428 eir
1027 365 1160 449 opposito
1178 353 1309 430 membro

173 540 380 676 iirbliitlnadhue
401 613 435 653 ex
453 593 570 674 pristina
588 593 718 674 superbia
736 593 878 664 residuum

174 441 309 524 colligere
350 450 492 520 romptum
531 450 570 515 st,
594 437 683 502 nih'ilo
705 441 768 522 plus
792 435 881 502 officii
903 451 1032 520 mortuo,
1059 439 1142 525 quani
1165 443 1231 506 viro
1252 442 1308 504 im·
1347 457 1360 472 ²

316 463 434 595 fiisse),
462 443 540 606 “³
564 527 677 589 contra,
705 525 867 594 sumptuose
894 538 948 654 gro
973 521 1028 582 suis
1052 521 1153 600 opibus
1175 519 1310 602 sepultus,
1387 549 1388 590 t

917 593 990 656 abet
1017 597 1090 657 Nam
1108 597 1160 658 hac
1179 597 1210 656 in
1227 610 1311 676 parte
1387 615 1388 694 p

174 670 382 766 quodammodo
401 679 517 733 naturae
535 668 666 730 reluctari
683 669 809 732 videmus
820 667 962 806 profanos
978 671 1118 748 homines,
1135 673 1214 754 quod
1225 677 1312 734 tirne-
1387 695 1388 756 l

174 772 213 810 rrs
240 745 390 825 splendore
416 757 446 806 et
470 745 606 825 exsequiis
629 746 791 826 superstites
833 759 952 814 ortunae
980 769 1045 809 suae
1075 769 1135 814 esse
1163 761 1309 832 appetunt.

178 825 331 886 Caetenrm
354 841 438 903 quam
462 820 545 883 stulta
569 821 605 883 sit
624 833 653 882 ct
671 821 787 883 ridicula
804 823 874 884 haec
892 823 1024 900 ambitio,
1047 833 1134 886 testes
1152 838 1219 887 strnt
1236 829 1312 907 apud

174 901 283 964 inferos
303 919 402 959 eorum
421 898 538 958 animae.
583 897 671 974 Quod
687 896 824 960 Lazarum
843 898 1043 964 delatnmesse
1062 901 1145 976 dicit,
1169 905 1313 983 synecdo-

176 977 255 1038 chica
280 985 329 1037 est
355 974 496 1056 loquutios
525 993 590 1036 nam
615 974 680 1056 quia
703 975 889 1056 praestantior
914 988 956 1038 est
978 975 1100 1037 hominis
1121 991 1187 1059 pars
1208 979 1315 1060 anima,

176 1071 283 1113 nomen
305 1052 395 1112 totius
418 1051 471 1114 sibi
494 1052 598 1112 merito
620 1051 752 1114 vindieat
795 1049 915 1135 Angelis
935 1064 1027 1114 autem
1047 1053 1107 1114 ¹hoe
1126 1073 1228 1113 munus
1248 1075 1313 1115 non

176 1131 280 1193 frustra
297 1127 582 1218 assignatssChristus·
597 1147 670 1210 quos
691 1129 792 1192 seimus
811 1131 889 1192 datos
908 1125 992 1192 inisse
1006 1129 1138 1192 'fidelibus
1154 1129 1313 1222 ministros,
1387 1191 1388 1234 1

158 1215 210 1268 rut
228 1225 328 1267 eorum
348 1205 428 1268 saluti
446 1225 495 1268 sua
510 1206 598 1266 nuda
620 1207 774 1286 operasque
792 1205 965 1342 imgendant.

209 1312 211 1320 ·
242 1287 291 1355 gln
306 1289 408 1341 *sisium
425 1282 574 1341 Abrahae.
613 1281 661 1341 De
677 1281 741 1342 sinu
760 1281 840 1342 Abra
860 1303 907 1358 ae,
927 1301 1009 1420 guam
1027 1281 1104 1345 varie
1122 1280 1313 1362 philosophati
1387 1287 1388 1314 l

177 1359 234 1428 sint
252 1359 332 1418 multi
352 1358 513 1438 scripturae
532 1357 608 1416 inter
644 1367 721 1433 etes,
748 1358 857 1419 referre
876 1359 935 1418 nihr
965 1380 1036 1440 opus
1055 1371 1109 1436 est,
1133 1380 1166 1420 ac
1186 1379 1223 1418 ne
1242 1377 1313 1418 meo

178 1438 291 1518 quidem
310 1433 413 1493 iudicio
434 1431 557 1514 expedit:
578 1455 611 1494 su
644 1434 699 1493 ciat
716 1446 824 1509 tenere,
844 1437 920 1516 quod
938 1435 1059 1498 lectores
1077 1436 1169 1518 probe
1186 1435 1216 1494 in
1230 1433 1312 1496 Scri-·
1357 1464 1360 1470 ·

179 1521 263 1594 ptura
284 1507 427 1572 exercitati
446 1509 602 1590 genuintnn
623 1523 683 1570 esse
700 1517 865 1592 agnoscent.
904 1514 976 1573 Nam
994 1513 1067 1574 sicut
1084 1512 1226 1574 Abraham
1242 1511 1312 1594 ideo

177 1595 257 1670 pater
280 1585 404 1646 'fidelium
423 1587 513 1646 dictus
538 1595 594 1660 est,
621 1587 684 1666 quia
707 1599 794 1667 penes
818 1587 908 1668 ipsum
929 1589 1086 1670 depositum
1106 1589 1160 1650 luit
1178 1595 1312 1649 aeternae

178 1665 252 1730 vitae
271 1660 382 1736 foedus,
407 1662 482 1742 quod
501 1660 576 1722 fideli
587 1661 719 1722 ,custodia
737 1671 877 1725 servatum
896 1665 958 1726 filiis
976 1666 1032 1726 suis
1050 1666 1185 1748 primum,
1209 1665 1315 1725 deinde

179 1737 288 1801 cu‘nttit
307 1738 440 1823 gentibus
457 1757 510 1828 per
528 1753 625 1798 manus
644 1737 780 1814 trad'eret,
807 1751 836 1800 et
859 1738 909 1798 filii
933 1741 991 1801 eius'
1011 1754 1164 1816 vocantur,
1188 1741 1312 1821 ¹quicun-
1337 1793 1349 1828 l

163 1837 235 1896 =quje
255 1815 378 1876 eiusdem
396 1813 588 1896 promissionis
606 1825 673 1874 sunt
688 1815 831 1892 haeredes,
848 1813 903 1875 itav
926 1827 971 1880 ost
989 1829 1115 1878 mortem-
1129 1815 1311 1878 dicunturin

179 1893 239 1956 eins
265 1891 356 1951 sinu'tn
388 1889 498 1972 colligi,
532 1889 580 1970 qui
604 1891 731 1952 eiusdem
755 1913 820 1952 cum
844 1913 879 1970 eo
902 1838 967 1952 litei
990 1891 1115 1953 fructum
1139 1893 1310 1992 percipiunt.

118 1969 155 1988 ⁶*
178 1966 346 2048 Metaphore
368 1985 385 2026 a
407 1977 487 2046 patre
511 1976 632 2102 sumgta,
663 1965 694 2026 in
723 1967 801 2027 cuius
826 1968 913 2036 veluti
927 1967 1028 2029 sinum
1051 1969 1099 2028 filii
1125 1971 1311 2040 conveniunt,

173 2045 247 2104 dum
265 2061 314 2105 ves
336 2063 384 2104 ere
402 2043 438 2102 ab
458 2043 551 2122 operis
590 2043 676 2103 iurnis
698 2043 775 2103 domi
794 2051 1013 2128 congregantur.
1053 2046 1151 2120 Quum
1172 2066 1242 2128 ergo
1261 2045 1312 2103 filii

178 2119 236 2182 Dei
257 2119 290 2204 in,
310 2065 366 2178 lior
389 2119 494 2178 mundo
519 2118 634 2199 dispersi
652 2121 886 2201 peregrinentur„
905 2121 987 2181 sicuti
1009 2121 1200 2214 inpraesenti
1219 2120 1319 2205 curri-l

179 2196 245 2256 culo
263 2195 348 2258 iidem
367 2205 523 2276 sequuntur
540 2195 626 2280 patris
646 2195 839 2272 suiAbrahae,
858 2195 896 2257 ita
915 2197 1041 2258 defuncti
1060 2219 1091 2258 rn
1104 2197 1213 2258 beatam
1229 2197 1312 2278 quie-

177 2285 252 2347 tem,
271 2273 301 2331 in
321 2292 374 2352 qua
394 2291 442 2333 eos
462 2283 616 2352 exspectat,
641 2293 702 2332 sese
720 2273 870 2409 recipiunt
914 2275 977 2334 Nec
994 2295 1065 2335 vero
1080 2283 1194 2354 'certum
1213 2273 1312 2333 locum

104 2375 107 2380 ·
178 2348 325 2433 imaginari
345 2369 459 2410 necesse
480 2357 541 2413 est:¹
555 2348 604 2408 sed
622 2350 731 2408 tantum
752 2349 881 2410 colectio
901 2350 959 2425 illa,
984 2371 1067 2430 quam
1089 2350 1158 2424 dixi,
1184 2357 1312 2424 notatur,

148 2498 150 2504 Ι
179 2437 212 2486 ut
232 2425 393 2494 scilicetne
411 2425 470 2506 ipsa
483 2425 764 2507 agnoscantfideles,
785 2447 815 2486 se
833 2447 894 2485 non
913 2426 1015 2486 frustra
1034 2427 1085 2488 sub
1104 2427 1158 2486 lide
1176 2424 1313 2486 Abrabae

179 2504 307 2584 auspiciis
323 2502 462 2580 militasse,
482 2504 547 2580 quia
567 2502 666 2562 eodem
684 2502 715 2562 in
735 2503 820 2564 coelis
838 2503 980 2563 domicilio
999 2501 1140 2564 fruuntur.
1171 2503 1204 2562 Si
1223 2511 1316 2582 quae-⁴

178 2591 280 2654 ratur,
302 2580 461 2638 aneadem
484 2577 569 2637 hodie
591 2577 643 2658 piis
668 2579 795 2640 conditio
818 2580 941 2661 reposita
966 2579 1003 2639 sit
1023 2591 1090 2660 post
1111 2591 1248 2654 mortem,
1273 2599 1313 2638 an

179 2653 250 2715 vero
271 2649 401 2711 Christus
424 2655 599 2734 resurgendo
619 2653 710 2712 sinum
729 2677 809 2714 suum
828 2656 984 2734 aperuerit,
1008 2654 1038 2714 in
1102 2676 1119 2716 o
1140 2666 1198 2715 tam
1216 2655 1312 2716 Abra-

180 2727 246 2786 ham
264 2727 337 2818 ipse,
357 2747 440 2804 quam
458 2727 497 2806 pii
518 2749 616 2788 omnes
635 2729 792 2807 quiescant,
816 2729 942 2792 breviter
960 2752 1064 2812 respon
1086 2752 1132 2792 eo:
1160 2731 1242 2792 sicuti
1265 2731 1312 2790 lu-

110 2861 111 2864 ,
181 2803 322 2863 eulerrtror
341 2801 398 2861 Dei
424 2801 513 2884 gratia
535 2825 588 2883 per
606 2804 790 2884 Evangelium
809 2805 892 2865 nobis
913 2806 1030 2881 affulsit,
1057 2820 1086 2868 et
1104 2803 1312 2888 Christusipse

180 2879 232 2940 Sol
256 2877 377 2942 iustitiae
401 2895 452 2937 suo
478 2878 601 2938 adventu
628 2878 745 2938 salutem
772 2879 858 2960 nobis
882 2883 987 2956 attulit,
1015 2903 1098 2962 quant
1126 2885 1233 2944 eminus
1257 2883 1310 2944 sub

180 2955 308 3016 obscuris
327 2953 434 3013 umbris
453 2953 582 3016 Patribus
600 2953 705 3014 intueri
727 2955 793 3016 olim
813 2957 908 3024 datum
929 2969 979 3031 est,
998 2957 1037 3017 ita
1058 2959 1175 3021 minime
1193 2959 1311 3022 dubium

181 3053 255 3108 esse,
280 3031 348 3111 quin
372 3029 477 3099 mortui
500 3028 616 3111 propius
636 3031 674 3090 ad
698 3031 825 3092 coelestis
848 3033 922 3092 vitae
943 3033 1107 3095 fruitionem
1129 3037 1308 3099 accesserint.

178 3111 294 3172 Interea
303 3109 457 3168 tenendum
472 3119 524 3180 est,
545 3105 685 3186 (plenam)
704 3107 923 3170 immorttlitatis'
935 3110 1055 3192 gloriam
1073 3135 1162 3193 usque
1181 3115 1215 3172 ad
1233 3113 1310 3174 diem

178 3185 308 3244 ultimum
325 3183 528 3265 redemptionis
545 3183 663 3255 differri.
709 3185 798 3260 Quod
816 3186 855 3245 ad
878 3172 985 3246 nomen
1004 3211 1016 3247 s
1038 3199 1124 3264 ectat,
1150 3201 1207 3248 tam
1230 3190 1342 3260 sinus,

178 3261 310 3320 Abrahae
334 3281 416 3340 quam
441 3259 551 3320 Christi
575 3260 670 3322 vocari
717 3273 792 3322 otest
814 3263 978 3342 tranquillus
1006 3209 1052 3324 ilie
1081 3277 1191 3346 portus,
1217 3265 1268 3346 >qui
1291 3287 1308 3325 a

176 3335 340 3418 praesentis¹
359 3337 434 3396 vitae
461 3337 642 3420 navigatione
669 3283 763 3399 fiieles
791 3340 902 3420 excipit.
956 3339 1106 3402 Caeterum
1136 3336 1308 3422 quia'altius

176 3412 319 3505 pgogressi
342 3431 448 3485 sumus,
472 3435 554 3494 quam
578 3416 676 3476 Patres
700 3416 751 3475 sub
773 3413 865 3498 Lege,
889 3415 979 3498 aptius
1003 3411 1239 3478 notabitur‘haed
1263 3418 1307 3478 di-

175 3500 307 3560 stinctio,
325 3489 353 3548 'si
373 3489 494 3558 dicamus
515 3491 621 3554 Christi
639 3492 765 3555 membra
784 3494 818 3553 ad
838 3505 921 3582 caput
940 3515 1020 3553 snum
1038 3495 1198 3576 aggregari:
1221 3505 1311 3574 atque
1387 3499 1388 3516 ¹

174 3564 213 3622 ita
239 3564 358 3627 cessabit
379 3566 544 3646 metaphora
569 3569 604 3632 de
628 3567 692 3628 sinu
715 3569 858 3643 Abrahae,
888 3569 970 3628 sicuti
995 3569 1060 3630 solis
1085 3571 1181 3652 fulgor
1205 3583 1311 3630 exortu

174 3654 226 3702 suo
246 3639 338 3699 'stellas
358 3649 456 3702 ot'nnes
477 3644 618 3705 obscurat.
649 3646 691 3703 Ex
710 3643 762 3706 hac
780 3657 877 3706 tamen
896 3645 924 3705 lo
945 3646 1030 3706 uendi
1049 3647 1148 3719 forma,
1168 3669 1222 3726 qua
1239 3656 1307 3708 usus¹
1387 3697 1388 3706 ,

1387 3167 1388 3242 l

1385 3353 1388 3428 l

1387 3449 1388 3496 t

1387 3519 1388 3596 l

1387 3607 1388 3672 l

175 3727 218 3778 est
238 3713 381 3792 Christus,
406 3717 541 3802 colligere
561 3721 676 3780 interim
695 3721 777 3796 licet,
797 3723 894 3782 Patres
913 3745 945 3782 su
984 3724 1063 3804 Lege
1083 3723 1211 3783 coelestis
1231 3723 1307 3784 vita'e

172 3792 388 3868 haereditatem,
407 3794 437 3852 in
456 3816 538 3876 quam
557 3798 663 3858 mortui
677 3798 792 3880 ‘recepti
811 3810 891 3874 sunt,
911 3797 967 3859 fide
985 3799 1127 3880 amplexos
1146 3802 1220 3876 esse,
1239 3802 1306 3860 dum
1329 3863 1332 3868 ,
1387 3827 1388 3858 r

172 3881 310 4007 meri-ili·
332 3945 424 4024 Apud
439 3949 553 4083 inferog
571 3951 701 4010 sublatis
717 3953 827 4013 oculis.'
851 3951 914 4012 Etsi
927 3949 1056 4014 Christus
1075 3951 1220 4013 historiam
1238 3973 1306 4013 nar-

129 4042 131 4046 ·
170 4033 215 4081 rat
236 4045 282 4084 res
299 4035 397 4084 tamen
422 4024 538 4104 spiritua
550 4047 579 4086 es
599 4027 734 4087 describit
756 4029 807 4088 sub
830 4027 942 4120 figuris,
971 4049 1037 4120 guas
1058 4029 1165 4098 sciebat
1189 4047 1304 4089 accom-

169 4101 266 4159 modas
287 4121 347 4160 esse
366 4101 400 4161 ad
419 4122 533 4161 sensum
551 4117 690 4162 nostrum.
729 4105 830 4186 Neque
851 4125 1053 4167 enrnr'anrmae
1071 4107 1166 4188 digitis
1186 4117 1216 4166 et
1232 4125 1304 4165 ocu·
1339 4113 1342 4118 '
1387 4113 1388 4122 ’

162 4170 202 4244 lis
215 4177 360 4306 ¹praeditae
379 4189 453 4254 sunt,
473 4199 565 4262 neque
585 4180 633 4240 siti·
647 4180 791 4255 laborant,
815 4201 908 4260 neque
926 4193 1024 4242 mutua
1042 4181 1155 4264 habent
1172 4181 1248 4244 inter
1271 4204 1303 4243 se

149 4246 215 4305 *⁰⁰¹
228 4251 323 4329 oquia,
353 4253 435 4334 quale
458 4253 503 4316 hi'c
527 4253 603 4317 inter
626 4255 773 4318 Abraham
803 4267 833 4316 et
858 4257 1012 4339 epulonem
1041 4259 1223 4350 describitur:
1253 4259 1303 4319 sed

140 4345 148 4363 κ
166 4321 306 4388 Dominus
327 4329 377 4392 hio
391 4332 514 4396 tabulam
533 4333 667 4414 depinxit,
686 4355 760 4417 quae
779 4344 882 4398 statum
903 4334 1301 4418 suturae,v1taepro‘sensus
1387 4323 1388 4370 ³
