2830 4772
765 103 784 136 ,1

459 185 542 304 (litto.
581 149 658 246 lesus
677 149 941 260 inertissimus.)
1047 179 1052 189 ”
1103 239 1105 243 ,
1209 185 1264 246 827

135 347 196 410 tes,
224 345 257 396 ut
276 333 381 416 absque
400 308 584 396 corniculus
602 333 786 430 repugnantia
804 334 879 400 inter
899 355 931 396 se
948 331 1088 396 disserant.
1127 333 1183 399 Hic
1203 333 1264 415 qui-

138 413 209 479 dem
229 411 307 472 locus
328 409 400 472 clare
419 411 504 471 docet
521 411 603 473 nimis
628 413 762 490 insipidos
789 409 875 489 fuisse
894 423 1003 472 veteres
1023 411 1192 488 haereticos,
1216 410 1264 492 qui

124 486 355 556 'Monotheletae
376 487 442 548 dicti
461 499 538 562 sunt,
571 489 647 568 quod
664 489 805 570 fingerent
825 487 965 552 Christum
983 493 1044 549 noir
1064 485 1115 547 nisi
1133 507 1187 548 una
1209 507 1263 550 vo·

136 564 248 623 luntate
271 575 302 622 et
326 563 444 641 simplici
464 563 547 624 luisse
572 564 728 644 praeditum
737 587 749 624 :-
782 581 874 642 neque
899 565 985 639 euim,
1020 575 1161 646 quatenus
1184 563 1261 626 Deus

86 705 91 716 ¹
136 649 214 713 crat,
237 639 311 698 aliud
330 639 416 698 soluit
435 661 516 720 quam
539 641 631 700 Pater.
676 638 811 719 Sequitur
831 659 901 720 ergo
921 641 1057 704 humanae
1076 640 1134 701 eius
1153 637 1261 702 animae

136 735 205 775 snos
225 713 309 776 fuisse
327 715 445 776 aflectus
468 715 502 775 ab
530 737 632 776 arcano
652 715 707 776 Dei
732 713 850 775 consilio
872 715 1025 777 distinctos.
1063 718 1124 778 Iam
1143 736 1214 777 vero
1236 715 1260 776 si

136 789 285 852 Christuln
305 792 432 870 oportuit
451 791 586 872 captivam
606 805 705 853 tenere
727 813 804 850 suam
823 789 1011 865 voluntatem,
1035 804 1067 854 ut
1085 815 1145 852 eam
1169 791 1258 854 subti-

135 867 289 928 ceret'Dei
309 868 345 926 im
368 867 440 940 erio,
460 869 583 948 quamvis
601 879 680 928 recte
700 869 844 928 moderata
864 878 946 942 esset,
965 887 1046 946 quam
1065 869 1183 929 sollicite
1201 889 1256 928 no-

132 943 182 1004 bis
198 888 372 1022 reprimenda
395 955 438 1004 est
456 944 607 1006 affectuum
628 957 789 1004 nostrorum
808 942 935 1016 licentia,
962 941 1009 1022 qui
1030 953 1059 1001 et
1081 965 1189 1062 semper
1211 944 1258 1006 iu·-

133 1020 303 1080 considerati
323 1019 452 1080 feruntur
471 1041 503 1078 ac
522 1020 745 1112 praecipites,art
764 1019 937 1082 contumacia
955 1017 1057 1084 referti,
1070 1032 1144 1090 sunt.
1169 1015 1257 1092 Quod

133 1093 159 1156 si
178 1117 230 1156 nos
248 1097 390 1178 gubernet
408 1095 463 1156 Dei
484 1096 619 1176 Spiritus,
641 1108 673 1156 ut
692 1095 761 1154 nihil
780 1095 897 1158 velimus
916 1093 970 1171 nisi
988 1093 1090 1152 rationi
1109 1101 1261 1166 consentu-J

131 1175 235 1246 heum,
254 1177 319 1234 Deo
339 1185 431 1232 tamen
452 1171 522 1232 hanc
543 1173 676 1234 debemus
696 1171 896 1243 obedientiam,
917 1182 948 1230 nt
966 1169 1107 1248 patienter
1125 1169 1255 1246 feramus,

131 1248 208 1306 votis
227 1250 332 1310 nostris
353 1269 411 1308 non
430 1249 488 1306 dari
508 1270 673 1308 successum.
712 1251 784 1308 Nam
803 1249 872 1308 haec
887 1246 952 1307 fidei
969 1246 1104 1305 modestia
1122 1257 1173 1322 est,
1191 1247 1256 1306 Deo

129 1324 307 1403 permittere,
328 1335 360 1382 ut
378 1322 458 1383 aliter
480 1335 581 1382 statuat
600 1345 683 1402 qnam
702 1345 754 1386 nos
775 1325 910 1404 cupimus.
938 1321 1104 1384 Praesertim
1122 1321 1191 1384 haec
1210 1321 1256 1382 re-'

130 1397 338 1486 gula'teucuda
358 1409 414 1473 est,
435 1399 484 1457 ubi
504 1399 586 1460 nobis
605 1412 794 1462 uontconstat
815 1412 890 1460 certa
911 1411 938 1460 et
957 1397 1081 1492 specialis
1099 1397 1256 1478 promissio,

127 1493 169 1532 ne
188 1475 253 1564 quid
271 1485 402 1554 tpetamus
421 1474 474 1536 nisi
492 1475 542 1536 snb
564 1475 614 1535 hac
633 1477 809 1551 conditione,
829 1485 861 1536 ut
879 1477 956 1535 Deus
975 1475 1089 1556 impleat
1108 1475 1184 1556 quod
1203 1474 1254 1534 de·

129 1561 233 1610 erevit:
255 1549 331 1628 quod
349 1549 411 1610 beri
434 1571 493 1610 non
512 1562 620 1630 potest,
639 1551 705 1632 quin
726 1563 791 1610 vota
810 1563 907 1611 nostra
928 1551 969 1610 illi
986 1552 1041 1612 resi
1064 1566 1169 1612 nemus.
1194 1551 1255 1628 Iam

152 1624 355 1708 meritur-quid
378 1627 483 1688 orando
504 1627 632 1688 Christus
654 1627 822 1707 profecerit:
841 1627 995 1710 Apostolus
1014 1650 1029 1686 a
1068 1626 1156 1697 Hebr,
1177 1626 1205 1702 5,
1225 1629 1253 1701 7,

128 1645 210 1777 dicit,
230 1701 389 1762 exauditum
410 1703 494 1763 fuisse
512 1725 528 1764 a
547 1725 598 1763 sno
617 1716 695 1764 metu
716 1703 770 1782 (sic
790 1704 864 1766 enim
885 1703 988 1784 exponi
1006 1701 1179 1764 debetlocus
1197 1701 1270 1778 ille,¹

128 1797 191 1838 non
208 1789 301 1836 antem
323 1789 355 1837 ut
374 1777 459 1859 vulgo
482 1777 599 1872 legitur,
629 1788 683 1860 pro
706 1801 754 1840 sua
777 1779 971 1856 reserenda).
1028 1779 1062 1838 Id
1083 1799 1172 1859 porro
1191 1799 1255 1838 non

129 1856 293 1932 quadraret,
318 1853 341 1913 si
360 1867 481 1914 mortem
506 1855 668 1936 simpliciter
685 1855 824 1932 timuisset
845 1855 988 1930 Christus,
1024 1855 1088 1935 quia
1114 1855 1148 1915 ab
1168 1876 1200 1916 ea
1218 1853 1276 1915 li-'

127 1929 242 1990 beratus
262 1951 322 1990 nou
341 1929 404 1992 lirit.
437 1933 523 1993 Unde
541 1933 669 2012 sequitur
688 1932 824 2014 gravioris
842 1931 906 1993 mali
924 1931 1027 1990 timore
1047 1931 1083 1992 ad
1100 1933 1254 2012 deprecan-

128 2006 193 2066 dam
212 1997 334 2066 mbrtem
354 2007 438 2068 fuisse
456 2009 596 2068 adactum:
620 2029 724 2088 nempe
741 2031 826 2100 quum
844 2007 914 2088 iram
933 2007 989 2067 Dei
1007 2006 1059 2067 sibi
1077 2007 1252 2088 propositam

126 2081 251 2160 videret,
277 2091 412 2162 quatenus
431 2084 466 2142 ad
486 2085 544 2143 eius
564 2084 685 2160 tribunal
704 2095 790 2144 totius
809 2084 906 2144 mundi
925 2083 1048 2162 peccatis
1067 2095 1198 2146 oneratum
1220 2101 1253 2145 se

129 2155 258 2232 sistebat,
295 2179 411 2220 necesse
435 2159 474 2217 illi
498 2159 552 2219 fuit
573 2157 740 2240 profundam
763 2160 861 2222 motis
884 2159 1014 2241 abyssum
1040 2159 1250 2218 exhorrescere.

131 2231 302 2314 Quanquam
320 2255 390 2317 ergo
409 2245 530 2294 mortem
549 2235 691 2310 sustinuit,
716 2235 780 2314 qnia
798 2247 892 2294 tamen
906 2234 1008 2296 solutis
1029 2236 1091 2301 citis¹
1106 2233 1266 2305 doloribus,

128 2311 376 2390 (quemadmodum
396 2321 425 2369 et
443 2311 546 2384 Petrus
564 2312 651 2372 docet
669 2311 735 2371 Act.
755 2314 787 2386 2,
806 2310 885 2385 Ἃ),
905 2311 1034 2390 superior
1054 2311 1141 2372 erasit
1158 2307 1252 2368 in'lu-

128 2397 190 2462 cta,
206 2385 308 2446 merito
328 2385 395 2444 dicit
412 2385 582 2466 Apostolus,
601 2387 758 2451 exauditum
777 2386 862 2448 fnisse
881 2407 897 2446 a
915 2407 967 2446 suo
986 2397 1071 2446 metu.
1129 2385 1186 2446 Itis
1204 2383 1251 2444 in·

127 2461 205 2522 docti
224 2461 350 2520 homines
369 2461 529 2552 insurgunt,
549 2483 670 2542 remque
685 2463 742 2523 indi
785 2485 829 2522 arn
843 2475 909 2522 ¹esst:
928 2461 1081 2536 clamitant,
1104 2461 1181 2544 quod
1199 2479 1250 2522 ve-

111 2537 195 2610 ritus
214 2537 249 2596 sit
268 2535 394 2598 Christus
412 2537 555 2598 absorberi
575 2560 590 2598 a
609 2549 711 2600 morte.
764 2542 813 2620 'go
832 2549 925 2598 autem
943 2537 1019 2618 ipsos
1037 2538 1107 2598 mihi
1126 2557 1249 2630 respon-

126 2615 194 2675 dere
217 2611 315 2686 velim,
338 2633 485 2692 quemnam
515 2614 599 2674 luisse
621 2626 729 2674 metum
756 2625 867 2696 putent,
888 2613 944 2694 ,qui
969 2625 1062 2696 guttas
1085 2633 1249 2696 sangurneas

129 2687 243 2752 Christo
264 2688 412 2767 expressit:
431 2711 573 2770 nunquam
594 2691 669 2751 enim
687 2689 741 2750 nisi
759 2711 776 2751 a
793 2690 856 2750 'diro
875 2701 905 2749 et
923 2689 1035 2751 insolito
1055 2691 1174 2750 horrore
1192 2689 1248 2750 llu-

127 2765 211 2826 risset
230 2763 354 2826 mortalis
373 2764 419 2824 ille
438 2767 531 2826 sudor.
571 2767 602 2826 Si
621 2767 682 2848 quis
700 2767 784 2828 hodie
801 2765 925 2835 sudando
945 2767 1111 2860 sauguinem
1130 2766 1248 2840 emittat,

117 2854 158 2904 ct
174 2839 285 2922 quidem
304 2851 379 2900 tauta
400 2841 480 2922 copia
498 2853 531 2901 ut
550 2853 647 2926 guttae
665 2843 695 2902 iu
713 2855 816 2903 terram
836 2841 954 2920 distilleu
993 2842 1157 2910 incredibile
1177 2861 1247 2934 por-

125 2929 236 2992 tentum
255 2915 321 2976 erit:
347 2915 370 2976 si
389 2917 433 2977 eui
453 2918 507 2978 hoc
527 2920 602 2978 con'
623 2931 672 3012 pat
695 2919 802 3010 majia
811 2919 929 2992 timore,
948 2919 1049 2999 pusillo
1071 2929 1101 2977 et
1118 2915 1247 2976 mullebri
1319 2958 1321 2972 .

125 2994 218 3056 animo
239 3013 298 3054 esse
317 2993 447 3054 dicemus.
486 2995 564 3075 Ergo
583 2931 633 3074 ‘br
653 2995 793 3056 Christum
817 3005 921 3076 negant
944 3005 1089 3074 precatum
1109 3010 1184 3066 esse,
1213 3001 1246 3050 ut

127 3093 191 3132 eum
208 3071 295 3130 'Pater
314 3069 443 3130 amortis
462 3075 575 3152 gurgite
590 3067 885 3150 'eriperet‘mollitiem
905 3069 944 3128 illi
962 3070 1102 3150 affingunt
1119 3065 1166 3128 v¹el
1184 3066 1248 3146 ple·
1280 3123 1285 3134 ,

126 3146 191 3208 heio
211 3145 325 3206 homine
350 3145 501 3228 indignam.
547 3146 578 3206 Si
607 3148 666 3226 quis
686 3145 817 3222 obiiciah-
833 3144 1001 3206 infidelitatis
1025 3162 1085 3203 esse
1112 3142 1245 3204 timorem

126 3223 202 3282 illum
222 3245 304 3303 quem
324 3219 403 3296 dico,
430 3222 460 3280 in
480 3233 613 3304 promptu
632 3222 736 3358 soluo}
752 3233 807 3295 cst,
831 3243 926 3300 quum¹
942 3220 1052 3280 divinae
1072 3218 1245 3280 maledictio-

126 3299 168 3357 nis
189 3300 308 3359 horrore
327 3297 468 3378 perculsus
489 3310 532 3358 est
551 3299 712 3373 Christus·
732 3317 747 3357 c
766 3309 871 3356 tactum
889 3295 975 3357 fuisse
995 3294 1084 3355 earnis
1099 3299 1198 3370 sensu,
1212 3307 1245 3355 ut

126 3373 192 3432 fides
210 3373 298 3434 illaesa
319 3385 347 3434 et
364 3375 512 3439 incolumis
531 3385 666 3439 maneret.
718 3372 891 3452 Facie-enim
911 3384 1025 3444 naturae
1046 3372 1104 3432 eim
1125 3369 1244 3454 iutegri-

131 3459 185 3521 tas,
205 3459 237 3508 ut
255 3451 376 3526 easdem,
396 3473 468 3530 quae
486 3473 538 3512 nos
558 3452 613 3511 suis
632 3448 734 3510 aculeis
753 3461 899 3530 pungunt,
915 3447 1085 3508 tentationes
1106 3447 1166 3508 sine
1185 3447 1245 3509 vnl-

126 3543 193 3584 nere
212 3525 337 3584 sentiret.
374 3528 493 3588 Interim
514 3525 598 3588 stulte
625 3525 812 3608 imaginantur
835 3525 896 3585 sine
921 3526 1073 3584 certamine
1096 3525 1244 3598 victorem,

127 3599 174 3682 qui
193 3600 378 3662 tentationum
395 3625 478 3664 sensu
497 3623 561 3664 eum
583 3603 716 3663 eximunt.
754 3603 816 3663 Nec
834 3619 903 3662 vero
923 3599 1082 3682 putas-etas
1102 3612 1145 3661 est
1164 3598 1243 3682 quic-

127 3695 209 3756 quam
228 3692 297 3738 ,eum
318 3675 471 3752 simulasse,
500 3681 565 3738 dum
591 3690 761 3758 conquestus
785 3687 827 3738 est
853 3677 888 3738 de
912 3677 1023 3737 mortali
1048 3676 1155 3736 animae
1169 3691 1243 3752 'suae

127 3749 249 3842 tristitia:
267 3769 321 3810 nec
339 3753 449 3812 merrtiti
467 3765 532 3828 sunt
550 3755 752 3838 Evanfflistae,
772 3753 912 3814 moestitia
930 3753 1015 3816 fuisse
1034 3757 1196 3830 'correptum
1215 3758 1245 3808 et

129 3841 269 3906 expavisse
287 3838 439 3888 narrantes.
1145 3845 1147 3852 ·

184 3906 249 3966 to.
286 3903 329 3960 Et
347 3907 426 3962 uenit
444 3904 488 3962 od
503 3899 673 3982 discipulari
710 3905 877 3985 Quanquam
896 3925 950 3966 nec
968 3913 1045 3963 metu
1064 3897 1170 3960 solutus
1189 3917 1243 3960 nec

128 3999 192 4041 eura
209 3977 314 4040 laxatus
334 3991 406 4053 erat,
425 3978 540 4040 remissa
553 3991 648 4040 tamen
669 3981 799 4062 precandi
819 3981 1016 4048 contentione,
1040 3974 1169 4034 solatium
1187 3971 1243 4034 hoc

128 4054 300 4135 interposuit.
337 4055 437 4134 Neque
456 4056 532 4116 enim
553 4054 614 4116 talis
640 4057 789 4136 requiritur
808 4055 940 4138 precandi
965 4049 1103 4112 assiduitas
1122 4072 1137 4112 a
1155 4049 1243 4110 fideli·
1280 4067 1285 4078 ·

128 4131 191 4206 bus,
211 4141 244 4190 ut
262 4151 404 4210 nunquam
421 4153 437 4192 a
456 4131 513 4191 Dei
532 4130 671 4212 colloquio
689 4131 845 4194 discedant:
875 4130 942 4210 quin
959 4126 1053 4208 potius
1072 4125 1177 4188 Christi
1195 4145 1244 4185 ex·

129 4205 220 4288 emplo
239 4227 301 4267 suas
321 4203 462 4269 orationes
482 4207 659 4282 continuant,
684 4209 895 4288 dumeousque
913 4202 1068 4285 progressi,
1093 4204 1150 4342 quo
1172 4202 1245 4284 pati-

128 4295 173 4344 tur
196 4279 357 4362 iufirmitas,
382 4285 416 4348 ad
441 4285 574 4370 exiguum
596 4283 710 4366 quidem
732 4295 843 4362 ternpus
866 4291 989 4356 cessant,
1011 4279 1092 4342 subin
1111 4301 1128 4342 e
1151 4292 1246 4344 nmen
1288 4317 1290 4326 ι
