2830 4772
324 175 339 254 ἴ
413 203 508 282 <19⁵-
546 197 769 306 rumperetur
787 196 947 298 proretae),
1196 187 1253 301 ens
1314 186 1356 267 ,“

73 373 81 402 s
119 376 221 429 curso,
246 333 343 418 sensus
360 371 460 428 purnes
479 360 606 432 occupat.
625 349 808 442 sllqcyero
828 359 985 440 extremum
1003 313 1159 442 §indictae
1183 371 1252 417 cuns

117 455 181 502 non
201 433 234 492 in
252 431 320 494 alios
339 431 417 494 Deus
437 429 555 502 exserit,
580 429 633 488 nisr
695 447 783 486 rram
808 437 892 485 exruo
916 427 1012 486 derotr
1035 438 1110 488 snut.
1154 369 1254 505 &aare

117 510 260 570 discamus
281 519 390 568 mature
408 506 461 566 resi
483 505 584 580 iscere,
612 523 650 564 ne
683 504 787 584 ongior
810 513 905 562 nostra
932 502 1047 563 durities
1069 503 1189 582 Satanae
1206 527 1255 568 re.

161 605 210 644 um
229 584 260 643 in
285 583 369 644 nohis
395 527 524 643 stabiliat:
553 603 619 648 nam
642 577 755 640 simulac
780 576 810 636 in
834 578 905 638 banc
926 579 1104 662 tyrannidem
1129 582 1253 644 coniecti

132 661 276 737 uerimns,
303 659 394 720 nullus
417 657 571 733 insaniendi
595 651 695 715 modus
720 653 784 713 erit.
833 653 987 736 Praecipue
1006 656 1172 718 ‘notandum
1200 671 1254 735 est,=

117 738 266 800 avaritiam
284 736 314 796 in
326 735 393 796 luda
411 745 505 801 tantae
525 731 731 797 excoecationis
751 729 836 790 luisse
856 749 966 790 causam
984 742 1014 792 et
1032 731 1156 810 lonterm
1176 735 1253 797 unde

117 825 256 894 apparet,
281 811 384 872 merito
405 832 422 871 a
444 809 532 872 Panlo
555 808 651 870 vocari
669 805 807 868 malorum
832 805 956 865 omnium
975 807 1095 883 radicem
1116 811 1155 886 (Ι.
1175 811 1251 876 Tim.

117 895 156 965 6,
176 891 237 962 10).
277 890 371 949 Porro
390 887 437 948 hic
459 905 603 967 quaerere,
622 903 658 944 an
677 879 895 944 substantialiter
913 883 1028 946 Satanas
1046 884 1076 944 in
1089 887 1187 948 Iudam
1205 889 1252 950 iu-

117 967 256 1040 traverit,
275 962 374 1025 lrivola
392 961 545 1044 speculatio
564 971 616 1022 est
636 961 702 1020 Hoc
718 958 806 1042 magis
826 957 985 1037 expendere
1005 963 1149 1040 convenit,
1167 985 1249 1044 quam

118 1041 260 1103 horribile
278 1040 314 1101 sit
328 1049 511 1132 portentum,
529 1037 658 1097 homines
676 1035 710 1095 ad
730 1033 883 1118 imaginem
901 1033 957 1094 Dei
976 1035 1115 1111 conditos,
1134 1049 1164 1097 et
1182 1040 1249 1122 Spi.

118 1118 188 1180 ritui
209 1128 309 1178 sancto
328 1139 359 1176 ιιι
376 1114 480 1196 templa
505 1112 673 1191 destinatos,
700 1133 761 1172 non
785 1109 873 1172 modo
899 1110 929 1169 in
945 1109 1060 1173 *foetida
1082 1111 1188 1176 stabula
1205 1116 1251 1179 rel

118 1194 231 1256 cloacas
252 1191 399 1269 converti,
417 1191 467 1252 scd
484 1187 709 1254 fierimaledicta
727 1188 850 1248 Satanae
864 1183 1015 1246 domicilia.
1334 1192 1339 1202 '

143 1325 144 1334 ,
197 1269 301 1331 Matth.
328 1272 374 1331 17.
430 1267 531 1328 Primo
561 1267 610 1326 die
636 1265 832 1344 Azyrrrorum·
846 1273 1043 1323 accesserunt.
1097 1261 1270 1339 Quaeritur

117 1347 215 1427 primo
236 1367 288 1406 cur
307 1343 367 1404 dies
386 1345 562 1477 dapmorum
580 1353 712 1415 vocetur,
764 1339 792 1398 ui
811 1339 877 1432 agni
895 1337 1118 1400 immolationem
1136 1361 1251 1424 praece-

116 1424 170 1484 dit.
179 1464 188 1494 ,ι
210 1423 316 1500 Neque
335 1419 411 1479 enim
443 1428 601 1478 armentum
626 1435 733 1477 cessare
782 1434 816 1476 ex
834 1415 950 1476 rubebat
997 1415 1089 1476 donec
1107 1438 1182 1500 agno
1201 1439 1252 1482 re·

117 1509 281 1560 scerentur.
320 1495 378 1556 Sed
396 1495 476 1555 buius
494 1493 562 1553 nodi
581 1493 668 1554 facilis
686 1491 789 1553 solutio
809 1503 864 1567 ert,
889 1459 965 1571 quod
983 1491 1092 1553 scilicet
1109 1494 1179 1554 baec
1197 1516 1253 1556 no-

17 1636 20 1642 ,
117 1571 192 1635 tatio
215 1572 343 1632 refertur
360 1571 395 1631 ad
414 1570 488 1630 diem
507 1581 687 1649 sequentem,
713 1566 793 1630 sicuti
817 1588 851 1628 cx
870 1570 967 1628 Marco
988 1581 1018 1628 et
1035 1569 1112 1630 Luca
1136 1569 1201 1632 satis
1218 1570 1254 1631 li-

118 1661 200 1731 quet.
242 1647 342 1722 Quum
363 1667 433 1729 ergo
453 1646 571 1706 instaret
586 1646 646 1707 dies
666 1643 806 1708 rrtactandi
826 1655 856 1704 et
880 1643 984 1704 edendi·
998 1645 1153 1722 Pascbatis,
1172 1646 1252 1709 cuius

116 1725 234 1786 initium
256 1735 316 1784 erat
334 1744 350 1782 a
368 1733 502 1803 vespere,
532 1733 635 1805 rogant
662 1721 806 1785 Christum
832 1720 972 1802 discipuli,
1006 1721 1121 1784 ubinam
1146 1723 1253 1786 Pascha

118 1803 207 1866 edere
227 1799 305 1862 velit.
344 1797 496 1860 Difficilior
512 1809 607 1859 autem
624 1797 691 1858 iude
714 1796 837 1858 nascitur
855 1797 995 1877 quaestio,
1019 1800 1096 1878 quod
1121 1799 1252 1862 erubrus

138 1877 212 1938 ridie
232 1876 290 1938 ritu
309 1873 358 1938 illo
377 1874 526 1938 defunctus
546 1886 601 1949 est,
617 1889 712 2010 ,guam
733 1885 794 1934 tota
817 1895 888 1956 gens
911 1871 1055 1953 publicum
1078 1876 1253 1938 Pascha-ce.

116 1900 257 2015 lebraret.
295 1954 402 2034 Aperte
421 1948 497 2013 enim
515 1953 613 2012 asserit
642 1971 762 2023 oannes,
781 1949 847 2032 dum
866 1949 1013 2010 crucifixus
1033 1963 1088 2026 est,
1107 1953 1253 2015 suisseIu-

118 2030 196 2092 daeis
220 2047 405 2110 parasceven,
431 2049 491 2088 non
508 2027 634 2104 Sabbati,
660 2027 710 2088 sed
733 2025 865 2088 Paschae.
903 2025 1015 2086 Deinde
1033 2047 1094 2088 non
1111 2029 1266 2122 ingressos·

119 2125 185 2168 esse
203 2104 390 2186 praetorium,
413 2113 451 2165 ne
469 2121 501 2168 se
517 2103 693 2184 polluerent,
723 2101 787 2180 quia
805 2101 940 2184 postridie
959 2103 1150 2168 manducatum
1167 2117 1252 2167 erant

118 2181 238 2244 Pascha.
277 2182 344 2242 Scio
363 2203 380 2241 a
398 2179 539 2242 nonnullis
558 2178 655 2261 quaeri
673 2178 810 2258 suffugia,
834 2178 883 2238 sed
907 2198 978 2256 quae
996 2179 1112 2241 minime
1133 2201 1182 2242 eos
1202 2203 1264 2251 ex-,

118 2259 250 2339 pedinnt.
289 2259 390 2337 Neque
409 2257 485 2316 enim
503 2254 566 2316 ullis
585 2253 689 2316 cavillis
713 2253 787 2314 eludi
810 2253 996 2334 hoc-potest,
1024 2256 1146 2335 quodie
1166 2257 1251 2319 Chri-

119 2347 196 2397 stum
225 2332 435 2407 crucifixerunt,
468 2352 529 2392 rron
557 2331 648 2416 egisse
671 2330 752 2391 diem
777 2328 880 2390 festum
906 2331 987 2409 (quo-
1004 2330 1046 2392 fas
1070 2352 1130 2392 non
1154 2332 1253 2396 fuisset
1302 2335 1316 2356 l*

119 2409 291 2492 supplicium
314 2410 350 2468 de
375 2407 469 2488 aliquo
493 2409 633 2484 sumere),
667 2419 702 2468 ct
725 2419 793 2467 tunc
817 2405 974 2466 sollennem
996 2407 1082 2469 luisse
1104 2411 1177 2491 apud
1202 2431 1252 2470 eos

108 2485 382 2566 praeparationem,
406 2495 439 2544 ut
461 2505 492 2546 se
512 2484 571 2544 ulto
596 2485 709 2544 demum
733 2481 848 2544 Christo
873 2483 978 2543 Pascha
1003 2485 1129 2544 ederent.
1168 2487 1252 2548 Nunc

121 2561 283 2640 quaeritur,
315 2559 459 2638 quomodo
488 2505 616 2622 Christus
644 2557 841 2622 anteverterit:
878 2579 970 2638 neque
1000 2560 1074 2620 enim
1104 2561 1254 2642 quicquam

143 2648 236 2698 racter
254 2637 339 2716 Legis
387 2635 567 2716 raescriptum
591 2635 645 2696 sibi
664 2637 693 2696 in
717 2635 773 2694 hoc
796 2633 852 2694 ritu
873 2635 1032 2714 permisit*
1052 2637 1140 2712 Quod
1158 2638 1252 2698 studio
1340 2695 1343 2703 ,

120 2657 233 2775 Christi
251 2656 386 2791 perdendi
404 2709 509 2772 Pascha
528 2711 669 2772 aIudaeis
680 2709 772 2772 ‘fuisse
789 2709 905 2770 dilatum
924 2711 1034 2791 qnidam
1053 2725 1163 2794 putant,
1182 2715 1252 2776 scite

120 2787 179 2850 hoc
198 2800 390 2848 commentum
409 2809 425 2848 a
444 2787 729 2861 Bucerorelellitur,
748 2785 806 2846 imo
826 2807 875 2848 sua
894 2789 1016 2848 vanitate
1035 2792 1167 2854 concidit.
1232 2812 1252 2853 o

120 2865 161 2926 ita
181 2883 218 2925 ue
236 2884 296 2924 non
316 2863 431 2939 dubito,
454 2864 523 2946 quin
549 2875 579 2925 et
597 2863 737 2947 legitimus
761 2863 819 2924 dies
838 2884 854 2922 a
873 2863 989 2925 Christo
1012 2877 1137 2927 servatus
1156 2865 1252 2943 suerit,

53 2987 59 2999 .
122 2886 269 3002 etludaei
287 2954 432 3021 receptum
451 2940 559 3022 pridem
578 2963 660 3002 usum
680 2938 790 3020 sequuti
808 2938 873 3000 sint.
921 2940 1018 3000 Primo
1038 2954 1116 3002 extra
1134 2954 1253 3004 contro·

120 3017 242 3080 versiam
267 3028 322 3093 est,
343 3016 434 3108 pridie
456 3017 572 3078 Sabbati
591 3016 716 3099 occisum
735 3015 818 3078 fuisse
838 3013 992 3078 Christum:
1018 3017 1082 3095 quia
1101 3028 1168 3078 ante
1187 3019 1254 3080 solis

121 3115 255 3156 occasum
274 3092 303 3154 in
322 3093 418 3152 vrcino
437 3091 567 3174 sepulcro
587 3090 719 3153 celeriter
737 3091 949 3166 luitconditus,
967 3111 1004 3151 co
1024 3091 1100 3170 quod
1117 3104 1185 3174 post
1203 3115 1254 3155 ve·

158 3189 240 3232 erum
264 3168 358 3230 seriari
383 3189 500 3232 necesse
526 3181 595 3234 erat.
622 3170 693 3230 ·Iam
712 3187 782 3229 vero
800 3168 908 3228 nemini
926 3167 1041 3228 dubium
1061 3181 1116 3243 est,
1144 3181 1254 3234 vetusta

121 3191 339 3322 bbscrvarionc,
362 3265 451 3326 quum
469 3245 575 3308 Pascha
594 3244 686 3307 etalii
705 3243 765 3305 dies
784 3241 849 3304 lesti
864 3245 895 3304 in
913 3243 988 3303 diem
1006 3245 1128 3305 Veneris
1147 3244 1255 3308 incide·

122 3333 203 3398 rent,
231 3323 354 3384 reiectos
383 3321 471 3383 fuisse
494 3321 524 3380 in
547 3321 622 3381 diem
641 3331 806 3402 posterum,
844 3320 907 3400 quia
931 3317 1043 3400 populo.
1061 3320 1143 3383 nimis
1169 3323 1255 3385 dulae

123 3396 248 3461 tuncne
260 3399 410 3460 continnae
428 3399 505 3460 bidui
524 3397 621 3458 leriae.
659 3397 768 3490 Legem
786 3396 859 3456 hanc
881 3395 1024 3488 proditam
1048 3395 1133 3460 luisse
1158 3399 1254 3461 Iudaei

123 3469 267 3533 affirmant
284 3475 391 3552 statim,
410 3485 558 3556 postquam
577 3474 611 3535 ab
638 3472 927 3564 exsilrobabylonrco
951 3494 1089 3536 reversus.
1101 3487 1144 3537 est
1162 3498 1200 3558 po
1222 3499 1260 3556 ιι-γ

124 3545 183 3606 lns:
214 3559 243 3608 et
266 3551 377 3628 quidem
402 3551 519 3616 coelesti
542 3549 672 3625 oraculo,
704 3570 742 3610 ne
766 3549 831 3630 qurd
854 3549 1001 3610 videantur
1020 3563 1127 3612 temere
1149 3552 1178 3610 in
1198 3497 1254 3613 hei

92 3619 101 3646 ⁸
124 3623 283 3704 praeceptis
301 3639 430 3690 mutasse.
471 3628 583 3704 Quodsi
600 3639 668 3688 tunc
688 3625 774 3686 moris
794 3625 861 3701 luit,
889 3625 961 3687 duos
980 3625 1007 3686 in
1027 3651 1118 3688 unum
1134 3629 1192 3688 dies
1208 3627 1254 3688 le-

109 3707 186 3758 =stos
209 3699 386 3784 coniungere
410 3705 458 3778 (ut
480 3704 576 3768 Iudaei
600 3724 656 3784 quo
679 3724 714 3762 ue
738 3702 875 3777 fatentur,
901 3704 939 3776 et
955 3722 989 3762 ex
1012 3703 1130 3766 vetustis
1154 3723 1254 3762 eorum

124 3775 316 3836 monumentis
336 3777 473 3855 constat),
495 3781 561 3842 satis
580 3779 668 3860 proha
689 3779 732 3840 ilis
750 3791 793 3841 est
817 3778 992 3854 coniectura,
1025 3775 1181 3852 Christum,
1206 3776 1254 3856 qni

125 3847 216 3946 pridie
244 3851 361 3912 Sabbati
380 3855 485 3916 Pascha
508 3855 675 3928 celebravit,
704 3855 857 3935 praefixum
879 3875 895 3914 a
919 3856 999 3936 Lege
1021 3855 1095 3915 diem
1121 3873 1253 3914 servasse.

125 3925 238 3988 brimus
257 3928 334 3988 enim
353 3950 436 4009 quam
455 3931 552 3990 sedulo
573 3930 727 4005 curaverit,
757 3952 794 3991 ne
819 3929 854 3990 ab
878 3929 935 3990 ullo
954 3929 1040 4012 Legis
1062 3928 1143 4008 apice
1161 3928 1254 3990 disce·

126 4002 216 4066 deret.
261 4004 335 4064 Nam
360 4027 446 4086 quum
470 4006 543 4088 Legi
567 4005 718 4076 obstrictus
746 4026 806 4068 esse
828 4005 962 4080 voluerit,
991 4017 1023 4066 ut
1046 4026 1099 4066 nos
1123 4002 1157 4063 ab
1181 4003 1254 4066 illius

125 4078 154 4139 iu
178 4077 367 4153 ocximcret,
397 4081 477 4144 huius
504 4079 685 4144 subiectionis
702 4081 754 4152 iu„
774 4103 885 4142 summo
915 4079 1032 4142 articulo
1063 4078 1181 4140 minime
1201 4080 1267 4146 fuir,

126 4101 239 4218 oblitus.
277 4157 379 4238 Itaque
398 4180 478 4218 usum
498 4170 628 4219 externae
648 4158 826 4218 ceremoniae
848 4157 980 4218 omittere
998 4155 1151 4230 maluisset,
1171 4177 1254 4237 quam

125 4231 284 4294 iniunctum
305 4233 438 4296 divinitus
458 4235 617 4296 mandatum
636 4232 806 4324 transgredi,
826 4244 910 4323 atque
929 4231 967 4290 ita
987 4252 1017 4291 se
1036 4231 1187 4367 impiorum
1208 4255 1255 4296 ca-

126 4309 238 4371 lumniis
259 4331 412 4392 exponere.
452 4311 541 4372 Certe
560 4329 597 4370 ne
614 4309 711 4372 Iudaea
731 4309 843 4387 quidem
863 4305 917 4384 rpsi
938 4305 1042 4366 inficias
1063 4307 1071 4364 i
1093 4314 1159 4386 utrt,
1183 4332 1255 4392 quq-

154 4399 241 4446 Calrini
254 4410 375 4448 comment.
388 4401 502 4470 iniiam.
518 4401 557 4448 liv·
580 4401 624 4444 vol.
639 4401 668 4444 ll·
1020 4385 1059 4442 ‘2⁰
