2790 4764
142 222 200 286 too
345 215 477 294 (sucu.
495 215 576 280 xlv.
616 229 787 280 unscmn
805 231 847 278 sr
865 175 1041 282 saumones.

143 373 285 461 obtineat3
303 387 376 450 quae
393 366 482 430 semel
500 363 597 460 agnita
615 365 710 428 iuerat
724 351 838 458 recitas.
890 369 985 428 Porro
1004 363 1083 448 quod
1101 365 1192 428 Lucas
1213 364 1271 428 hoc

142 449 230 512 turbis
253 447 358 507 dimum
377 465 437 504 esse
456 445 555 516 tradit,
579 463 596 502 a
614 443 748 504 Matthaei
766 455 796 504 et
816 444 906 508 Marci
928 444 1089 504 narratione
1107 463 1169 504 uon
1192 443 1271 504 dissi-

141 528 198 600 det,
217 523 281 616 quia
299 519 445 612 ‘rpbahiie
465 529 517 593 est,
539 517 734 610 Christumju
751 519 905 580 scribarum
924 519 1048 595 asseclas,
1068 541 1101 580 ac
1121 517 1272 599 discipulos

84 615 87 622 ’
141 613 173 664 ²²
196 600 280 662 ‘¹¹⁰⁵'
314 595 1108 752 ‘'mtt‘tht?dittti‘tatttdtttafflti?
1129 615 1272 732 ‘iiii'

140 677 408 835 ddhaqddteheahehaee
428 746 604 827 querimonia
622 747 668 808 rei
687 717 856 830 ohimgatio.
1122 693 1157 768 9⁰
1208 692 1273 790 -em

217 825 316 890 tuot.
330 829 359 887 t.
387 825 482 884 Natio
498 845 597 904 pravo
614 835 671 884 etc.
709 825 866 915 Hiciocus'
885 823 1028 904 expositus
1042 821 1098 884 suit
1111 822 1211 904 ,capito
1226 825 1273 884 la.

141 907 257 970 Summa
284 914 379 994 autem
406 913 461 976 est,
499 901 619 992 Iudaeos
646 899 729 992 nullis
760 903 848 993 siguis
875 921 907 960 ac
931 900 1068 974 messere,
1081 975 1089 990 Ο
1104 903 1175 981 quin
1203 899 1274 989 suh-

140 983 206 1043 inde
227 990 276 1042 eos
296 978 391 1041 ttttliet
410 997 494 1058 prava
511 978 569 1037 Der
588 977 717 1037 tentandi
736 979 889 1058 cupiditas..
949 997 1022 1057 eque
1042 995 1119 1036 mauu
1138 975 1273 1054 simphor-

139 1051 760 1196 ²‘‘diitiiiihgdiiiniiiiffldi
777 1052 1273 1192 ⁵ittffl.tt¹²¹?{ttttt⁰ttittt

138 1157 358 1285 ditione-ideo
377 1229 408 1270 se
426 1207 478 1266 iilis
499 1207 584 1266 instar
606 1152 696 1266 [odrae
714 1152 1066 1286 redivivuqurophetaru
1077 1151 1273 1264 forepdenun-

138 1288 199 1350 tiat.
257 1285 306 1350 sie
329 1283 440 1364 quidem
463 1281 549 1344 hahet
572 1279 746 1356 Matthaeus,
778 1283 852 1364 apud
877 1283 1007 1344 Marcum
1030 1279 1105 1340 nulia
1127 1281 1159 1340 iit
1181 1281 1273 1339 lonae

139 1363 265 1454 mentior·
291 1361 366 1450 idem
387 1370 485 1450 tamen
509 1369 551 1420 est
574 1379 685 1433 seusus,
715 1355 778 1438 quia
793 1379 842 1450 'ne
865 1357 921 1420 hoc
945 1357 1058 1444 quidem
1082 1354 1271 1446 proprieiiiis

138 1435 560 1594 diddeimmtdiqdd'emctdreddum
582 1454 599 1496 a
622 1445 717 1575 ¹morte
740 1446 889 1498 exutatum
909 1455 1043 1498 sonoram
1061 1432 1209 1517 Evangelu
1226 1451 1294 1553 sur*

225 1775 329 1860 (139.)
372 1771 542 1840 ΜΑΤΤΗ.
562 1773 649 1843 XVI.
690 1775 721 1840 5.
748 1774 790 1840 Et
812 1777 911 1862 quum
930 1759 1097 1844 venisseut
1119 1770 1288 1860 discipuli,

138 1879 210 1946 eius
237 1881 272 1944 iu
304 1876 486 1942 ulteriorem
512 1879 631 1962 ripam,
659 1870 718 1964 per
744 1875 942 1944 oblivionem
969 1893 1037 1944 nou
1066 1881 1272 1964 qunqpseraut

136 2002 249 2070 panes.
291 1979 322 2046 6.
355 1981 444 2044 lesus
474 1988 578 2043 autem
606 1979 684 2054 dixit
711 1976 792 2058 iltis,
814 1975 950 2063 Videte„
977 1989 1009 2044 et
1035 1988 1145 2042 cavete
1166 1977 1271 2042 aier-

136 2095 245 2166 mento
266 2083 511 2148 Pharisaeorum
534 2079 569 2146 ei
586 2077 856 2148 Sadducaeorum.
890 2081 920 2146 7.
944 2081 987 2146 At
1008 2081 1055 2149 ilii
1076 2079 1270 2166 reputabant

137 2191 221 2256 iutra
248 2209 333 2264 sese,
359 2183 516 2263 diceutes,
545 2174 649 2250 Panes
676 2185 965 2270 consumpsimus.
1021 2184 1052 2250 8.
1086 2181 1187 2269 Quod
1208 2180 1267 2246 ubi

138 2292 291 2378 cognorit
311 2291 415 2367 lesus,
442 2285 620 2364 diritius,
644 2284 734 2372 Quid
756 2288 901 2380 cqgitatis
924 2288 1008 2351 iutra
1029 2307 1090 2352 vos
1112 2287 1215 2370 ipsos,
1242 2301 1267 2347 o

120 2387 251 2486 .par'um
276 2389 427 2471 fidentes,
461 2386 551 2476 quod
579 2409 679 2476 panes
705 2407 775 2454 non
800 2391 1006 2476 sumpseritis.
1052 2389 1084 2472 9.
1111 2384 1266 2452 Nondum

136 2497 322 2586 intelligitis,
342 2513 449 2582 neque
470 2491 623 2559 ntemoria
643 2492 758 2555 tenetis
780 2491 921 2578 quinque
942 2491 1016 2556 ilios
1037 2511 1146 2578 panea,
1167 2509 1267 2575 quum

122 2599 412 2698 (horninesesseut
433 2597 606 2681 quinquies
628 2593 723 2674 mille,
743 2601 775 2656 ct
790 2594 870 2678 quo't
888 2595 1045 2680 cophinos
1058 2592 1266 2658 sustuleritis?

137 2701 189 2768 10.
214 2700 331 2785 Neque
358 2705 479 2792 septem
501 2696 576 2762 ilios
597 2717 714 2784 panes,
736 2715 834 2780 quum
856 2693 1001 2762 homines
1025 2707 1132 2762 esseut
1155 2704 1265 2782 quater

136 2799 249 2878 mitte‚‘
272 2809 303 2866 et
330 2807 410 2884 quot
437 2809 563 2892 sportas
583 2797 788 2883 acceperitis?
832 2795 883 2862 11.
913 2799 981 2885 Qui
1001 2798 1050 2878 fit,
1072 2809 1106 2864 ut
1126 2819 1194 2864 uon
1215 2799 1265 2866 iu·

135 2903 295 2992 telligatis,
316 2921 368 2964 me
389 2919 458 2963 nou
480 2897 521 2964 de
542 2921 626 2986 pane
649 2898 765 2976 dixisse
786 2895 881 2964 vobis
904 2899 995 2992 iilud,
1012 2912 1048 2967 ut
1069 2902 1222 2966 caveretis
1243 2915 1263 2962 a

133 2997 289 3076 fermento
311 3002 554 3092 Pharisaeorum
584 3009 615 3065 et
642 2993 921 3068 Sadducaeorum?
971 3003 1020 3070 12.
1049 3005 1145 3068 Tunc
1168 2999 1263 3073 iutel-
1328 3047 1332 3050 -

127 3111 292 3190 deserunt,
318 3103 409 3193 quod
428 3125 505 3170 nou
518 3095 796 3170 iussissetcavere
817 3125 836 3168 a
857 3104 1012 3174 fenneuto
1034 3109 1140 3194 panis,
1160 3103 1221 3172 sed
1242 3123 1261 3169 a
1374 3165 1379 3172 .

133 3212 280 3282 doctriua
301 3209 545 3306 Pharisaeorum
567 3215 598 3270 et
620 3203 890 3275 Sadducaeorum.
1241 3169 1247 3226 ¹

216 3379 355 3450 MARG
377 3371 477 3444 VIII.¹
509 3377 561 3444 lt.
587 3375 744 3444 Et'ohliti
765 3377 889 3447 fuerant
910 3313 1035 3447 ducrere
1056 3399 1281 3571 panQnec.

1131 3505 1148 3548 c

131 3493 259 3578 praeter
278 3503 377 3549 unum
396 3501 510 3572 panem
530 3477 693 3546 habehant
713 3502 820 3548 secum
840 3483 877 3548 iu
898 3487 980 3550 navi.
1025 3485 1127 3550 tas
1189 3482 1285 3552 raee¹

131 3591 215 3680 cepit
235 3585 298 3652 iilis
321 3583 589 3663 diceus,=Videte,
610 3593 720 3652 cavete
742 3607 760 3649 a
782 3585 938 3653 fermento
960 3587 1203 3653 Pharisaeorum
1225 3594 1257 3651 et

131 3694 326 3762 aiermento
348 3683 514 3784 Herodis
548 3686 607 3752 16..
631 3686 674 3752 Et
701 3685 903 3776 disputabant
924 3689 1006 3756 inter
1028 3711 1113 3768 sese,
1146 3687 1255 3753 diceu-

75 3847 76 3852 1
129 3809 187 3877 tes,
209 3796 312 3862 Panes
333 3809 402 3856 nou
419 3787 585 3856 hahemus.
631 3789 681 3854 17.
698 3790 754 3854 ¹Et
776 3811 817 3858 eo
839 3794 982 3878 cognito,
1004 3784 1095 3860 Iesus
1118 3791 1194 3856 dicit
1214 3789 1255 3856 il-

128 3899 185 3966 lis:
220 3893 310 3984 Quid
333 3891 509 3980 disputatis,
531 3889 620 3980 quod
641 3911 744 3978 panes
761 3914 829 3959 non
850 3893 992 3968 habetis?
1019 3877 1167 3962 noudum
1186 3895 1255 3959 aui-

128 3998 337 4076 madvertitis‚
369 4017 430 4062 nec
456 3991 798 4090 intelligitis‘tgadhuo·
815 4009 1018 4066 occoecatum
1044 3995 1166 4063 hahetis
1193 4018 1282 4062 eor*

127 4104 285 4166 vestrum?
322 4097 373 4168 18.
396 4095 522 4166 Oculos
542 4094 696 4161 hahentes
718 4118 786 4162 nou
809 4103 945 4179 cernitis,
966 4111 997 4166 et
1017 4122 1110 4166 aures
1131 4097 1251 4168 hahen-

126 4203 174 4257 tes
194 4219 261 4264 nou
283 4195 408 4282 auditis,
428 4211 460 4268 et
480 4219 548 4265 nou
569 4199 775 4264 meministis?
804 4193 868 4292 19.
898 4201 1007 4288 Quum
1030 4202 1171 4290 quinque
1192 4219 1251 4284 pa.

126 4309 185 4356 ues
217 4295 382 4386 fregissem
414 4305 449 4372 in
474 4303 657 4400 'homiuum
671 4302 813 4388 quinque
839 4302 951 4386 millia,
987 4313 1068 4394 quot
1092 4287 1257 4400 cophiuos'
