2804 4762
76 1053 81 1060 .
159 998 258 1074 Quum

160 239 219 302 19⁰
429 237 541 301 SECT.
560 237 642 303 XVI.
681 255 811 348 trauan
824 257 1017 306 mausueti.

160 389 223 451 darn
243 389 397 450 commisit:
421 400 452 451 et
556 401 723 470 sequnntur.
761 391 828 453 Hoc
846 415 917 456 vero
936 395 1067 472 alterum,
1087 393 1182 457 Lucae
1199 413 1284 474 pecn-

159 466 227 526 liare
246 477 299 540 est,
316 466 444 528 subditos
459 487 476 526 a
497 486 563 525 usos
580 466 714 547 principis
728 466 857 530 absentia
876 473 1026 534 tumultum
1044 471 1173 546 movisse,
1191 483 1224 530 ut
1241 471 1284 530 iu.

181 563 227 600 um
245 541 304 601 eius
323 553 493 624 excuterent.
529 537 659 622 Utroque
677 543 805 602 membro
825 542 880 604 huc
899 551 1036 626 spectarit
1045 548 1180 622 Christus,
1197 545 1284 630 longe

158 563 216 682 lati
235 615 382 695 discipulos
401 617 449 696 qui
467 625 606 698 putarent,
624 618 678 676 iam
695 617 787 698 ipsum
804 617 886 679 fixam
905 621 1009 684 babere
1027 625 1109 708 regni
1128 623 1283 698 stationem,

159 705 188 757 et
213 690 438 772 Hierosolymam
461 693 580 768 venire,
593 704 630 752 nt
651 713 719 754 mox
736 693 847 755 felicem
866 707 966 757 stabim
987 701 1027 772 eri
1049 701 1117 762 eret.
1172 701 1216 762 lta
1234 719 1284 780 spe

157 771 240 852 regni
261 767 415 860 praesentis
437 768 541 844 ablata,
564 767 599 830 ad
617 792 630 830 s
651 790 696 831 ern
716 781 746 831 et
763 770 939 832 tolerantiam
958 794 1008 834 eos
1028 719 1184 838 bortatur.l
1210 775 1284 837 Mul-
1307 797 1309 809 ·

157 859 203 908 tos
223 865 297 904 enum
316 841 426 905 labores
438 845 493 906 iliu
514 856 544 908 et
562 845 611 906 sed
641 867 658 906 o
678 841 729 907 illis
750 847 896 910 obeundos
917 849 1009 924 edicit,
1028 864 1177 932 antequam
1196 852 1284 937 gloria

157 921 203 981 illa
222 921 361 995 fruantur,
381 921 426 982 cni
445 922 529 984 nimis
548 921 635 985 calide
657 923 809 984 inhiabant
865 927 903 984 Iu
921 929 1067 1007 regionem
1085 931 1284 1021 longinquom.

297 1008 410 1058 utarent
428 997 568 1082 discipuli,
590 999 739 1066 Christum·
752 999 836 1084 regni
852 1001 895 1064 sui
915 1004 1119 1094 possessionem
1138 1027 1193 1066 ram
1215 1019 1284 1066 tunc

155 1075 249 1150 adire,
277 1017 353 1138 lunc
376 1095 503 1136 amorem
522 1075 613 1158 primo
633 1076 763 1170 corrigit,
785 1077 851 1157 quia
870 1078 924 1139 sibr
940 1077 1096 1162 longinquo
1115 1080 1218 1144 itinere
1236 1104 1284 1143 ac-

157 1151 324 1231 quirendum
343 1149 381 1211 sit
398 1172 529 1234 regnum.
570 1153 663 1216 Porro
682 1153 749 1234 quid
767 1153 789 1215 s'
831 1154 907 1216 ilicet
924 1155 1004 1238 regio
1023 1153 1192 1240 longinqua,
1215 1159 1285 1224 sub·

159 1227 235 1289 tibus
253 1227 390 1290 disserant
413 1228 461 1308 qui
484 1239 598 1310 captant
621 1229 751 1313 argutias.
823 1229 863 1292 ihi
882 1251 942 1297 non
960 1231 1033 1294 aliud
1051 1243 1152 1293 notare
1170 1233 1284 1294 ridetur

158 1303 302 1380 Christus,
325 1325 407 1384 quam
426 1305 586 1366 diuturnam
605 1305 758 1368 absentiam
781 1329 797 1367 a
815 1319 945 1388 tempore
962 1309 1063 1370 mortis
1079 1329 1167 1388 usque
1185 1309 1220 1368 ad
1238 1309 1283 1368 ul-

155 1383 256 1442 timum
278 1381 439 1442 adrentum.
479 1381 648 1462 Quanquam
674 1385 750 1444 enim
767 1381 807 1452 nd
830 1385 956 1446 dextram
977 1385 1068 1446 Patris
1090 1387 1189 1447 sedens
1209 1383 1283 1444 coeli

157 1469 187 1519 et
207 1469 301 1518 terrae
325 1456 445 1536 imperio
466 1458 587 1540 potitur,
614 1471 644 1519 et
662 1479 697 1520 ex
715 1480 771 1540 quo
790 1460 821 1520 in
840 1459 952 1521 coelum
970 1461 1095 1524 ascendit
1114 1462 1177 1522 data
1195 1471 1237 1522 est
1255 1459 1283 1520 ei

155 1533 250 1595 omnis
267 1543 400 1614 potestas,
419 1543 453 1592 ut
471 1555 565 1596 coram
586 1555 620 1595 eo
640 1535 772 1595 flectatur
791 1557 877 1597 omne
895 1548 1001 1620 genua
1032 1539 1077 1598 uia
1094 1549 1190 1600 tamen
1208 1556 1283 1598 non-

154 1611 222 1672 dum
243 1609 336 1670 hosms
355 1629 422 1670 suos
441 1610 564 1691 subegit,
580 1612 708 1672 nondum
725 1633 740 1672 a
756 1613 851 1704 paruit
868 1614 965 1674 mundi
982 1613 992 1673 i
1032 1637 1074 1692 ex,
1092 1632 1147 1676 nec
1164 1611 1285 1680 munires

155 1698 225 1748 stata
247 1696 291 1746 est
309 1685 372 1775 eius
388 1686 525 1779 maiestas,
543 1707 604 1748 non
621 1688 717 1824 inepte
736 1633 837 1750 ducitur
854 1688 952 1750 abesse
973 1711 989 1750 a
1007 1692 1072 1766 suis,
1092 1693 1185 1752 donec
1198 1711 1284 1754 orna-

153 1773 199 1823 tus
225 1782 303 1823 novo
349 1773 487 1844 rrncrpatu
510 1775 613 1823 iterum
630 1771 668 1824 ‘re
1063 1832 1067 1840 l

116 1835 120 1844 ’
153 1859 289 1921 regnare,
318 1782 385 1899 dum
408 1860 474 1900 suos
493 1851 643 1922 regenerat
661 1841 692 1900 in
711 1840 796 1900 vitam
816 1839 981 1915 coelestem,
1006 1852 1036 1900 et
1054 1843 1089 1902 ad
1107 1843 1162 1902 Del
1181 1841 1282 1924 imagi-

153 1937 220 1976 nem
239 1915 354 1997 refingit
371 1916 531 1998 angelisque
549 1915 677 1990 associat,
694 1915 761 1976 dum
773 1915 868 1976 ‘verbo
888 1935 940 1976 suo
959 1916 1101 1998 gubernat
1117 1917 1282 1994 Ecclesiam,

152 2003 250 2052 tuetur
272 2013 323 2053 suo
348 1992 499 2068 praesidIo,
519 1993 540 2052 S
561 1991 641 2052 iritus
660 1993 742 2053 donis
761 1983 926 2072 locupletat,
946 1992 1026 2054 fovet
1047 2015 1095 2054 sua
1114 1996 1204 2077 gratia
1222 1994 1282 2056 vir-

152 2079 271 2150 tuteque
294 2068 425 2143 sustinet,
452 2013 609 2150 suppeditat
627 2068 748 2148 denique
772 2067 902 2203 quicquid
920 2069 1106 2129 necessarium
1127 2083 1170 2132 est
1189 2070 1219 2130 in
1237 2092 1281 2146 sa:

152 2144 250 2220 luten,
271 2145 337 2206 dnm
347 2145 466 2206 Satanae
484 2143 666 2226 omniumque
676 2145 827 2226 impiorum
855 2164 970 2204 urorem
983 2148 1145 2226 compescit,
1168 2165 1280 2208 omnes-

128 2244 208 2303 .que
232 2221 372 2284 machinas
394 2221 518 2302 dissipat:
548 2221 598 2282 sed
639 2221 683 2281 uia
706 2222 785 2284 carni
806 2220 986 2287 absconditus
1010 2234 1055 2282 est
1079 2223 1125 2286 bi'c
1144 2223 1280 2308 regnandi

152 2299 268 2376 modus,
291 2297 407 2391 proprie
425 2297 455 2358 in
471 2295 601 2358 ultimum
620 2242 694 2359 diem
716 2298 776 2359 eius
794 2297 982 2358 manifestatio
1001 2298 1143 2360 differtur.
1200 2303 1278 2392 Ergo
1399 2351 1400 2358 ,

152 2399 238 2456 quum
270 2397 354 2460 regor
386 2373 514 2435 umbram
543 2372 626 2436 stulte
658 2374 902 2456 apprehenderent
929 2374 1077 2456 Apostoli,
1114 2387 1280 2458 pronuntiat
1338 2387 1355 2402 ··

40 2493 42 2500 ·
151 2454 305 2529 Dominus,
343 2451 444 2534 procul
472 2449 525 2514 sibi
553 2454 743 2534 quaerendum
769 2471 830 2538 esse
854 2463 988 2534 regnunt,
1003 2464 1051 2531 ,ιιι
1072 2473 1182 2538 moram
1204 2452 1278 2514 serre

151 2530 267 2590 discant.

159 2624 161 2629 ·
228 2607 274 2665 13.
314 2605 443 2674 Vocatis
466 2605 565 2684 decom
587 2609 710 2674 sercin,
730 2605 798 2665 Non
816 2603 854 2664 ita
872 2605 904 2666 in
923 2625 1070 2668 servorum
1089 2626 1223 2681 numero,
1246 2616 1280 2664 nt

151 2679 182 2740 in
205 2677 343 2758 pecuniae
367 2679 481 2741 summis
502 2681 583 2740 auxie
606 2680 777 2742 haerendum
800 2693 850 2740 cst.
892 2685 965 2743 Nam
984 2683 1140 2744 Matthaeus
1152 2685 1279 2744 diversas

151 2775 270 2816 summas
290 2754 459 2833 exprimens,
480 2756 642 2816 uberiorem
662 2755 789 2816 continet
806 2757 980 2834 doctrinam,
1001 2760 1075 2838 quod
1094 2758 1200 2821 scilicet
1218 2777 1279 2816 non

31 2884 41 2898 ,
148 2829 282 2920 omnibus
300 2831 413 2909 aequale
433 2831 596 2912 negotiandi
615 2851 687 2892 onus
707 2831 835 2892 Christus
853 2833 991 2917 iniungat,
1013 2837 1062 2896 sed
1080 2833 1129 2892 uni
1147 2833 1279 2892 commit-

150 2920 215 2968 tens
239 2927 365 2989 exiguam
388 2927 537 2981 summam,
564 2905 662 2966 maiori
685 2907 822 2986 pecuniae
840 2908 958 2969 alterum
977 2909 1123 2991 praeficiat
1166 2911 1201 2968 In
1217 2909 1277 2969 boc
1301 2967 1305 2971 .

121 3025 124 3037 ·
150 2985 235 3046 ambo
255 2981 446 3058 consentiunt,
465 2983 609 3062 usquead
629 2980 759 3042 ultimum
777 2983 851 3044 diem
869 2987 1081 3047 reilrrrectionis
1099 2981 1241 3047 Christum
1260 3005 1277 3044 a
1399 3047 1400 3052 ,

151 3062 207 3122 suis
235 3059 441 3142 quodammodo
472 3059 662 3140 peregrinam,
693 3059 894 3120 intereavero
918 3063 1034 3124 minime
1058 3075 1278 3122 consentaneum
1328 3089 1332 3094 ·

152 3153 226 3211 esse,
249 3146 282 3196 ut
301 3138 391 3198 otiosi
404 3135 520 3197 sedeant
539 3156 572 3195 ac
591 3135 715 3196 inutiles:
741 3135 856 3219 singulis
874 3138 949 3200 enim
970 3150 1078 3200 certum
1097 3157 1196 3200 munus
1215 3155 1278 3200 esse
1399 3171 1400 3178 ι

84 3271 86 3276 ,
149 3213 317 3290 iniunctum,
334 3213 364 3272 iu
384 3231 441 3294 quo
461 3234 491 3273 se
511 3223 671 3272 exerceant:
691 3211 796 3274 debere
814 3213 953 3296 igitur‘ad
970 3215 1170 3310 negotiandum
1180 3217 1278 3278 inten-

149 3300 194 3347 tos
215 3309 284 3364 esse,
303 3303 415 3358 utrem
434 3288 551 3350 Domini
572 3299 686 3350 strenue
705 3303 870 3369 procurent.
901 3292 1073 3373 Simpliciter
1092 3293 1159 3353 dicit
1177 3293 1278 3370 Lucas,

149 3365 240 3426 datam
261 3365 361 3446 cuique
379 3388 439 3430 esse
456 3368 569 3441 minam,
593 3365 665 3446 quia,
683 3365 743 3426 sive
762 3364 824 3446 plus
845 3367 903 3429 sire
922 3369 1013 3428 minus
1035 3369 1119 3429 nobis
1137 3369 1279 3431 Domi-nus

148 3440 315 3514 committat,
334 3464 387 3522 pro
407 3465 437 3504 se
456 3443 572 3579 quisque
592 3443 731 3524 rationem
748 3443 854 3523 pariter
871 3445 978 3506 reddet
1011 3445 1128 3506 Plenior
1146 3446 1193 3522 (ut
1207 3446 1277 3519 dixi)

150 3517 362 3608 etexpressior
385 3531 429 3578 est
454 3522 525 3579 lllatt
546 3539 624 3608 aeus,
654 3521 703 3599 qui
727 3520 936 3610 gradusponit
954 3521 1107 3582 distinctos.
1167 3523 1277 3584 Scimus

151 3615 240 3668 enum,
268 3615 335 3654 ‘non
362 3593 493 3655 omnibus
516 3616 676 3675 promiscue
699 3595 973 3680 Dommum'largiri
989 3598 1112 3659 ,eandem
1135 3597 1277 3657 donorum

149 3690 321 3744 mensuram,
351 3673 402 3731 sed
419 3671 496 3732 varie
514 3681 601 3750 prout
619 3673 709 3734 visum
728 3685 771 3733 est
788 3673 970 3750 distribuere,
993 3686 1025 3734 ut
1042 3673 1089 3733 alii
1108 3671 1176 3736 alios
1194 3695 1277 3754 praef

688 1775 741 1824 eat
783 1767 892 1824 Verum
914 1765 1026 1844 quidem
1051 1779 1094 1828 est
1117 1773 1182 1826 euin
1205 1787 1282 1842 nunc
1334 1765 1339 1775 ⁶
1399 1781 1400 1788 ’

132 3747 252 3819 ,εειΙιιιι
277 3747 395 3836 (Εριιεε.
415 3753 461 3837 4,.
473 3751 501 3810 7.
509 3745 533 3824 ).
576 3747 668 3840 Porro
690 3747 822 3830 quicquid
844 3750 874 3808 in
892 3771 945 3810 nos
964 3751 1104 3812 donorum
1120 3749 1278 3812 ‘contulerit
1302 3793 1304 3798 .
1399 3740 1400 3747 ἵ

148 3823 299 3898 Dominus,
318 3845 434 3884 sciamus
453 3837 541 3884 rnstar
582 3840 697 3886 ecuorae
715 3827 789 3905 apud
806 3845 859 3886 nos
879 3845 940 3886 csse
958 3827 1131 3908 depositum,
1159 3838 1193 3885 ut
1209 3827 1276 3886 inde

147 3900 255 3980 aliquid
272 3899 342 3960 lucri
364 3901 525 3980 proueniat*
539 3847 583 3977 (l.
603 3901 673 3962 Cor.
693 3903 743 3976 12,
765 3901 824 3980 73).
868 3901 945 3962 Nihil
969 3905 1044 3964 enim
1062 3903 1205 3984 indignius
1224 3913 1275 3978 est,

147 3997 229 4054 quam
243 3977 298 4036 Dei
317 3975 569 4060 gratiosiquarum
587 3978 629 4040 uis
648 3979 677 4037 in
697 3977 790 4038 fructu
808 3978 947 4054 consistit)
955 3979 1086 4061 ‘sepultas
1104 3979 1208 4055 latere,
1220 3997 1275 4039 nec

53 4085 54 4090 ι
106 4127 110 4136 Ι
146 4052 177 4110 in
195 4052 230 4112 ali
250 4073 315 4113 uem
333 4075 414 4113 nsum
433 4053 649 4114 accommodari.

154 4173 158 4180 -
254 4129 321 4190 atth.
342 4135 387 4192 15.
434 4131 597 4210 Unicuique
618 4128 778 4190 comodum
798 4125 1164 4210 propriam-facultatem.
1211 4131 1275 4190 Hac

147 4218 220 4262 voce
246 4227 306 4266 non
329 4206 464 4268 discernit
487 4207 613 4268 Christus
637 4219 764 4268 naturam
793 4209 949 4289 aSpiritus
974 4209 1070 4270 donis:
1093 4209 1176 4268 vnulla
1198 4207 1275 4276 enim
1399 4269 1400 4274 χ

149 4285 191 4334 est
208 4278 253 4337 vel
273 4284 400 4360 potentia
419 4283 465 4346 vel
483 4283 638 4360 dexteritas,
659 4303 729 4362 quae
748 4302 808 4344 non
825 4284 928 4346 debeat
945 4305 1012 4346 acce
1031 4296 1060 4346 ta
1077 4284 1180 4347 referri
1198 4285 1289 4344 Deo„

147 4347 245 4426 Ῑῑᾶιῑιθ
272 4357 395 4437 quisquis
423 4359 523 4442 partiri
542 4381 615 4446 ‚cum
637 4361 702 4423 Deo
730 4358 821 4440 volet,
850 4359 919 4423 nibil
938 4359 992 4426 sibi
1012 4307 1100 4426 laciet
1120 4359 1272 4424 residuum.

578 4453 588 4482 b
