2796 4774
217 191 220 201 Ι
293 243 419 323 (218-
438 215 653 304 Pilafflistts
671 237 974 322 dIscipulis›apparet.)'
1141 241 1199 302 399

78 399 151 461 tritu
173 397 260 461 rerba
282 395 432 475 annuns
459 389 517 452 Sed
539 391 603 472 qnia
625 393 748 461 narratio
761 390 997 472 interpositade
1021 389 1127 453 Christi
1150 391 1198 452 ds*

80 475 223 536 nmatione
239 469 384 534 hominem
403 465 481 528 nulio
502 469 645 549 Evangelii
667 481 752 550 gustu
772 469 908 530 imbutum
931 467 1052 529 alienar'e
1077 480 1199 550 poterat,
1223 459 1226 479 ‘
1331 539 1335 547 ἱ

56 551 157 634 ,quod
180 546 214 610 “ab
239 547 380 610 Ecclesiae
400 543 571 638 praesulibus
593 544 851 620 damnatus-foret,
869 545 946 616 ,huie
968 544 1096 607 scandalo
1122 563 1198 624 spem
1264 579 1267 590 ·

79 625 280 716 redemptipnis
301 633 423 706 opponat
443 619 593 701 cleopas·
628 623 690 682 Etsi
705 633 873 708 1antem,tre
886 623 942 702 ¹ide
962 634 990 683 et
1008 623 1098 700 instar
1114 619 1200 682 racil-
1297 687 1301 698 ,

80 703 161 764 lantis
179 714 277 784 postca
296 699 420 766 ostendit
440 697 472 757 ia
489 695 613 776 hacspe
626 717 660 758 se
675 717 859 767 maneresse
879 699 926 774 ulo
944 711 1043 760 tamen
1058 701 1200 780 quaecun-
1313 740 1316 754 ,

79 801 135 860 qne
153 790 249 858 potest
272 775 430 838 adiumenta
452 772 488 834 ad
513 769 572 836 eius
599 772 731 833 fulturam
750 772 865 908 colligit.
889 775 1106 854 ,Nahr'tertium
1127 773 1200 856 diem
1247 839 1250 844 .

76 857 115 922 ab
134 856 200 936 ipso
216 875 276 914 non
298 853 352 913 allo
370 851 427 911 fine
439 860 576 914 notatum
598 847 683 910 nasse
701 847 846 928 probabis
863 861 922 926 est,
945 851 998 911 nisi
1015 852 1080 932 quia
1098 849 1200 911 Domi*-

80 954 134 993 nus
153 951 183 992 se
200 929 296 990 triduo
313 938 537 989 resurrecturum
554 925 729 1006 promiserat:
751 923 849 1000 'Quod
863 925 964 986 deinde
983 947 1084 1006 corpus
1102 943 1201 987 a'mu-
1284 979 1290 988 .

62 1003 194 1085 ,lierihus
212 1017 355 1087 repertum
373 1025 435 1064 non
455 1001 539 1062 lause
562 1013 671 1078 narrat,
705 1013 734 1062 et
756 1000 876 1062 oblatam
902 1001 954 1062 illis
972 1002 1138 1082 angelorum
1157 1006 1202 1065 vis

82 1084 206 1157 εἰοηεηι,
226 1093 255 1142 et
273 1082 348 1165 quod
366 1081 407 1160 dep
421 1077 550 1159 sepulcro
568 1077 804 1140 racuovdixcmnt
822 1077 966 1153 mulieres,
980 1080 1109 1139 uirorum
1130 1099 1201 1157 quo-

81 1163 137 1239 qu'e
161 1157 324 1220 testimonio
350 1155 434 1216 luisse
457 1153 618 1234 probatum,
640 1153 682 1214 ’ad
702 1153 775 1214 hanc
798 1171 931 1214 summam
949 1155 1087 1224 refertur,
1117 1156 1203 1216 etri:

17 1281 27 1306 ,.
80 1248 156 1296 stum
171 1234 365 1296 resurrexisse.
401 1232 447 1290 Ita
464 1230 525 1310 pius
544 1230 633 1290 homo
648 1231 724 1290 inter
744 1229 826 1290 idem
853 1243 882 1290 et
899 1243 1003 1290 metum
1021 1231 1124 1322 dubius
1138 1229 1203 1292 fidei

79 1311 197 1380 adhibet
214 1311 402 1382 fomenta,'et
421 1319 520 1368 contra
539 1318 646 1366 metum
663 1327 716 1387 pro
736 1327 787 1370 suo
799 1307 883 1366 'virili
899 1305 1028 1372 lactatur.
1071 1321 1103 1336 ·'
1172 1325 1175 1332 ’

92 1411 96 1419 ·
157 1387 205 1448 25.
234 1387 277 1444 Et
295 1389 358 1464 ipae
375 1386 455 1442 dixit
476 1383 519 1441 ad
534 1405 594 1455 eos,
630 1381 789 1442 acriores
812 1383 909 1443 durior
930 1385 1040 1444 videtur
1061 1383 1134 1444 haec
1150 1383 1203 1444 oh-

80 1463 204 1544 iurgatio
223 1483 308 1542 quam
321 1481 377 1540 pro
395 1457 498 1519 infirmi
517 1458 801 1539 hominisrespectu:
838 1479 936 1520 verum
956 1461 1003 1540 qui
1022 1461 1205 1520 circumstan-

80 1539 134 1598 tias
152 1559 251 1600 omnes
270 1535 425 1617 expendet,
444 1535 525 1595 iacile
543 1535 691 1617 intelliget,
713 1555 772 1594 non
788 1535 825 1596 ah
844 1557 876 1596 re
893 1547 950 1595 tant
968 1553 1067 1616 aspere
1087 1537 1205 1620 castiga*-

54 1644 56 1648 ·
82 1627 128 1676 tos
154 1635 171 1673 a
195 1613 326 1674 Domino
347 1611 447 1687 luisse,
484 1611 556 1692 apud
577 1633 655 1692 quos·
671 1622 729 1671 tant
753 1611 823 1672 male
850 1611 1006 1684 diuturnam
1030 1615 1152 1694 fop'eranr
1175 1625 1205 1674 et

81 1709 181 1774 prope·
193 1690 298 1769 absque
319 1687 376 1748 ullo
400 1686 494 1748 fructu
517 1687 667 1748 locaverat.
684 1718 686 1726 v
705 1688 867 1748 Notandum
887 1689 962 1748 enim
982 1701 1037 1762 est,
1062 1711 1122 1748 non
1139 1701 1205 1750 tan·

82 1779 145 1826 tum
163 1767 197 1826 ad
216 1765 267 1826 hos
286 1766 356 1824 duos
374 1763 506 1846 restringi
524 1765 600 1844 quod
617 1763 664 1824 hic
683 1763 799 1840 dieitur,
817 1764 866 1824 sed
885 1763 1143 1826 obiicicommune
1161 1765 1206 1828 vi-

81 1844 167 1918 tium,
186 1841 262 1922 quod
280 1841 373 1902 statim
393 1861 428 1910 ex¹
443 1861 542 1902 eorum
561 1861 612 1900 ore
633 1837 733 1920 reliqui
752 1841 822 1900 socii
845 1842 963 1902 audiant.
994 1843 1102 1902 ¹'faties
1122 1843 1225 1903 Chris
1267 1863 1270 1874 ·

81 1931 144 1980 stus
161 1917 197 1978 de
213 1939 264 1979 sua
280 1927 373 1977 morte
392 1935 441 1978 eos
462 1927 685 1998 praemonuerat,
703 1916 789 1976 toties
809 1917 890 1977 etiam
910 1919 1075 1981 disseruerat
1096 1920 1132 1979 de
1151 1941 1207 1979 no-

81 2017 119 2055 va
138 2005 168 2054 et
186 1993 322 2074 spirituali
338 1993 409 2068 vita,
433 2015 567 2074 suamque
589 1991 747 2052 doctrinam
768 1989 970 2074 Prophetarum
993 1994 1111 2056 oraculis
1136 2015 1207 2062 eoo-

82 2067 256 2130 firmaverat:
289 2069 365 2148 quasi
384 2071 457 2146 apud
474 2071 587 2143 surdos,
613 2067 658 2128 vel
677 2067 770 2146 potius
790 2081 904 2130 truncos
928 2091 962 2130 ac
980 2069 1099 2150 lapides,
1121 2071 1207 2133 verba

83 2145 212 2218 fecisset,
249 2145 346 2204 mortis
369 2143 488 2203 horrore
507 2143 627 2222 perculsi
644 2143 710 2202 'huc
737 2144 855 2218 atfilluc
880 2159 1084 2206 reserassent.
1124 2149 1206 2208 Hanc

83 2220 173 2304 igitur
191 2219 387 2280 titubationem
407 2217 537 2278 stultitiae
555 2217 656 2280 merito
675 2217 786 2298 tribuit,
814 2231 842 2281 et
868 2221 928 2280 eius
945 2241 1053 2281 eausam
1073 2222 1140 2282 latit
1158 2243 1208 2284 so·

85 2297 225 2371 cordiam,
245 2295 321 2378 qrrod
340 2295 373 2353 ad
392 2293 565 2354 credendum¹
576 2287 643 2354 'non
659 2293 746 2374 mappa
766 2297 896 2374 propensi
915 2294 1028 2356 suerint.
1058 2299 1119 2360 Nec
1137 2319 1208 2360 vero

83 2372 140 2434 illis
157 2385 266 2434 tantum
286 2391 320 2430 ex
340 2370 449 2445 rohrat,
476 2369 656 2450 quodquam
675 2369 726 2430 illis
743 2371 867 2450 optimus
886 2371 972 2445 suerit
988 2374 1134 2459 magister,
1163 2395 1208 2435 se-

84 2471 159 2533 gnes
174 2471 207 2509 ae
225 2447 297 2508 tardi
315 2389 419 2506 iirerint
437 2445 659 2520 addiscendum,
678 2447 726 2506 sed
746 2447 820 2526 quod
839 2448 1044 2528 Prophetarum
1062 2451 1145 2510 dictis
1164 2461 1214 2510 at-=

8 2575 10 2578 .
85 2525 238 2586 teatinon
256 2524 374 2584 luerint:
403 2522 460 2582 acsi
482 2523 602 2595 diceret,
625 2522 802 2584 excusatione
820 2545 916 2584 carere
936 2539 1034 2585 eorum
1052 2538 1208 2606 stuporem,

86 2601 153 2682 quia
171 2621 235 2660 non
253 2599 306 2660 nisi
327 2620 380 2694 per
398 2618 448 2659 eos
467 2597 588 2672 steterit,
611 2601 696 2678 quum
721 2610 750 2658 ct
768 2621 820 2680 per
838 2621 868 2660 se
885 2599 1024 2663 luculenta
1039 2615 1120 2664 ‘esset
1136 2604 1225 2666 P'roe

108 2679 235 2738 hetarnm
253 2677 393 2749 doctnna,
414 2686 443 2735 et
462 2674 513 2737 illis
531 2674 622 2755 probe
640 2675 791 2756 suposita.v
828 2677 919 2738 Sicuti
937 2679 1026 2739 hodie
1038 2681 1209 2761 maior‘pars

85 2699 234 2816 [ominum
254 2751 369 2812 eandem
386 2751 513 2832 inscitiae
527 2771 593 2812 suae
613 2750 721 2832 culpam
739 2752 871 2828 sustinet,
906 2754 968 2834 qnia
987 2753 1122 2818 indociles
1141 2769 1209 2817 sunt

86 2851 123 2893 ae
142 2829 298 2910 praefracti.
336 2830 476 2905 Notemus
495 2838 602 2901 autem,
621 2849 706 2906 quarn
724 2829 806 2890 nimis
825 2840 940 2910 torpere
959 2832 1112 2928 ,discipulos
1130 2835 1211 2895 vide-

87 2917 136 2968 ret
158 2905 226 2968 Chr'
239 2916 306 2980 tus,
326 2916 359 2964 ut
383 2925 432 2966 eos
455 2903 683 2985 expergefaciat,
707 2905 741 2966 ab
767 2905 965 2988 obiurgatione
988 2909 1122 2989 inerpere.
1161 2909 1210 2970 Sic

88 2982 167 3045 enim
183 2929 249 3045 soii
271 2981 335 3041 endi
354 2991 428 3054 sunt,
447 3001 518 3060 quos
537 2980 643 3056 experti
662 3002 756 3042 snmus
775 2983 819 3052 vel
839 2985 923 3044 duros
942 2985 987 3046 vel
1005 2986 1141 3067 ignavos.¹
1193 2989 1195 2996 ’

165 3061 213 3120 26.
250 3001 353 3119 {lom
370 3059 446 3118 haee
464 3061 592 3138 oportuit
609 3061 678 3136 poti
699 3059 786 3120 Chr(
807 3060 875 3120 Non
893 3060 1008 3120 dubium
1027 3069 1078 3142 est,
1089 3061 1156 3142 quih
1175 3059 1211 3122 de

8 3143 9 3172 ³
61 3143 68 3167 ¹
88 3134 211 3198 Messiae
226 3134 330 3209 officis,
347 3133 426 3212 quale
436 3133 532 3193 deseri
554 3145 615 3192 tum
632 3143 674 3193 est
687 3153 707 3201 ,a
721 3135 879 3213 Prophetis,
898 3137 1080 3197 concionatus
1098 3137 1134 3198 sit
1150 3140 1212 3198 Do-

8 3223 9 3234 *
87 3211 193 3286 minus,
208 3232 246 3271 ne
256 3231 334 3270 mors
349 3210 439 3270 mucis
451 3208 510 3270 olle
550 3208 625 3270 teuto
634 3221 715 3284 esset,
732 3211 800 3270 etin
818 3212 919 3272 itinere
931 3212 1017 3272 trium
1027 3212 1073 3274 vei
1091 3225 1216 3294 quatuor·

88 3286 307 3349 horarum'satis
325 3285 379 3346 luit
397 3285 431 3344 ad
448 3284 565 3346 uberem
584 3293 678 3354 re'rum
697 3286 908 3366 explicationem
926 3289 1014 3370 spatii.
1052 3291 1120 3350 Non
1140 3311 1212 3386 ergo

88 3363 181 3422 tribus
198 3364 292 3426 verbis
306 3361 587 3424 assernit'Christnrn
606 3363 763 3442 oportuisse
784 3365 853 3444 pati,
877 3363 924 3424 sed
943 3365 1051 3455 prolixe
1076 3367 1213 3444 disseruit,

8 3487 9 3490 ,
88 3438 205 3500 missrun
224 3440 289 3500 ideo
312 3438 396 3500 fuisse
418 3450 453 3498 ut·
473 3439 574 3499 mortis
600 3439 734 3499 sacrificio
758 3453 871 3520 peccata
893 3443 1151 3524 mundi—expiaret,
1180 3449 1214 3504 nt

20 3517 24 3528 ’
61 3583 62 3586 ¹
88 3511 219 3584 κάθαρμα
243 3513 325 3574 limet
345 3515 379 3576 nd
402 3515 555 3576 tollendam
576 3513 818 3591 maledictionem,
844 3529 899 3578 ,nt'
916 3537 967 3578 suo
993 3521 1072 3580 rea'tu
1095 3521 1212 3582 aliorum

74 3589 191 3651 ¹sttrdes
215 3587 330 3649 elueret.
389 3593 457 3655 ldeo
482 3593 647 3654 sententiam
666 3591 743 3654 hano
757 3591 958 3676 interrogative
976 3597 1094 3677 protulit
1113 3599 1212 3674 Lucas,
1223 3657 1241 3664 ,

89 3665 211 3727 metens
222 3665 415 3726 venenariae
433 3667 528 3730 causas
545 3669 619 3728 nude
637 3664 790 3750 colligitur,
802 3670 956 3732 rationibus
968 3683 1109 3742 ostensam
1126 3672 1213 3732 fnisse

89 3741 193 3803 mortis
211 3739 415 3802 necessitatem.
452 3745 568 3806 Summa
587 3755 641 3816 est,
665 3765 814 3824 perperam
831 3747 938 3808 turbari
956 3748 1104 3828 discipulos
1122 3747 1213 3830 magi:

89 3815 146 3880 stri
162 3817 206 3877 sui
223 3825 318 3878 morte
336 3815 411 3891 (sine
422 3839 478 3898 qna
494 3819 719 3900 implereiihristi
737 3827 831 3901 partes
850 3821 908 3884 non
927 3825 1031 3906 potuit:
1050 3823 1113 3902 quia
1151 3845 1213 3884 rae-

90 3892 206 3971 eipnum
224 3888 427 3972 redemptionis
445 3905 528 3972 caput
546 3905 607 3954 erat
624 3895 682 3955 eins
700 3895 882 3980 immolatio),
900 3901 954 3958 hoc
974 3899 1048 3968 enim
1067 3919 1115 3962 mo
1135 3919 1153 3959 o
1173 3901 1213 3960 ia-

17 3982 21 3990 '
89 3989 177 4030 nuam
195 3969 357 4044 *obstruere
381 3989 419 4029 ne
436 3968 466 4028 in
485 3989 517 4030 re
558 3989 605 4028 um
623 3987 703 4030 suurn
722 3975 852 4034 accedat.
884 3976 971 4050 Quod
991 3974 1140 4056 diligenter
1158 3997 1213 4037 no-

89 4044 209 4106 tandum
230 4056 282 4110 est.
321 4047 393 4116 Nam
416 4066 501 4126 quum
551 4045 651 4106 hristus
676 4047 784 4110 honore
803 4071 855 4112 suo
875 4061 981 4123 careat,
1008 4051 1063 4112 nisi
1082 4063 1214 4116 censetur

89 4119 224 4184 victima
246 4143 281 4182 ro
319 4121 431 4196 eccatis,
457 4121 558 4184 unicus
576 4121 614 4181 illi
633 4122 663 4182 in
686 4124 804 4208 gloriam
829 4149 906 4188 suam
928 4125 1069 4210 ingressus
1087 4139 1130 4188 est
1148 4129 1212 4188 exi-

88 4197 202 4260 nanitio
284 4143 371 4275 (itit.
389 4201 423 4274 2,
443 4197 486 4275 7.)
523 4219 557 4262 ex
575 4215 628 4279 qua
649 4201 827 4282 Redemptor
843 4203 967 4263 emersit.
1006 4205 1093 4284 atqui
1111 4204 1140 4267 in
1163 4225 1211 4264 or-

89 4273 360 4356 dinefpraepostero
379 4275 468 4336 nihilo
487 4242 574 4336 levius
593 4277 676 4338 hodie
694 4278 769 4338 inter
787 4299 839 4339 uos
858 4278 968 4358 peccari
986 4279 1123 4342 ridemus:
1146 4300 1219 4341 nam*
1249 4297 1252 4304 ·

90 4369 130 4411 ex
147 4371 247 4414 eonrnr
261 4353 358 4428 turha,
379 4353 433 4434 qni
445 4352 591 4436 magnifice
608 4353 751 4417 Ghristnm
770 4356 880 4438 Regem
897 4357 1072 4436 praedicans,
1091 4378 1211 4440 eumque
