2828 4774
190 295 250 360 tlt
349 289 461 356 SECT.
480 257 576 352 nuti.
612 297 1160 356 rmnntroauu'nuoumsrrouus.

190 444 284 526 plausu
325 461 341 503 e
359 429 506 522 exceptum
523 438 567 516 iri,
586 459 618 503 ae
636 459 698 515 non
715 439 810 522 potius
824 438 905 518 ipsos
921 441 1062 520 primores
1081 441 1146 504 {bne
1163 440 1204 502 illi
1219 441 1317 504 adven.
1393 469 1395 482 -

191 519 253 585 sos?
317 537 384 578 orro
403 517 597 598 locus‚*quem
616 515 695 589 citet,
716 535 750 574 ex
770 515 870 574 eodem
889 517 1001 579 Psalmo
1020 531 1146 598 sumptus
1165 530 1220 592 est,
1243 519 1319 578 unde

190 607 220 658 et
242 591 596 666 cassellennensis,
620 577 797 652 salvuntur
816 591 959 666 Domine,
985 597 1158 660 Benedictus
1175 595 1222 674 qul
1241 594 1319 656 venit

189 672 220 734 iu
244 669 359 734 nomine
377 667 504 730 Domini.
544 671 615 728 Esse
636 678 730 726 autem
747 663 912 726 vaticinium
930 667 965 726 de
983 691 1015 746 re
1038 693 1076 730 no
1095 671 1230 745 Mcssiae,
1255 670 1320 730 inde

191 756 310 820 condat,
330 744 408 825 quod
425 743 516 813 Dauid
531 743 584 822 hac
602 742 666 826 lege
685 765 735 804 rex
756 763 772 802 a
792 743 855 802 Deo
874 754 985 814 creatus
1004 691 1069 822 duit,
1087 759 1119 806 ut
1138 748 1239 824 solium
1260 747 1319 810 sius

187 832 328 901 perpetuo
351 829 452 894 staret,
485 841 568 908 quarn
591 819 639 880 dlu
662 819 793 879 lucerent
813 818 844 877 in
864 817 945 878 coele
963 818 1006 880 sol
1026 833 1056 880 et
1075 821 1154 897 luna,
1186 835 1216 898 et
1235 823 1321 884 oolla-

180 935 183 940 *
208 919 270 958 sum
292 917 405 965 rursum
426 895 482 956 Dei
504 895 594 980 gratia
614 895 942 976 inpristinum-‹statum
965 895 1080 956 rediret.
1126 899 1224 973 Quum
1241 919 1320 982 ergo

188 917 313 1036 i‘satmm
331 971 379 1034 ille
397 973 616 1054 descriptionem
633 971 718 1054 regni
734 971 850 1032 Dauidis
869 969 1026 1045 contineat,
1050 972 1131 1032 simul
1151 986 1259 1036 annexa
1280 985 1323 1036 est

188 1049 375 1131 perpetuitas,
399 1069 483 1142 quam
506 1049 632 1129 sequitur
649 1047 803 1108 restitutio.
822 1047 877 1108 ''Si
895 1049 1038 1129 de'regno
1056 1047 1149 1126 aliquo
1170 1051 1325 1132 temporali

190 1147 285 1202 sermo
306 1138 387 1202 esset,
405 1126 563 1208 improprie
585 1125 619 1185 ad
635 1145 666 1186 se
681 1123 965 1202 nahueocmistus.
995 1123 1052 1184 Sed
1071 1127 1226 1186 notandum
1247 1149 1324 1190 sem.

189 1213 243 1283 p'ep
269 1213 323 1278 est‘,
355 1203 436 1286 quale
461 1201 492 1260 in
513 1201 637 1263 Davidis⁵
650 1218 770 1282 persona
792 1219 913 1284 regnum
937 1199 1015 1260 Deus
1043 1201 1176 1261 erexerit:
1194 1243 1196 1250 -
1216 1209 1326 1284 nempe
1368 1239 1375 1257 .

194 1288 197 1296 '
230 1281 268 1340 od
292 1280 323 1338 ln
346 1293 415 1340 vero
441 1279 543 1339 Messia
560 1297 648 1358 usque
668 1277 703 1336 ad
720 1277 805 1338 finem
823 1275 922 1336 mundi
939 1275 1081 1336 stabiliret.
1120 1277 1211 1337 -Nam
1236 1293 1325 1340 uetus

191 1355 240 1416 ‘la
254 1354 353 1416 rmctio
371 1353 524 1415 umbratilis
548 1353 610 1414 fnit.
668 1354 754 1414 Unde
778 1349 928 1436 colligitur¹
996 1353 1032 1412 od
1049 1353 1079 1411 in
1096 1352 1205 1414 Dauidc
1224 1365 1325 1415 actum

186 1429 446 1569 {illflgradu‘fium
465 1441 493 1490 et
511 1430 631 1514 figuram
644 1428 758 1490 Christi
777 1427 873 1498 luisse,
909 1373 1066 1490 lieddamus
1084 1449 1159 1490 nunc
1179 1427 1215 1488 ad
1231 1429 1325 1500 uerba

187 1533 189 1540 ’
216 1529 244 1568 sa
294 1551 301 1565 .

276 1571 280 1582 ‚
355 1505 524 1566 Incredibile
549 1506 689 1566 ducebant
707 1505 815 1566 scribae
835 1517 864 1566 et
882 1505 1056 1581 sacerdotes,
1080 1503 1222 1566 Christum
1240 1503 1325 1566 reiicl

190 1582 226 1652 ab
250 1571 392 1664 Ecclpsiae
439 1579 579 1643 raelectis:
605 1580 710 1668 probat
731 1592 825 1655 autem
848 1600 884 1640 ex
902 1580 1028 1657 Psalmo,
1053 1580 1170 1642 mirifica
1187 1580 1247 1653 Dei
1261 1581 1327 1642 vin-

187 1669 270 1738 tute,
297 1657 392 1718 invitis
414 1600 588 1732 dominibus,
617 1657 647 1720 in
671 1667 727 1716 suo·
748 1655 820 1730 solio
846 1655 996 1716 locandum
1016 1678 1093 1733 esse,
1120 1667 1203 1736 utque
1221 1657 1250 1716 id
1267 1657 1327 1717 iam

190 1734 258 1813 olim
278 1732 364 1812 fuisse
382 1733 413 1792 in
432 1733 540 1793 Davidc
558 1731 761 1806 adumbratum,
780 1751 864 1814 quem
882 1732 1055 1794 reiectum¹a
1070 1733 1235 1812 proceribus
1246 1717 1325 1799 licus

190 1809 328 1888 suscepit,
351 1819 384 1868 nt
406 1831 419 1868 s
441 1807 549 1867 crimen
567 1829 600 1868 ac
622 1809 824 1880 documentum
843 1807 954 1882 ederet,
979 1807 1044 1886 quid
1064 1809 1179 1869 tandem
1198 1809 1324 1870 iacimus

189 1895 265 1945 esset
285 1884 316 1942 in
331 1899 392 1945 'suo
419 1829 555 1944 ilhristo.¹
587 1881 731 1974 Propheta
749 1894 843 1944 autem
861 1881 1053 1962 metaphoram
1071 1885 1156 1944 sumit
1174 1885 1210 1945 ab
1229 1885 1326 1950 aedilis

150 1983 154 1989 ’
189 1959 350 2034 ciiszmam
375 1960 438 2040 quia
461 1957 585 2033 Ecclesia
608 1960 664 2020 Der
682 1957 832 2018 sacrarium
853 1970 907 2033 cst,
931 1957 1033 2020 merito
1054 1959 1197 2035 Christus,
1217 1961 1247 2022 in
1265 1981 1323 2041 quo
1394 2011 1395 2036 ,

188 2035 306 2117 fundata
322 2047 377 2111 est,
396 2027 515 2098 ubcatur
533 2033 602 2116 lapis
621 2033 769 2119 angurlaris,
787 2033 844 2094 hoc
863 2045 913 2110 est,
933 2033 985 2128 qui
1000 2035 1119 2096 sustinet
1137 2047 1229 2098 totam
1247 2037 1324 2098 aedi-
1394 2045 1395 2076 ³

188 2111 246 2172 licii
268 2111 382 2192 molem,
427 2113 495 2176 Non
514 2111 593 2176 omni
612 2132 645 2172 ex
656 2123 742 2192 ¹pente
760 2111 909 2192 quadriret
926 2109 1092 2188 similitudo,
1114 2111 1140 2172 si
1158 2114 1221 2194 quis
1238 2113 1324 2174 vellet
1394 2127 1395 2146 ¹

191 2187 302 2294 sinaris
324 2210 396 2272 quae
414 2189 444 2250 in
462 2187 608 2250 Christum
626 2199 791 2279 competunt
812 2197 958 2264 excutere,
981 2188 1031 2248 sed
1051 2187 1160 2268 optime
1178 2190 1323 2265 convenit,
1358 2218 1365 2225 1
1394 2175 1395 2210 l

179 2265 255 2403 spuit
275 2267 312 2332 in‘
333 2285 397 2328 eum
421 2265 562 2327 recumbit
585 2263 726 2326 Eccleerte
746 2263 817 2326 salus
858 2276 887 2324 et
903 2264 965 2346 ipse
985 2265 1044 2324 eius
1063 2275 1167 2326 statum
1184 2266 1325 2334 continet.
1394 2305 1395 2340 ;

208 2355 291 2424 taque
313 2343 359 2404 alii
380 2344 484 2415 deinde
507 2341 666 2422 Prophetae
690 2342 806 2416 eandem
835 2340 958 2420 oquendi
975 2337 1096 2402 sormam
1120 2343 1228 2422 sequuti
1246 2354 1324 2417 sunt,
1394 2381 1395 2402 r

211 2422 357 2500 raesertim
375 2421 477 2482 Iesaias
497 2432 526 2480 et
544 2417 654 2498 Daniel,
692 2419 750 2480 Sed
769 2415 869 2480 lesaias
888 2416 955 2493 (28,
975 2417 1040 2500 16,)
1059 2419 1177 2498 propius
1195 2415 1324 2478 adhunc

189 2439 286 2576 loetnn
304 2497 413 2576 alludit,
443 2497 491 2578 qui
510 2497 603 2556 Deum
623 2495 663 2557 sic
681 2493 845 2575 ldqueotem
861 2493 984 2568 inducit,
1008 2495 1085 2555 Ecce
1103 2515 1182 2576 pono
1197 2493 1232 2552 in
1251 2492 1326 2555 Sion
1394 2487 1395 2506 ¹

189 2569 516 2650 lapidemsllmdamenti,
540 2571 659 2652 lapidem
678 2572 834 2651 pretiosum
853 2583 882 2630 et
901 2569 1038 2648 electum,
1067 2571 1101 2633 ad
1118 2591 1204 2651 quem
1221 2569 1325 2650 impin·
1394 2593 1395 2642 t

189 2647 382 2779 perurantur
405 2649 504 2712 domus
528 2647 622 2727 lsrael
661 2646 696 2704 In
720 2648 806 2708 Novo
830 2659 924 2707 autem
944 2649 1127 2710 Testamento
1141 2637 1253 2728 ,plussin
1276 2645 1324 2705 hic
1394 2669 1395 2708 l

201 2721 265 2778 dem
288 2719 422 2802 loquendi
444 2723 543 2782 modus
567 2723 708 2782 occurrit.¹
741 2723 858 2782 Summa
877 2743 947 2804 ergo
968 2735 1023 2797 est,
1042 2744 1164 2806 regnum
1183 2723 1240 2788 Del
1258 2721 1326 2782 iun·
1394 2709 1395 2762 l

189 2795 311 2876 dandum
336 2803 398 2856 etse
419 2796 449 2858 in
472 2797 588 2878 lapide,¹
609 2817 700 2878 quenu
718 2797 865 2872 architecti
888 2798 942 2878 ipsi
965 2809 1097 2878 tanquam
1120 2819 1153 2870 re
1189 2798 1276 2858 obum
1296 2809 1326 2860 et
1394 2815 1395 2826 ¹

190 2869 269 2932 nihili
292 2870 437 2944 abiiciunt:
473 2870 505 2932 'ac
528 2877 625 2940 sensus
649 2882 705 2944 est,
720 2870 877 2945 Messian,
908 2871 1067 2951 quisalutis
1090 2872 1232 2932 llccesiae
1256 2873 1325 2932 fun-

190 2947 356 3010 damentum
378 2959 433 3022 est,
471 2947 531 3026 non
559 2945 757 3022 communibus,
784 2946 931 3006 hominum
959 2941 1100 3028 suffragiis
1130 2945 1250 3006 electum
1278 2947 1327 3023 iri,

190 3021 358 3107 eedf'tptmm
386 3025 466 3084 Deos
488 3041 604 3102 arcana·
617 3034 645 3082 et
674 3015 813 3102 insperata
838 3023 953 3083 virtute
971 3021 1134 3082 mirabiliter
1158 3039 1222 3078 eum
1248 3041 1326 3082 eve·
1394 3027 1395 3080 Τ

189 3101 249 3177 het,
260 3101 425 3166 *contrarios
444 3099 483 3159 illi
500 3099 574 3159 fore·
585 3109 614 3176 et
632 3095 759 3159 infensos
777 3099 927 3180 principes,
942 3094 1047 3180 ,quibus
1065 3095 1193 3158 mandata
1212 3105 1256 3156 est
1274 3103 1326 3158 ae-

190 3175 275 3240 dificit
301 3177 376 3240 cura.
420 3175 574 3254 Caeterum
597 3176 654 3235 duo
680 3173 727 3235 hic
750 3175 833 3236 nobis
850 3175 1007 3255 spectanda·
1024 3183 1098 3235 sumt.
1136 3172 1216 3235 Deus
1235 3173 1324 3252 euim,

189 3265 231 3330 ne
246 3256 415 3332 perturbent
432 3274 485 3315 noa
502 3250 580 3332 impii
598 3251 746 3312 bominum
765 3261 890 3324 conatus,
910 3249 1010 3329 quiad
1021 3246 1227 3327 impediandmn
1237 3249 1324 3320 chri,

191 3327 230 3386 sti
246 3319 367 3410 regnum
387 3327 571 3413 consurgunt,
590 3347 644 3387 nos
662 3338 730 3388 ante
747 3337 859 3404 tempus
878 3323 1026 3386 admonuit
1042 3325 1079 3384 ita
1099 3322 1171 3396 fore,
1199 3325 1321 3402 Deinde,

189 3402 498 3536 :ppiequid'molianmr
520 3403 663 3484 homines,
694 3401 775 3462 simul
798 3408 915 3477 tutatus
938 3411 982 3461 est
1005 3399 1037 3464 in
1055 3399 1193 3482 erigendo
1212 3401 1322 3464 Christi

222 3493 283 3560 gnte
305 3478 453 3540 victricem
477 3481 539 3542 iore
565 3487 643 3538 suam
666 3477 830 3558 potentiam.
870 3479 1030 3556 Utrumque
1048 3475 1147 3548 sedulo
1163 3477 1248 3541 nobis
1266 3479 1322 3540 nb*

189 3553 356 3632 amandum
382 3552 441 3618 eat.¹
490 3554 616 3636 Prodigii
639 3551 727 3616 simile
752 3563 807 3626 est,
832 3552 910 3614 reiici
926 3551 1024 3628 'salutis
1041 3557 1187 3632 auctorem
1206 3575 1268 3614 non
1285 3555 1319 3614 ab

190 3631 337 3706 extraneis,
356 3631 404 3692 scd
424 3652 439 3692 a
458 3625 634 3692 domesticise
649 3649 742 3708 nequa
762 3627 887 3688 estnlta'
916 3628 988 3704 lebu,
1008 3630 1057 3690 sad
1076 3630 1110 3690 ab
1124 3631 1197 3710 ipsis
1215 3631 1320 3712 princi*

190 3697 353 3788 pibus,'·qul
371 3700 560 3790 gubernacula
574 3705 722 3786 Ecclesiae
740 3704 848 3765 tenent
892 3651 1002 3784 lienem
1020 3718 1080 3768 tam
1098 3705 1248 3766 absurdum
1267 3707 1320 3767 ho-

189 3783 303 3860 minum·
319 3783 449 3850 furorem
473 3783 622 3844 munienda
643 3791 686 3844 est
704 3779 784 3856 hdes,
808 3803 845 3842 ne
863 3781 984 3844 labascat
1001 3782 1043 3855 rei
1054 3782 1198 3842 nouitate.
1237 3785 1319 3844 Nunc
1394 3793 1395 3796 ’

189 3871 321 3936 tenemus·
337 3875 419 3942 qtaam
437 3861 511 3922 utilis
531 3855 745 3940 sit'praedictio,
765 3879 836 3938 quae
854 3859 912 3939 pias
930 3869 1039 3923 mentes
1058 3870 1200 3924 aterrore
1214 3859 1319 3935 emunit,
1394 3909 1395 3938 ,

190 3935 274 4018 quem
295 3937 407 4018 alioqui
430 3957 464 4004 er
487 3936 561 4006 tristi
585 3933 745 4015 spectaculo
773 3935 971 4017 conciperent·
1024 3935 1102 3998 Nihil
1131 3935 1207 3996 enirn
1229 3935 1319 3994 ninus
1394 3959 1395 3974 ο

190 4008 410 4092 «tormentuosum
434 4009 516 4096 quam
541 4012 664 4072 membra
687 4011 718 4070 in
739 4023 836 4092 opput,
859 4011 977 4090 coloripe
997 4011 1027 4070 in
1046 4011 1206 4085 domicum,
1226 4010 1319 4070 oonsi-

189 4079 282 4167 liatios
301 4091 332 4150 in
350 4105 452 4178 regem
471 4087 550 4150 s'uurn
569 4085 726 4170 insurgere,
747 4099 776 4148 et
794 4087 961 4156 ardritectos
980 4087 1194 4149 fundamentum
1203 4087 1319 4146 relicere

190 4166 225 4241 ub
245 4166 390 4227 aedilicius·
416 4169 480 4244 illus
500 4165 584 4228 etiam
601 4163 735 4248 spergiae
751 4163 848 4224 subest
864 4163 946 4232 ,alteri
963 4163 1104 4248 membro,
1118 4157 1173 4237 .ᾦί
1191 4180 1318 4243 ροοοοοτ
1394 4159 1395 4178 ’

101 4276 103 4280 -
188 4240 346 4308 cinelinus
368 4244 484 4324 impios,
502 4229 654 4324 'Christum
678 4239 857 4320 reprobando
877 4237 946 4300 nihil
982 4239 1161 4312 roiecturos,
1185 4239 1254 4317 quein
1272 4258 1319 4303 sue

187 4313 229 4371 illi
252 4311 361 4400 integra
385 4332 496 4381 maneat
517 4317 650 4400 dignitas:
671 4337 785 4397 nempe
804 4329 836 4378 ut
854 4316 948 4384 fideles
963 4262 1018 4376 bac
1037 4313 1224 4395 promissione
1244 4311 1319 4388 freti,

188 4404 347 4486 musam
375 4395 522 4474 bominum
545 4392 754 4493 superbiarum
778 4392 898 4476 Cbrlutp
919 4391 1109 4476 spernendp,
1122 4410 1221 4467 secure
1243 4389 1319 4488 quusi
