2796 4774
121 284 125 290 '
195 279 237 346 85
425 277 537 342 SECT.
556 263 637 338 XIV.
676 291 848 340 matrona
865 292 906 339 cr
924 279 1101 340 seruosne.

196 439 292 492 totum
308 426 487 492 absorbeant.
524 428 690 490 Notandum
708 427 793 490 etiam
812 438 856 489 est
913 429 951 490 od
968 430 1086 504 Petrus,
1109 427 1232 490 mtlettt
1249 426 1323 490 inle-

194 506 291 568 licitcr
314 528 392 568 suam
414 503 603 565 temeritatem
628 505 681 564 sibi
706 505 822 564 c'essisse
845 503 874 566 vi
894 525 958 579 ens,
983 507 1019 566 ad
1039 506 1148 567 Christi
1165 504 1325 566 misericor-

198 583 272 644 diam
299 603 330 643 se
355 580 476 642 confert.
526 581 625 655 Quare
650 601 704 640 nos
727 595 854 659 quoque,
883 577 951 640 licet
975 582 1079 642 mento
1098 581 1267 664 plectamur,
1292 582 1326 640 ad

195 659 209 720 i
243 679 292 719 um
314 669 409 717 umen
429 655 588 740 confugere
607 676 660 718 uos
679 657 775 731 decet,
798 666 831 716 ut
849 655 941 716 nostri
958 657 1091 720 misertus
1110 679 1196 742 opem
1214 679 1268 738 qua
1281 657 1327 718 in-

219 735 278 819 igni
296 755 390 804 sumus
409 733 518 792 alterat.
625 765 628 774 .
743 765 746 776 ·
795 771 797 778 =
941 751 951 776 1
1264 767 1267 777 =

273 811 321 872 31.
359 811 500 890 Exiguae
510 808 588 888 fider·
605 807 698 868 domo.
742 806 791 868 Sic
809 807 927 869 Petrum
941 805 1109 872 'clementer
1127 821 1221 874 servat
1242 807 1328 873 Cbri-

134 955 136 966 ·
194 896 267 959 stus,
286 896 319 946 ut
336 895 432 946 omen
452 884 511 945 eius
530 885 630 946 vitium
648 881 824 978 indulgentia
839 903 902 944 non
921 882 1026 946 foveat.
1065 887 1132 948 Huc
1141 889 1265 964 pertinet
1276 887 1330 948 ista

200 962 356 1045 castigatio,
375 981 430 1042 qna
448 961 513 1021 fidei
532 962 592 1022 eius
612 960 785 1021 imbecillitas
804 961 958 1020 damnatur.
994 961 1150 1038 Quaeritur
1168 976 1272 1037 umen,
1292 977 1331 1022 an

102 1077 109 1098 .
197 1039 264 1100 bdei
282 1038 425 1100 desectum
442 1045 541 1132 arguat
559 1035 676 1117 quilibet
693 1036 793 1098 timor:
813 1037 842 1099 id
861 1037 937 1098 enim
953 1033 1086 1100 videntur
1104 1037 1224 1099 innuere
1244 1039 1331 1106 Chri·
1383 1041 1384 1046 ’

198 1118 237 1178 sti
255 1115 351 1190 verba,
369 1113 539 1176 dubitationi
557 1133 617 1174 nou
636 1133 697 1176 esse
715 1113 823 1187 locum,
843 1113 892 1173 ubi
910 1113 977 1174 fides
996 1126 1105 1196 regnat.
1140 1117 1331 1206 asponam,

198 1191 405 1254 dubitationem
427 1190 473 1252 bic
496 1213 512 1251 a
538 1189 654 1252 Christo
676 1189 859 1280 reprebepdr,
885 1211 956 1281 qnae
975 1190 1082 1282 directe
1100 1189 1166 1250 bdei
1186 1203 1332 1251 contraria
1383 1203 1384 1212 ¹

84 1281 99 1290 ”
196 1282 271 1331 crat.
309 1267 520 1357 Fierinpoterit,
541 1279 574 1326 ut
593 1266 704 1328 dubitet
722 1266 857 1347 quisptam
875 1287 936 1328 sane
956 1267 1032 1342 vnio,
1055 1265 1110 1327 nbi
1126 1265 1235 1326 scilicet
1253 1287 1334 1326 non·
1356 1291 1371 1312 ι

198 1348 267 1408 dum
289 1355 415 1404 occurret
439 1343 558 1404 verbum
582 1342 715 1418 Domini,
744 1361 801 1422 quo
822 1343 928 1408 certior
947 1339 1088 1415 reddatur.
1127 1341 1185 1404 Sed
1203 1341 1255 1402 alia
1274 1343 1333 1404 orie
1383 1357 1384 1398 ξ

198 1421 278 1484 Petri
295 1419 379 1493 ratio,
399 1418 448 1553 qpi
465 1419 620 1509 instructus
637 1419 769 1508 mandato
789 1418 905 1494 Christi,
926 1429 955 1479 et
974 1420 1027 1479 iana
1048 1418 1107 1480 eius
1125 1419 1258 1508 virtutem
1279 1440 1334 1478 ex·
1383 1419 1384 1494 j

198 1509 310 1636 pertus,
342 1495 377 1555 ab
406 1493 453 1556 ala
481 1495 585 1576 duplica
608 1493 740 1558 firmante
765 1495 806 1556 ad
825 1516 930 1556 vanum
953 1516 1174 1578 perversumque
1195 1507 1334 1556 tumorem
1383 1533 1384 1536 =

117 1605 120 1613 ·
154 1567 156 1572 ¹
219 1573 345 1636 elabitur.

173 1653 182 1674 ‘
273 1651 322 1712 33.
363 1647 424 1725 Oui
441 1657 528 1708 mont
547 1649 579 1704 in
597 1648 684 1706 navi:
712 1646 784 1715 ,Non
802 1657 912 1706 tantum
931 1647 967 1708 de
986 1646 1128 1730 discipulis
1146 1646 1331 1708 bendictum
1383 1701 1384 1708 ,

173 1760 176 1768 ·
199 1746 261 1789 osse
280 1723 414 1797 arbitror,
434 1725 484 1784 sed
502 1725 538 1784 de
557 1723 663 1797 nautis,
682 1721 796 1802 aliisque
815 1723 988 1795 vectoribus.
1010 1723 1091 1800 ‘Qui
1110 1744 1181 1805 ergo
1201 1724 1330 1784 nondum
1383 1761 1384 1764 =

197 1823 231 1864 se
255 1801 332 1860 illum
355 1798 536 1881 baberevpro
559 1794 699 1878 magistro'
714 1797 837 1878 professi
856 1810 950 1872 erant,
982 1813 1103 1879 repente
1123 1799 1248 1860 fatentur
1267 1820 1331 1860 esse
1383 1819 1384 1868 ι

199 1877 257 1938 Dei
274 1873 390 1936 Filium:
412 1895 467 1954 qua
485 1881 558 1938 uoc'e
578 1873 718 1932 honorem
728 1874 847 1934 Messias
867 1873 906 1932 illi
924 1873 1061 1934 tribuunt
1086 1877 1146 1936 Etsi
1157 1877 1233 1936 enim
1241 1875 1330 1955 volgo
1383 1901 1384 1940 3

198 1963 268 2013 bunc
291 1949 409 2011 sublime
420 1950 501 2010 vistud
519 1949 683 2030 mysterium
703 1948 851 2039 cognitum
869 1969 930 2009 non
950 1957 1024 2023 erat,
1046 1951 1189 2030 quomodo
1208 1953 1330 2012 manile²
1383 1951 1384 2010 l

128 2075 129 2079 ,
198 2029 311 2092 nundus
330 2027 491 2088 essetDcus
508 2023 539 2084 in
556 2045 649 2099 carne,
665 2045 734 2106 qun
751 2036 847 2084 tamm
864 2045 901 2085 ex
914 2023 1061 2114 prophetis
1074 2027 1238 2101 didicerant,
1254 2049 1330 2100 euna,
1382 2029 1384 2054 ²

198 2105 248 2186 qui
266 2103 470 2168 intumescet
488 2101 673 2181 Redemptor,
693 2101 852 2167 vocandum
872 2121 933 2162 esse
948 2099 1051 2161 omum
1069 2103 1134 2176 Dei,
1155 2103 1203 2182 qui
1223 2102 1330 2166 Christi
1383 2155 1384 2174 .

111 2257 114 2266 ,
197 2180 319 2266 gloriam
337 2163 483 2241 celebrarit
500 2177 557 2242 boc
575 2176 669 2255 otuto,
686 2197 719 2240 se
739 2177 886 2242 Cbristsm
904 2177 1022 2264 qredere
1044 2199 1110 2240 eum
1128 2176 1279 2241 declarant
1328 2183 1330 2191 ’
1383 2219 1384 2232 .

279 2419 384 2504 (133.)
424 2381 595 2487 Mauro.
616 2415 705 2484 XIV.
747 2416 800 2482 ot.
821 2415 872 2483 Et
886 2435 984 2505 quum
1001 2373 1210 2497 traiecissem,
1230 2436 1332 2484 vene·
1383 2391 1384 2396 Ἰ

197 2533 274 2592 runt
299 2513 335 2590 in
360 2534 477 2589 terram
499 2519 706 2588 Genesaretb.
749 2517 801 2586 35.
830 2520 872 2585 Et
893 2521 1217 2607 quumagnovisseut
1237 2519 1330 2586 illum

147 2701 150 2710 .
197 2629 260 2692 viri
287 2625 355 2709 loci
379 2625 483 2703 illius,
518 2627 692 2690 emiserunt
718 2625 850 2688 nuntios
877 2623 911 2690 io
937 2615 1036 2688 totam
1062 2620 1206 2708 undiquc
1227 2621 1329 2688 finiti·
1383 2645 1384 2722 q

196 2747 291 2813 auaro¹
307 2725 472 2810 regionem
502 2723 604 2808 illam,
634 2737 666 2792 et
685 2723 881 2792 obtulerunt
901 2723 953 2790 illi
971 2745 1082 2790 omnes
1103 2724 1185 2810 male
1206 2716 1330 2790 baben-

196 2840 255 2896 tes.
295 2827 372 2894 „oo
407 2825 458 2890 *Et
490 2823 703 2894 obsecrabunt
728 2847 815 2906 curn,
849 2835 885 2892 ut
915 2836 1230 2914 tantumtangerent
1254 2825 1328 2892 fim'-
1383 2859 1384 2868 κ

189 2924 301 3000 briam
326 2927 649 3017 vestimentiipsius:
690 2937 721 2994 et
748 2939 909 3016 quotquot
932 2933 1116 3018 tetigerunt,
1130 2929 1225 3010 ¹salvi
1251 2925 1329 2997 lacti

197 3045 282 3103 sunt.
734 3051 737 3058 '
982 3067 984 3070 ·

117 3264 121 3270 ,
243 3196 419 3274 '‘MARC,
441 3201 499 3268 vt.
540 3198 593 3266 53.
615 3201 658 3268 Et
679 3221 777 3290 quum
797 3203 1011 3286 baiocissent,
1031 3211 1189 3270 venerunt
1209 3203 1243 3270 iu
1261 3213 1336 3286 ter·v
1383 3209 1384 3216 ’

196 3329 265 3376 ram
288 3305 563 3386 Genesaretb„et
584 3302 805 3392 applicueruut
824 3307 858 3371 ib
880 3317 1018 3394 portum.
1062 3301 1115 3372 54.
1151 3308 1327 3396 Quumque
1383 3307 1384 3310 ’

198 3413 319 3514 eqressi
347 3417 454 3476 essent
481 3407 524 3474 dc
549 3409 638 3486 navi,
669 3410 826 3474 continuo
854 3419 1053 3494 agnoverunt
1074 3431 1153 3478 eum.
1188 3410 1249 3476 55.
1280 3412 1327 3476 At

195 3522 421 3600 percurrentes
452 3513 551 3578 totoni
577 3509 722 3604 undique
753 3513 915 3598 regionem
947 3511 1046 3590 illam,
1085 3521 1261 3599 coeperunt
1288 3515 1324 3578 iu
1383 3531 1384 3540 ¹

169 3623 172 3632 “
196 3611 359 3700 grabbatis
382 3634 456 3693 eos,
478 3616 534 3700 qui
554 3611 637 3680 male
650 3611 834 3693 'habebant
856 3615 1074 3704 circumferre,
1097 3637 1194 3701 quum
1216 3613 1325 3683 audis·

197 3726 268 3784 sent
289 3736 361 3780 eum
383 3713 450 3779 illio
468 3721 552 3789 'ease
600 3717 652 3782 56.
686 3715 730 3782 Et
750 3739 945 3804 quocunque
966 3719 1151 3782 introissent
1167 3720 1205 3784 in
1224 3719 1324 3797 vicos,

197 3830 252 3887 aut
279 3821 313 3884 in
335 3819 493 3899 civitates,
507 3827 577 3886 *aut
597 3822 633 3886 in
654 3819 760 3900 villas,
791 3821 955 3908 ponebant
976 3823 1010 3885 in
1031 3819 1145 3906 plateis
1167 3818 1321 3898 infirmos,
1344 3843 1346 3852 ’

196 3933 228 3988 et
255 3917 513 4016 'deprecabantur
536 3945 624 4002 eum,
651 3933 686 3988 ut
707 3921 763 3990 vel
784 3921 943 3990 fimbriam
964 3919 1144 3989 vestimenti
1165 3924 1234 3988 eius
1255 3933 1322 3989 tan·

195 4019 322 4111 gerent:
343 4031 376 4124 et
396 4033 557 4112 quotquot
573 4023 749 4114 tangebant
770 4021 956 4108 cum„salvi
975 4024 1107 4094 fiebant.
1133 4077 1135 4082 ,
1259 4065 1262 4084 ·

270 4227 372 4304 Matth.
392 4231 440 4294 34.
468 4229 635 4298 'Venerunt
659 4231 827 4291 interram
852 4207 1042 4291 Gebesoritb.
1087 4229 1226 4294 Tractntn
1243 4191 1321 4288 illim
1383 4301 1384 4308 ἵ

196 4295 344 4384 designant
362 4297 569 4390 avangelista,
594 4305 641 4388 qui
661 4327 677 4366 a
695 4305 758 4380 lacu
777 4327 884 4366 nomen
905 4317 1073 4388 sumpserat,
1099 4323 1257 4386 quanquam·
1276 4307 1321 4365 in-

196 4386 307 4493 certpm
325 4394 377 4462 est,
393 4385 482 4448 mad
499 4380 592 4450 lacum
611 4383 707 4466 potius
725 4381 890 4471 translatum
909 4385 995 4446 fuerit
1013 4394 1107 4445 terrae
1127 4401 1246 4443 nomen:
1270 4382 1320 4445 sed
1383 4473 1384 4476 Ἴ
