2830 4772
523 251 649 298 cunnrr
668 206 864 298 nannenus,¹
980 245 982 250 ·
1146 235 1255 300 ,2ω
1395 297 1397 309 ,

126 391 202 460 Filii
221 390 370 459 homnis.
409 389 465 457 28.
490 387 683 478 Ubicunque
703 385 899 457 miminerit
917 381 1069 468 cadavbr,
1088 383 1156 454 illic
1167 378 1255 454 'con-

1 490 2 551 l
126 494 343 585 gregabuntnr
364 501 396 560 ct
416 491 550 582 aquila,
616 565 619 580 ,
685 507 704 546 ²
1276 513 1280 518 ·

142 691 144 696 ’
212 687 351 758 Mane.
372 687 456 756 Xlll.
498 687 550 754 11.
577 688 682 755 Porro
702 705 802 774 quum
822 683 967 752 videritis
983 685 1256 754 abominationem
1377 673 1379 685 ¹

127 791 352 872 desolationis,
373 811 456 879 quse
477 789 561 858 dicta
583 799 630 854 est
651 779 828 854 a'Daniele
847 787 1019 876 Propheta,
1040 785 1172 856 stantem
1195 787 1254 856 ubi

92 899 94 905 ’
124 917 196 964 non
217 903 344 982 oportet
361 896 436 980 (qui
456 892 532 982 legit
552 886 735 976 intelligat):
762 901 839 960 tuuc
859 893 915 978 qui
936 889 1051 956 luerint
1071 891 1253 975 inludaes,

126 998 251 1085 tugiunt
271 992 311 1061 ad
332 1008 470 1064 montes:
513 995 565 1069 15.
588 993 655 1079 Qui
675 1013 753 1059 vero
775 993 869 1058 luerit
890 994 924 1056 in
944 1002 1037 1070 tecto,
1057 1013 1099 1058 ne
1121 993 1253 1064 descen·-

125 1097 236 1164 datin
259 1095 403 1180 domum,
429 1119 491 1164 nec
511 1094 720 1184 ingrediatur,
747 1105 782 1162 ut
804 1097 974 1184 quicquam
995 1093 1085 1189 tollat
1111 1117 1137 1160 e·
1155 1093 1252 1165 dorne

125 1223 193 1269 sus.
259 1198 312 1266 16.
354 1203 399 1269 Et
418 1202 474 1288 qui
495 1200 645 1268 fueritin
666 1217 759 1283 agro,
781 1219 824 1264 no
844 1205 1021 1266 revertatur
1041 1195 1083 1264 ad
1104 1218 1151 1277 ca,
1171 1220 1254 1286 quae

123 1303 256 1394 reliquit
283 1325 301 1368 a
328 1311 433 1388 tergo,
459 1301 501 1368 ad
521 1299 700 1367 tollendum
720 1298 851 1386 pallium
873 1321 975 1366 suurn.
1032 1299 1083 1363 17.
1105 1299 1178 1365 Vae
1199 1320 1253 1366 aua
1357 1353 1358 1358 ,

124 1416 188 1488 tem
210 1403 460 1492 praegnantibus
482 1411 513 1469 et
533 1400 723 1469 lactantibus
743 1405 776 1468 in
798 1396 862 1467 illis
885 1399 1009 1470 diebus.
1069 1399 1120 1466 18.
1153 1401 1254 1474 Orate
1319 1407 1323 1412 “

124 1527 226 1595 vero,
252 1529 294 1575 ne
314 1505 371 1570 liat
385 1505 465 1594 ,iuga
487 1516 594 1572 vestra
613 1490 737 1592 hyeme.
766 1577 770 1582 ,
800 1506 852 1572 19.
883 1503 988 1570 Erunt
1009 1504 1092 1570 eninr
1114 1501 1184 1570 dies
1205 1503 1254 1572 illi

126 1609 267 1693 alilictio,
288 1605 391 1695 qualis
412 1627 480 1672 non
500 1609 559 1674 tuit
579 1629 598 1672 a
618 1603 795 1694 primordio
817 1624 923 1672 rerum
946 1604 1151 1684 conditarum,
1174 1629 1263 1694 quas

126 1709 273 1776 condidit
293 1713 393 1790 Deus,
411 1701 513 1799 usque
534 1709 575 1776 ad
596 1711 659 1776 hoc
679 1719 812 1797 tempus,
832 1707 1018 1786 neciutura
1040 1719 1097 1776 est.
1138 1709 1190 1775 20.
1211 1707 1254 1777 Et

126 1814 192 1879 nisi
211 1811 370 1880 Dominus
397 1810 615 1880 abbreviasset
641 1811 723 1891 dies,
755 1833 824 1878 non
854 1811 967 1876 luisset
996 1809 1084 1876 salva
1105 1815 1254 1878 universa

128 1935 220 1996 caro,
245 1915 304 1982 sed
323 1926 457 2006 propter
484 1916 604 1982 electos
631 1937 714 2004 quos
736 1913 838 2000 elegit,
860 1913 1058 1978 abbreviavit
1080 1913 1156 1980 dies.
1199 1916 1253 1981 21.

126 2021 177 2083 Ac
196 2027 275 2082 tunc
295 2021 322 2084 si
345 2023 416 2108 quis
431 2003 532 2084 'vobis
555 2004 692 2114 dixerit,
704 2017 788 2083 Ecce
810 2017 862 2082 hic
882 2006 1048 2095 Christus',
1077 2037 1151 2114 ¹ecce
1171 2015 1252 2086 illie‘:

127 2141 171 2187 ne
190 2119 333 2186 credatis.
397 2121 449 2186 22.
483 2123 622 2206 Surgunt
643 2122 727 2186 eninr
749 2118 982 2207 pseudochristi
1004 2129 1035 2186 et
1055 2119 1253 2209 pseudopro·

126 2222 251 2310 phetae,
272 2231 304 2288 et
323 2221 418 2290 edent
435 2225 525 2310 signa
545 2233 578 2288 ,et
598 2221 745 2310 prodigia
767 2219 808 2288 ad
829 2219 1001 2291 fallendum
1024 2223 1066 2302 (sl
1086 2221 1157 2287 lieri
1178 2245 1255 2312 pos-

126 2327 181 2406 sit)
203 2327 297 2390 etiarn
319 2325 447 2394 electos.
501 2325 554 2390 23.
575 2326 647 2392 Vos
668 2313 772 2390 autem
794 2312 1014 2391 cavetcr'ecce
1034 2323 1177 2413 praedixi
1196 2315 1255 2407 bof
1347 2336 1349 2358 ³

127 2425 183 2494 bis
204 2429 320 2496 omnia.
421 2491 426 2508 J
505 2448 509 2452 ·

212 2551 315 2667 LUC.
335 2567 415 2663 XXI.
478 2597 531 2662 20.
576 2595 685 2684 Quum
709 2552 976 2664 selemsitanus
999 2597 1187 2666 circumdari
1209 2597 1252 2666 ab

1 2731 2 2742 ¹
127 2697 318 2766 exercitibus
339 2697 607 2786 Hierosolymam,
626 2710 705 2782 ,tunc
726 2701 847 2781 scitote,
867 2701 956 2788 quod
977 2703 1137 2768 immineat
1158 2701 1256 2793 deso'·v
1369 2707 1370 2716 ’

126 2802 209 2870 latio
234 2805 313 2893 eius.
377 2803 430 2868 21.
464 2804 559 2869 Tunc
577 2805 637 2890 qui
656 2803 691 2868 in
712 2801 831 2868 Iudaea
851 2813 934 2883 sunt,
950 2803 1077 2892 ‘fugiant
1094 2803 1140 2870 'ad
1161 2828 1252 2872 mon·

80 2959 85 2965 .
127 2919 191 2973 tes:
228 2897 341 2992 etqui
369 2907 403 2972 in
423 2903 531 2971 medio
554 2907 638 2983 eins,
667 2890 906 2972 discedanta'ct
925 2909 982 2994 qui
1004 2911 1038 2974 in
1057 2907 1252 2993 regionibus,

120 3019 197 3080 'non
218 3011 334 3075 intrent
355 3009 389 3073 in
412 3001 488 3074 earn.
531 3007 584 3072 22.
617 3007 701 3092 Quia
724 3007 791 3074 dies
813 2994 943 3075 ultionis
964 3009 998 3074 bi
1020 3019 1108 3090 sunt,
1140 3009 1175 3074 ut
1194 3011 1253 3074 im-

127 3114 276 3201 pleantur
297 3114 402 3178 omnia
425 3099 506 3197 quae
527 3111 643 3197 scripta
666 3120 748 3180 sunt.
790 3111 843 3176 23.
864 3114 934 3176 Vae
956 3121 1058 3199 autent
1078 3131 1253 3198 praegnan-

129 3215 225 3295 tibus,
247 3223 278 3281 et
299 3232 431 3288 mamma
452 3211 666 3279 nutrientibus
687 3216 720 3278 in
741 3211 805 3300 illis
828 3213 958 3278 diebust
979 3195 1150 3304 ¹erit'en'im
1172 3183 1253 3282 adli-

129 3321 193 3384 ctio
215 3340 328 3404 magna
350 3339 447 3404 super
469 3327 592 3394 terram,
614 3325 644 3380 et
664 3317 712 3380 ira
732 3317 767 3380 in
787 3315 912 3404 populo
934 3315 1007 3382 boc.
1048 3315 1101 3383 21.
1122 3316 1179 3384 Ἐἰ
1199 3342 1252 3384 ca-

45 3487 50 3506 ,
130 3420 207 3488 daut
228 3422 295 3488 acie
317 3418 424 3507 gladii,
446 3429 477 3486 et
498 3419 615 3506 captivi
636 3415 792 3484 ducentur
812 3420 849 3490 in·
869 3441 979 3493 ontnes
1001 3428 1128 3506 gentes:
1151 3431 1183 3486 et
1202 3423 1252 3486 Ie-

127 3523 266 3592 rusalem
300 3511 526 3588 calcabitur'a
553 3519 734 3609 Gentibus,
764 3514 868 3588 donec
895 3521 1083 3610 impleantur
1108 3532 1252 3612 tempora
1379 3591 1384 3602 ,

130 3627 321 3694 Gentiana-2
375 3625 478 3692 XVll·
519 3626 572 3690 22.
607 3625 650 3692 Et
676 3627 719 3691 ait
740 3622 782 3692 ad
803 3620 996 3712 discipulos,
1021 3622 1161 3714 Venient
1182 3625 1251 3692 dies

130 3725 261 3814 quando
283 3724 502 3792 desiderabitis
523 3725 633 3793 videre
653 3747 753 3794 unum
774 3725 897 3793 dierum
916 3727 990 3793 Filii
1011 3728 1164 3814 bominis,
1189 3747 1252 3792 nec
1306 3790 1309 3793 ,

129 3826 287 3894 videbitis.
338 3829 391 3892 23.
422 3829 465 3896 Et
486 3827 592 3925 dicent
611 3827 717 3910 vobis,
742 3829 827 3895 Ecce
848 3829 908 3908 bic,
935 3851 1009 3896 ecce
1029 3829 1108 3895 illics
1138 3827 1252 3896 rnolito
1279 3843 1280 3847 ’

128 3935 313 4017 irataeque
333 3933 506 3998 sectemini.
550 3931 602 4000 21.
633 3931 717 3998 Nam
739 3933 821 3998 sicut
840 3931 948 4018 fulgur
969 3951 1139 3998 coruscans
1161 3953 1180 3995 e
1200 3921 1252 4000 re·
1307 3980 1309 3984 -

1 4074 2 4078 =
128 4037 239 4130 gione,
267 4052 349 4121 quac
374 4030 435 4099 sub
463 4032 562 4100 coelo·
583 4041 644 4113 est,
668 4035 704 4098 in
724 4033 867 4114 alteram,
894 4055 975 4120 quae
997 4032 1058 4100 sub
1079 4033 1173 4100 coelo
1194 4043 1251 4116 est,
1297 4023 1298 4026 ¹

1 4141 2 4144 ’
128 4137 245 4227 fulget:
279 4139 323 4203 ita
344 4137 404 4202 erit
422 4135 526 4202 Filius
547 4125 739 4219 hominis'pr
761 4135 812 4202 dte
837 4157 907 4202 suo.
970 4135 1024 4200 25.
1067 4133 1133 4202 Sed
1159 4139 1248 4226 prius

1 4276 2 4306 ι
129 4249 257 4330 oportet
276 4239 367 4308 illuns
379 4237 486 4332 ..multa
504 4239 579 4328 pati,
601 4247 633 4306 et
651 4235 820 4330 reprobari
839 4261 860 4305 a
879 4235 1010 4304 natione
1031 4237 1101 4304 bac.
