2804 4762
269 161 453 255 (rao-tea.
492 108 807 226 amntem.
830 107 1027 248 rontano.)
1080 117 1082 122 η
1149 115 1207 226 aab
1253 121 1257 130 ’

83 323 176 375 tamen
192 309 291 376 vitium
308 309 378 376 illud
395 309 604 376 Christusnon
622 309 748 395 attingite
761 310 830 392 quis
847 313 952 389 renam
970 308 1207 377 doctrinam-cnm

82 409 168 470 prava
185 400 214 449 et
231 389 362 454 dissoluta
379 389 437 451 vita
455 387 585 450 conten..
607 387 699 450 Porro
710 389 819 471 Legem
832 385 888 450 Dei
904 409 979 448 nnus
995 388 1092 450 vocari
1110 409 1207 470 grove
1281 425 1283 428 v

82 475 112 525 et
131 466 257 544 diffcile
270 475 407 546 portatu,
425 463 526 524 mbum
547 483 605 524 non
624 475 677 536 est,
695 485 730 526 ae
749 465 911 546 pracsertim
928 475 1042 526 nostrae
1059 462 1208 536 infirmita·
1226 519 1232 526 .

82 541 120 604 tia
138 553 278 622 respectu.
318 541 376 604 Sed
397 537 522 621 quamvis
540 535 610 602 nibil
628 539 774 622 exigerent
790 539 864 604 scrib
881 561 911 616 e,
937 539 992 604 nisi
1010 541 1085 622 quod
1103 561 1120 602 a
1138 541 1205 602 Deo

15 623 16 626 ’
83 616 244 680 mandatum
267 630 340 695 erat,
369 613 495 680 Christus
517 627 613 678 nmen
636 613 682 676 laic
705 615 788 679 nimis
812 615 865 678 r''
900 638 929 677 m
949 627 977 678 et
994 629 1132 678 austeram
1150 617 1205 680 do-

84 692 169 756 cendi
186 691 321 757 rationem
339 691 502 786 perstringit
535 712 606 772 quae
623 691 687 754 trita
705 704 749 754 est
766 713 851 776 snper
871 692 893 754 is
910 691 969 758 istis
986 691 1162 776 hypocritis?
1171 703 1206 760 ut

83 767 192 832 scilicet
209 769 357 854 imperiose
374 769 408 830 ab
428 765 487 834 alus
506 805 507 810 κ
544 767 636 851 giteot
654 765 783 850 quicquid
802 768 921 832 debetur
937 769 1012 844 Deo,
1031 770 1141 851 sintque
1159 767 1205 834 ῐιι-Ι
1233 829 1236 836 ,

15 865 17 926 ζ
84 843 238 909 exorabiles
255 847 285 909 in
303 845 435 931 urgendis
454 840 570 918 olliciia',
593 841 647 906 sibi
665 855 759 906 autem
776 843 877 908 blande
896 843 1039 908 remittant
1056 867 1128 926 quae
1146 857 1204 910 tam

15 981 16 1002 ἢ
84 941 184 982 serere
200 922 346 1004 iniuogunt
363 921 437 998 aliis,
461 931 494 982 et
510 939 609 982 secure
628 919 734 1000 quidvis
753 919 922 1003 indulgeant.
962 919 1031 995 Quo
1050 931 1134 986 sensu
1152 923 1204 984 illis
1237 941 1242 945 ·’

15 1057 17 1082 ,
83 997 233 1078 exprobrat
256 999 404 1074 Ezechiel,
432 995 508 1080 quod
534 1016 598 1056 cum
625 995 783 1063 austeritate
808 1008 838 1056 et
865 995 992 1078 pmentia
1015 994 1204 1062 dominentur.

15 1083 18 1094 '
82 1072 156 1134 Nam
196 1075 224 1137 u'i
244 1077 320 1139 serio
341 1077 440 1137 Deum·
454 1070 569 1144 timent,
595 1089 753 1164 quanquam
774 1071 814 1133 adv
833 1071 893 1133 eius
910 1069 1076 1151 obsequium
1091 1073 1210 1136 sincere
1230 1123 1233 1130 .

16 1183 18 1200 ι
83 1158 114 1208 et
135 1152 184 1212 so'
203 1172 218 1214 e
240 1153 365 1218 formare
388 1149 520 1212 studeant
541 1145 793 1227 discipulos‚··quia
809 1157 903 1208 manen
922 1146 954 1206 in
973 1146 1032 1210 sci
1052 1167 1098 1208 sos
1116 1150 1207 1231 magis

82 1243 160 1311 quam
177 1225 208 1287 in
223 1227 292 1290 alios
312 1237 379 1290 suot
391 1223 491 1299 severi,
510 1243 571 1285 nou
579 1233 636 1284 tam
644 1222 760 1305 praecisi
770 1235 835 1284 sunt
844 1232 1000 1284 exactores:
1019 1166 1130 1299 inde,
1140 1225 1209 1307 quia

15 1297 19 1378 ζ
81 1321 144 1360 suae
166 1302 333 1366 infirmitatis
356 1297 463 1372 conscii
478 1307 556 1372 sunt,
585 1297 738 1360 clementer
753 1299 907 1382 ignoscunt
923 1297 1049 1362 infirmis.
1087 1300 1128 1360 At
1145 1311 1207 1362 stu-

15 1391 16 1398 ’
101 1377 150 1438 idis
168 1379 224 1442 Dei
243 1374 489 1458 contemptoribus
508 1372 576 1436 nihil
593 1375 629 1438 ad
647 1373 798 1436 iubendum
820 1374 948 1438 audacius
970 1374 1016 1438 vel
1034 1375 1121 1459 magis
1140 1397 1215 1437 crue

78 1395 141 1514 lale
158 1453 228 1536 fingi
247 1465 355 1536 potest,
375 1452 439 1534 quia
457 1449 509 1514 illis
527 1471 610 1513 curae
627 1473 688 1512 non
707 1463 748 1513 est
767 1449 929 1528 difficultas,
949 1471 1002 1532 qua
1020 1471 1052 1516 sc
1071 1452 1208 1514 eximunt.

15 1535 17 1616 ᾖ
79 1527 178 1619 Quare
195 1551 283 1592 nemo
302 1529 360 1591 aliis
378 1527 524 1593 moderate
540 1527 708 1616 praecipiet,
729 1528 781 1591 nisi
799 1525 848 1610 qui
862 1527 916 1590 sibi
934 1527 1056 1616 primum
1074 1528 1128 1592 erit
1144 1550 1207 1592 ma.

15 1617 16 1622 ’
108 1617 177 1668 ster.
383 1655 391 1668 ,
1027 1629 1030 1634 ·
1086 1651 1089 1659 .
1202 1658 1203 1666 ,

77 1625 107 1686 gl
153 1683 181 1743 t.
217 1683 328 1742 Omnia
350 1700 417 1740 cero
440 1699 529 1760 opero
546 1679 681 1757 sociant.
721 1681 820 1764 Nuper
842 1680 963 1774 ductat,
990 1681 1095 1766 scribas
1117 1677 1206 1766 longe

24 1811 26 1818 .
76 1753 159 1818 aliter
182 1756 280 1820 vivere
304 1777 386 1838 quam
409 1755 539 1820 doceant:
568 1779 644 1819 nunc
668 1777 739 1820 vero
758 1759 845 1834 addit,
868 1759 893 1820 si
913 1757 979 1842 quad
998 1757 1066 1821 boni
1085 1757 1206 1822 habeant
1231 1802 1234 1807 -

15 1859 17 1864 ·
76 1833 106 1892 in
125 1834 260 1926 speciem,
277 1831 307 1896 id
324 1833 419 1895 fictum
439 1853 498 1896 esse
516 1846 545 1894 et
563 1823 749 1918 nugatorium,
768 1835 832 1917 quia
851 1833 918 1896 nihil
936 1835 1010 1898 aliud
1027 1835 1212 1918 sitillispron⁴

15 1963 17 1974 .
79 1923 212 1989 posttuna,
233 1931 318 1992 quam
336 1909 447 1994 placere
465 1909 623 1989 hominibus
641 1931 674 1972 ac
693 1933 724 1974 se
742 1911 894 1974 venditare.
938 1911 1036 1994 Atque
1055 1912 1100 1984 hic
1118 1913 1205 1976 tacite

15 1995 19 2020 ”
78 2007 149 2048 vero
251 1988 286 2048 tis
310 1995 338 2048 et
360 1997 473 2050 sanetae
491 1986 563 2048 vitae
578 1988 672 2056 studio
691 1989 847 2070 opponitur
865 2009 965 2050 eorum
984 2009 1102 2070 operum
1120 1987 1204 2065 larva,

78 2083 150 2141 quae
214 2085 233 2124 n
259 2062 312 2124 nisi
333 2061 367 2124 ad
391 2062 607 2126 ostentationem
630 2059 732 2124 valent.
790 2066 863 2126 Nam
889 2066 950 2125 inte
973 2086 1003 2126 er
1026 2064 1083 2126 Dei
1111 2066 1205 2128 cultor

15 2149 17 2212 ξ
78 2137 365 2222 nunquam-ampullis
384 2139 442 2200 istis
462 2139 517 2200 erit
535 2139 651 2212 deditus,
672 2139 770 2219 quibus
784 2139 948 2212 inflatisunt
980 2141 1136 2222 ypocritae.
1160 2141 1206 2202 lta
1248 2215 1249 2220 ἵ
1352 2145 1354 2154 ’

15 2223 16 2274 ἶ
78 2233 139 2274 non
154 2227 264 2277 'tantum
283 2213 633 2296 reprehenditurambitio
653 2214 796 2275 inscribis
816 2226 845 2274 et
863 2215 1027 2276 Pharisaeis:
1051 2215 1100 2276 sed
1119 2235 1206 2295 quum
1290 2242 1293 2251 s

80 2289 220 2354 Dominus
245 2293 275 2352 in
298 2303 360 2352 tota
385 2310 485 2366 eorum
507 2289 833 2370 vitatransgressionem
851 2289 961 2354 divinae
981 2289 1065 2367 Legis
1086 2301 1116 2348 et
1134 2311 1207 2352 con-

78 2372 225 2448 temptum
240 2367 406 2440 damnasset,
432 2385 469 2426 ne
493 2363 583 2446 clypei
606 2363 670 2424 loco
691 2365 846 2425 obiicerent
864 2364 989 2426 iocosam
1006 2385 1083 2426 suam
1103 2365 1207 2426 saucti-

82 2441 217 2516 moniam,
238 2463 289 2524 per
308 2440 522 2522 occupationem
541 2425 712 2522 respondet,
725 2439 838 2514 frivolas
856 2459 916 2502 esse
933 2461 1023 2522 nugas
1042 2452 1072 2500 et
1087 2459 1142 2524 pro
1161 2441 1206 2501 ni.

79 2515 138 2576 bilo
156 2515 297 2578 habendas
315 2517 345 2580 in
364 2515 464 2598 quibus
483 2533 514 2576 se
532 2513 647 2590 iactast,
666 2513 729 2594 quia
749 2515 805 2576 illic
819 2537 901 2577 mera
922 2529 1024 2598 regom
1041 2515 1205 2596 ostentatlm

77 2593 186 2654 Postea
208 2592 329 2672 speciem
354 2601 438 2650 unam
461 2589 586 2672 profert,
617 2585 727 2673 exiqna
750 2591 812 2654 talis
835 2593 951 2655 arabib'o
970 2593 1055 2658 facilis
1075 2605 1135 2656 erat
1154 2613 1205 2656 co.

124 2668 180 2745 tu,
208 2669 282 2749 quod
305 2667 411 2730 scilicet
434 2667 463 2727 in
488 2669 605 2730 vestium
623 2667 737 2752 firnbriis
756 2687 791 2730 se
826 2668 1014 2764 robosLegis
1033 2670 1154 2732 cultores
1174 2672 1205 2732 in

77 2687 227 2806 inluminent
246 2742 332 2806 oculis
350 2753 502 2805 ostentent.
543 2743 689 2820 Quorsum
709 2743 785 2806 enim
803 2689 928 2811 irubmae
943 2747 1064 2824 latiores,
1085 2760 1115 2810 et
1131 2747 1205 2829 phy·

77 2821 195 2882 lactaria
220 2819 362 2881 communi
380 2818 457 2902 vulgi
475 2840 560 2884 more·
577 2820 663 2908 magis
682 2821 837 2904 splendida,
862 2822 915 2884 nisi
937 2825 973 2888 ad
990 2823 1103 2886 manem
1141 2845 1205 2884 om-

77 2895 161 2980 pam?
198 2899 318 2960 Iusserat
336 2897 488 2988 ldominus,
503 2910 535 2988 pt
555 2898 651 2958 ludaei
668 2897 793 2984 insignes
812 2921 847 2960 ex
865 2900 944 2984 Lege
962 2922 1011 2963 sua
1030 2913 1061 2962 et
1079 2843 1205 2960 delictas

78 2974 388 3054 quasdamfsentennas
414 2993 478 3034 cum
502 2995 535 3043 ¹tn
568 2973 678 3050 fronte,
706 2987 767 3034 tum
791 2976 821 3034 in
843 2996 895 3037 suo
918 2977 1023 3038 vestitu
1046 2987 1203 3058 gestarent:

78 3071 142 3112 nem
164 3072 181 3112 e
205 3048 269 3132 quia
291 3049 371 3112 fadile
396 3049 472 3110 carui
495 3049 610 3130 obrepit
625 3049 712 3134 Legis
731 3051 849 3124 oblivio,
873 3048 991 3121 subinde
1011 3053 1046 3114 ad
1065 3053 1123 3114 eius
1140 3073 1203 3120 mm

77 3073 196 3189 merline
213 3125 344 3188 revocari
359 3123 496 3219 populum
515 3147 595 3189 suum
614 3126 754 3188 Domimrs
773 3127 896 3190 volebat.
941 3128 1015 3190 Nam
1030 3139 1060 3187 et
1077 3127 1141 3191 ideo
1160 3139 1206 3188 ta·

77 3199 116 3264 les
134 3203 285 3266 sententias
303 3201 368 3264 iussa
388 3213 468 3263 erant
485 3201 597 3263 aedium
612 3223 723 3262 marum
742 3203 868 3283 postibus
887 3205 1055 3279 inscribere,
1078 3216 1113 3266 ut
1150 3227 1203 3264 uo-

15 3333 17 3358 ,
78 3299 190 3361 cunque
203 3291 349 3342 verterent
368 3275 474 3361 oculos,
490 3278 539 3370 pia
552 3277 642 3359 aliqua
654 3279 808 3338 admonitio
823 3280 916 3340 statim
927 3293 1099 3349 occurreret.
1124 3226 1206 3416 {uid

15 3376 22 3439 q
76 3367 169 3416 autem
191 3353 315 3418 scribae?
352 3355 395 3415 Ut
414 3375 429 3416 a
447 3353 555 3447 reliquo
577 3354 682 3435 populo
700 3354 857 3430 differrent,
875 3368 1026 3437 praecepta
1038 3357 1095 3420 Dei
1106 3379 1138 3437 sp
1151 3379 1204 3418 en-

16 3442 23 3508 t
76 3432 165 3493 didius
183 3432 213 3491 in
233 3431 356 3493 vestibus
374 3430 430 3492 suis
449 3433 559 3512 deprcta
576 3430 733 3513 gestabant.
778 3433 812 3492 ln
836 3435 888 3494 hac
911 3433 1203 3498 autemiactansiase
1253 3462 1255 3470 '
1316 3493 1317 3498 ,

15 3509 23 3601 l
75 3509 172 3588 putida
189 3508 304 3568 sorbitio
323 3505 468 3588 prodebat.
507 3510 568 3568 Nos
586 3526 657 3574 vero
676 3506 742 3568 hinc
761 3529 873 3588 quoque
892 3507 1037 3584 discamus,
1055 3533 1137 3592 qnam
1156 3512 1203 3570 in-

15 3601 18 3686 p
74 3583 187 3666 geniosi
206 3584 262 3643 sint
281 3584 407 3643 homines
425 3585 460 3643 ad
476 3583 573 3644 inanes
591 3581 676 3644 lucos
693 3585 859 3660 naissendos,
877 3597 909 3644 nt
927 3607 975 3646 sua
994 3586 1061 3650 vitia
1079 3589 1130 3648 sub
1150 3587 1203 3646 ali..
1283 3601 1291 3624 ¹

95 3679 134 3717 uo
158 3657 293 3718 virtutum
318 3659 413 3720 colore
438 3669 469 3719 et
489 3660 685 3742 integumento
709 3661 865 3737 occultent,
891 3683 978 3741 quum
1000 3661 1108 3724 scilicet
1130 3681 1202 3743 quae

15 3701 28 3824 i
73 3681 156 3796 icus
173 3733 324 3794 mandavit
349 3733 459 3814 pietatis
488 3735 617 3796 stertitia
645 3728 680 3797 ad
709 3757 786 3797 suam
815 3736 977 3828 hypocrisin
1004 3741 1205 3818 detorqueant·

73 3808 154 3872 Nihil
177 3807 270 3869 utilius
295 3809 357 3870 fnit.
370 3829 451 3888 quam
474 3832 570 3872 seusus
589 3819 688 3872 omnes
708 3833 889 3874 exercerem
907 3813 992 3897 Legis
1010 3813 1201 3898 meditatione,
1311 3855 1313 3858 -

15 3919 16 3940 ι
74 3907 93 3945 n
151 3885 221 3945 eid
244 3884 325 3945 etiam
348 3885 451 3945 frustra
474 3887 633 3948 mandatum
657 3909 673 3946 a
694 3887 821 3950 Domino
845 3888 961 3958 luerat.⁴
983 3891 1112 3956 Tantum,
1129 3907 1199 3948 vero

73 3905 174 4034 tiliis,
193 3971 225 4020 ut
242 3961 415 4041 proficerent
432 3960 462 4020 in
480 3962 578 4022 talibus
597 3963 776 4038 rudimentis,
795 3975 828 4024 ut
844 3963 999 4044 perlectam
1018 3965 1148 4026 iustitiam
1168 3963 1206 4022 in.
1278 3999 1282 4016 ι

75 4038 196 4098 vestium
216 4049 318 4097 ornatu
336 4035 583 4119 locantes·l.egem
602 4038 631 4098 in
650 4049 710 4100 tota
727 4041 784 4102 vita
800 4062 851 4104 sua
869 4064 882 4100 s
904 4045 1044 4102 eruerent.
1098 4041 1199 4118 Neque
1221 4039 1227 4062 '

52 4114 152 4173 ·enim
170 4115 258 4196 magis
278 4111 481 4174 contumeliose
501 4112 595 4193 potuit
612 4114 673 4174 Lex
690 4116 807 4178 Domini
829 4061 950 4178 ludibrio
973 4113 1083 4188 haberi,
1115 4137 1197 4194 qnam

74 4209 161 4267 quum
180 4189 285 4252 servari
307 4190 395 4272 ipsam
412 4186 553 4272 fingerent
570 4187 709 4250 theatrico
728 4189 838 4264 habitu,
861 4202 891 4253 et
910 4189 1047 4252 custodias
1067 4191 1125 4256 eins
1144 4213 1197 4251 vo.

76 4278 175 4328 carent
189 4287 327 4352 ¹personas
344 4265 379 4330 ad
398 4267 533 4349 agendam
552 4263 672 4328 fabulam
691 4265 865 4346 compositas.
923 4262 1012 4336 Quod
1032 4267 1142 4328 elneus
1166 4277 1196 4330 et
