2790 4764
185 222 238 286 st,
413 213 523 276 εἱσι.
543 213 624 276 xtv.
662 227 893 289 mutemur
912 228 1089 300 sanctonus.
1125 275 1129 285 ,

181 381 267 434 :cartu
288 367 419 430 tunsos
443 374 510 426 erat.
552 361 678 438 Scimus,
702 383 787 443 quam
804 383 904 424 serere
921 364 984 428 Lex
1002 366 1059 428 Dei
1077 367 1202 448 requirat
1215 377 1314 440 rater-

188 467 254 508 nam
280 441 459 514 munditiem,
486 459 547 500 non
574 439 652 520 quod
679 439 766 500 in-ea
787 439 929 502 Dominus
953 445 1086 536 occupari
1107 442 1194 512 vellet
1215 464 1314 506 servos

186 543 268 596 suos,
297 519 347 582 sed
368 538 426 597 quo
449 515 538 598 magis
562 514 680 576 sollicite
703 513 738 574 ah
762 516 840 575 omni
863 515 998 596 spirituali
1024 517 1237 600 inquinamento
1260 517 1314 578 sibi

155 629 158 636 ν
190 607 332 662 carerent.
380 591 537 654 Caeterum*
555 592 588 651 in
610 589 801 652 ablutionibus
824 589 945 671 aliquem
967 592 1084 656 modum
1106 597 1167 668 Lex
1190 595 1312 670 tenebat.

190 669 418 755 supervenerant
436 667 694 748 autemfdoctores,
714 667 762 759 qni
780 685 812 728 se
830 686 890 726 non
907 670 1045 750 putabant
1063 670 1129 734 satis
1148 683 1244 744 acutos
1262 669 1313 730 ha-

190 751 281 819 bitum
300 745 349 820 iri,
372 744 426 806 nisi
445 743 547 824 aliquid
565 743 655 804 verbo
674 745 730 804 Det
749 755 905 806 affluerent:
935 745 1001 806 hinc
1021 746 1164 809 fluxerunt
1182 747 1313 822 lotiones,

155 865 158 870 ,
190 843 308 908 quarum
326 820 401 882 nulla
418 820 503 880 fiebat
520 820 551 880 in
566 820 645 902 Lege
663 821 781 880 mentio.
808 816 999 901 Legislatores
1018 821 1071 903 ipsi
1091 843 1152 884 non
1166 823 1314 898 iactabant,

191 924 222 964 se
245 919 353 962 norum
377 896 525 978 quicquam
549 897 674 972 tradere,
702 897 752 972 sed
774 907 882 956 tanturn
906 898 1008 959 addere
1030 899 1148 960 cavendi
1172 899 1314 973 sonnulas,

190 999 262 1060 quae
285 975 376 1036 media
394 985 489 1036 essent
507 971 672 1034 adminicula
688 973 723 1033 ad
742 973 906 1034 servandam
925 973 982 1036 Dei
996 975 1113 1057 Legem.
1156 977 1225 1060 Mox
1237 995 1314 1050 ¹vero

191 1078 222 1117 se
260 1065 310 1114 uta
333 1062 375 1113 est
398 1049 571 1130 corruptela,
600 1069 686 1130 quum
709 1070 773 1130 pars
795 1047 883 1110 divini
905 1048 998 1112 cultus
1023 1050 1133 1114 censeri
1152 1051 1314 1122 humanitus

191 1133 222 1192 in
242 1143 322 1192 ustae
341 1128 519 1188 ceremoniae
538 1137 708 1219 coeperunt:
726 1125 829 1186 deinde
847 1147 932 1205 quum
950 1126 980 1186 in
998 1126 1083 1188 rebus
1101 1127 1196 1193 liberis
1213 1138 1250 1196 et,
1261 1149 1315 1196 vo,-

164 1249 166 1255 *
192 1207 320 1270 luntariis
344 1204 498 1266 necessitas
520 1215 562 1264 est
587 1202 723 1282 imposita.
781 1203 861 1262 Deus
884 1203 960 1263 enim
984 1202 1108 1281 (utiam
1126 1205 1232 1266 dictum
1252 1201 1312 1278 est)

192 1305 312 1366 semper.
327 1302 362 1342 ex
385 1280 465 1340 verbi
484 1279 527 1340 sui
544 1279 719 1360 praescripto
738 1277 792 1339 coli
809 1275 912 1354 voluit,
932 1279 1053 1360 ideoque
1072 1279 1146 1341 nulla
1163 1279 1314 1342 tolerabilis

193 1375 236 1424 est
252 1361 288 1420 ad
305 1358 414 1438 Legem
433 1355 491 1416 eius
507 1355 640 1416 accessio.
683 1355 744 1416 Iam
763 1366 793 1414 ut
810 1353 881 1416 ritus
900 1367 1032 1420 externos
1049 1355 1175 1418 fidelihus
1194 1357 1246 1418 sibi
1263 1357 1315 1416 ha-

191 1438 262 1498 here
286 1431 437 1514 permittit,
464 1431 494 1490 in
513 1429 614 1510 quibus
632 1451 663 1492 se
682 1440 832 1492 exerceant
849 1430 884 1490 ad
902 1433 1047 1512 pietatem,
1074 1433 1113 1492 ita
1131 1453 1192 1494 non
1229 1433 1315 1493 atitur

193 1533 259 1574 eum
281 1509 372 1572 verbo
398 1527 449 1568 suo
473 1505 600 1580 misceri,
629 1507 685 1566 acsi
709 1507 740 1568 in
758 1505 811 1565 illis
830 1509 921 1586 posita
938 1502 1017 1570 esset
1029 1509 1158 1594 religio.²
1207 1511 1244 1568 o¹n
1261 1513 1312 1568 ab·

191 1593 279 1650 luunt
297 1604 404 1648 manos
422 1603 505 1642 suos.
516 1601 519 1610 ·
530 1581 703 1642 Offendiculi
715 1595 802 1646 'causa
813 1583 962 1662 copiosius
981 1588 1130 1666 exponitur
1147 1607 1162 1646 a
1182 1587 1219 1648 ud
1236 1587 1315 1652 Mar-

192 1686 269 1728 cum:
289 1681 395 1722 summa
413 1672 509 1720 tamen
526 1656 583 1718 huc
602 1658 683 1733 redit
705 1658 792 1719 multa
808 1655 893 1718 fuisse
911 1659 941 1720 in
959 1682 1012 1720 usu
1030 1662 1104 1742 apud
1116 1607 1228 1737 scnlsas,
1242 1683 1316 1753 quae

192 1740 267 1802 ultro
291 1735 426 1798 servanda
449 1744 643 1817 susceperanta
680 1733 742 1794 illae
766 1744 846 1794 erant
869 1736 1049 1796 secundariae
1066 1737 1178 1820 legesa
1198 1737 1314 1806 curmsis

192 1813 352 1876 hominibus
381 1807 525 1883 inventae,
558 1809 635 1901 quasi
663 1809 779 1890 simplex
807 1809 862 1870 Dei
889 1811 1051 1884 mandatum
1079 1833 1140 1872 nou
1156 1813 1313 1876 ‚sufficeret

192 1889 278 1954 Ablui
295 1886 410 1948 iubebat
427 1888 515 1958 Deus,
534 1905 583 1965 qur
600 1882 702 1964 aliquid
715 1884 882 1976 pollutionis
901 1893 1113 1975 contraxerant:
1132 1889 1189 1952 hoc
1211 1891 1245 1950 ad
1259 1911 1315 1980 po·
1373 1919 1374 1924 κ

194 1963 258 2030 cula
282 1977 312 2026 et
336 1969 451 2037 urceos,
477 1972 598 2034 vestem,
623 1960 806 2098 etreliquarn
825 1960 1023 2042 supellectilem
1042 1963 1167 2042 patebat,
1190 1986 1228 2028 ne
1245 1967 1314 2056 (μᾶ
1373 1985 1374 1996 ,

157 2079 159 2082 ·
182 2037 526 2125 vattingerent,pollutum
549 2035 595 2096 vel
614 2035 720 2096 immun
741 2053 796 2096 um.
835 2037 999 2104 Sednovas
1017 2038 1176 2115 ablutiones
1195 2063 1315 2102 commt-

147 2159 151 2172 .
191 2119 272 2192 uisci,
292 2105 399 2177 otiosae
420 2113 548 2178 vanitatis
568 2108 645 2172 luit.l
667 2113 735 2174 Non
754 2111 850 2176 deerat
867 2113 979 2194 qdidern
999 2113 1087 2189 color,
1107 2128 1137 2178 ut
1151 2115 1251 2186 Paulus
1268 2118 1317 2196 di7

122 2195 126 2214 .
194 2197 236 2260 cit
260 2192 390 2270 (Coloss.
409 2194 438 2266 2,
456 2187 537 2265 23.),
562 2187 710 2251 hominum
732 2187 849 2250 inventa
873 2187 997 2271 speciem
1019 2189 1124 2252 habere
1147 2193 1315 2272 sapientiae:

183 2295 292 2338 ,verum
315 2270 338 2329 si
361 2267 565 2349 acquievissent
589 2267 619 2326 in
641 2265 700 2326 sola
721 2265 777 2326 Dei
795 2265 887 2358 Lege,
910 2266 999 2348 magis
1016 2265 1057 2326 illi
1079 2267 1197 2348 proban
1214 2265 1316 2328 suisset

181 2347 344 2421 ..modestia
372 2340 635 2426 qratnscrupulosa
657 2341 787 2402 anxietas.
831 2349 939 2416 havere
957 2341 1101 2418 volebant,
1126 2364 1163 2404 ne
1178 2343 1239 2424 quis
1252 2345 1316 2415 ,im-

190 2426 313 2496 mondus
332 2444 385 2503 per
401 2419 613 2504 incogitantiam
632 2417 727 2496 cibum
746 2411 886 2479 seneroti
899 2418 976 2508 atqui
994 2414 1061 2480 satis
1075 2421 1201 2483 Domino
1220 2419 1315 2484 fuerat
1373 2463 1374 2496 3

181 2499 431 2582 purgaresordes
451 2493 586 2586 cognitas.
631 2495 724 2556 Porro
744 2495 813 2556 'ustae
833 2507 977 2572 cannones
996 2493 1104 2556 nullutn
1120 2495 1263 2557 habehant
1278 2498 1314 2556 fi·
1373 2501 1374 2578 ζ

192 2596 260 2634 nem
277 2571 324 2634 vel
342 2573 471 2646 modurn,
490 2591 557 2650 quta
572 2571 618 2642 vix
637 2569 758 2653 digitum
776 2591 893 2655 movere
911 2571 1054 2652 poterant,
1072 2571 1146 2652 quin.
1159 2571 1312 2656 obreperet

182 2669 268 2710 ,nara
291 2645 380 2724 aliqua
403 2641 523 2720 nucula,
547 2647 596 2714 sed
620 2647 780 2726 corruptela
797 2647 867 2708 h'aec
886 2647 972 2727 longe
990 2649 1115 2710 deterior
1134 2661 1207 2724 erat,
1235 2649 1312 2728 quod

192 2723 295 2783 iniecta
322 2732 382 2782 erat
406 2722 585 2784 conscientiis
608 2720 724 2802 religio,
748 2733 780 2780 nt
798 2723 960 2801 pollutionis
978 2745 1043 2784 reus
1061 2717 1154 2800 fieret,
1171 2725 1226 2806 -qui
1243 2717 1312 2784 sub*-
1373 2749 1374 2754 ¹

151 2863 154 2868 ,
191 2797 258 2858 inde
277 2810 380 2876 corpus
396 2817 468 2875 aqua
485 2817 544 2856 non
562 2795 621 2858 abl'
663 2808 699 2864 at.
737 2798 772 2874 ln
786 2797 906 2876 plebeiis
924 2797 1001 2874 forte
1018 2799 1178 2865 hominibus
1192 2801 1312 2873 toleras·
1373 2865 1374 2868 Ἴ

179 2885 257 2937 sent
275 2871 452 2957 ceremoniae
473 2869 555 2961 huius
573 2893 610 2934 ne
642 2882 744 2946 ectum,
764 2874 813 2932 sed
833 2873 896 2954 quia
914 2866 950 2936 de
965 2875 1081 2938 Christo
1102 2889 1131 2938 et
1150 2870 1208 2938 eius
1227 2877 1311 2951 disci-

191 2949 264 3032 pulis
288 2947 390 3029 aliquid
414 2948 546 3008 eximium
571 2958 763 3028 conceperant
787 2968 819 3008 ac
842 2971 903 3010 non
926 2951 1054 3034 vulgare,
1081 2953 1227 3044 indignum
1248 2973 1310 3015 esse
1373 3021 1374 3028 ἵ

169 3046 171 3052 ’
191 3027 316 3100 videtur,
339 3023 415 3105 quod
429 3023 502 3084 ritus
521 3022 707 3085 amatoribus
729 3024 860 3099 traditos,
888 3047 1009 3106 quorum
1026 3051 1092 3090 ttsus
1109 3029 1309 3096 anterscribas

191 3114 303 3164 sanctus
329 3111 403 3174 erat,
425 3121 486 3160 non
504 3099 658 3166 observent
677 3100 735 3171 eius
752 3098 876 3183 magistri
896 3101 1034 3186 discipuli,
1059 3105 1108 3186 qui
1126 3105 1227 3196 aliqpid
1247 3126 1310 3167 me-

189 3177 242 3238 lius
260 3169 488 3256 praesenti'statu
499 3175 698 3315 vpbrolitebatur.
736 3177 828 3238 Porro
845 3177 966 3241 multum
982 3179 1127 3258 falluntur,
1146 3203 1195 3262 qur
1212 3203 1310 3262 asper·
1373 3225 1374 3230 κ

191 3252 310 3312 sionem·
322 3272 409 3332 aquae
431 3253 501 3312 lustr
528 3250 659 3330 's,„quae
683 3255 834 3312 benedicta
852 3268 970 3316 vocatur
988 3259 1061 3338 apud
1078 3258 1308 3340 Papistas,-‚cum
1373 3295 1374 3338 ς

189 3325 342 3388 lotionibus
364 3327 483 3388 Iudaicis
506 3339 684 3408 comparant,
722 3329 846 3390 Unicum
870 3332 944 3392 enim
961 3331 1126 3414 baptismum
1149 3335 1308 3399 totiesite·
1373 3357 1374 3422 ζ

188 3402 291 3475 raudo,
310 3415 454 3482 ‚quantum
476 3403 506 3462 in
530 3424 561 3464 se
579 3409 650 3478 'est,.
667 3401 821 3480 obliterant
836 3407 876 3472 Pa
894 3407 970 3468 istae.
998 3409 1126 3486 ‘Deinde
1144 3413 1180 3472 ad
1197 3414 1308 3471 exorci-

190 3496 266 3540 smos
290 3477 436 3546 confertur
454 3477 552 3539 frivola
569 3477 618 3544 itta,
634 3479 765 3560 aspersio.
805 3481 873 3558 Quo
906 3483 916 3542 i
932 3492 987 3564 pei·
1003 3507 1034 3547 se
1051 3485 1190 3568 licita,yet
1207 3485 1307 3548 talibus

181 3551 353 3631 corruptelis
375 3575 462 3614 vacua
485 3553 572 3630 soret,
603 3576 715 3637 semper
736 3569 831 3620 tamen
855 3559 1010 3622 damnanda
1036 3575 1079 3624 est
1096 3561 1141 3622 illa
1159 3581 1307 3648 quamtu-
1338 3586 1340 3594 ’
1373 3621 1374 3646 q

139 3697 140 3704 ἵ
187 3638 258 3712 gent
275 3629 433 3690 necessitas.
581 3709 582 3714 η
948 3672 950 3677 ·

260 3705 289 3764 3.
331 3704 488 3782 Quassat-
507 3725 559 3766 oos
582 3709 819 3789 trangredimini.
857 3709 970 3792 Duplex
992 3712 1039 3776 hic
1062 3715 1180 3796 ponitur
1200 3713 1305 3776 Christi

112 3759 114 3764 Ι
182 3779 343 3916 qpqponsio:
363 3779 443 3861 prior
463 3793 505 3842 est
522 3783 557 3842 ad
574 3804 733 3863 personam,
752 3799 783 3846 ut
802 3786 968 3866 loquuntur:
992 3789 1078 3851 altera
1096 3791 1139 3852 rei
1158 3803 1188 3852 et
1205 3812 1305 3854 causae
1373 3819 1374 3860 3

237 3855 374 3945 nitionem
401 3857 537 3928 eontinet.
567 3905 569 3914 ,
593 3861 737 3952 Iuversusg
748 3873 790 3924 est
808 3865 879 3952 prdo
898 3865 971 3956 apud
989 3859 1147 3944 Marcum,
1198 3869 1207 3929 i
1226 3867 1305 3958 prius

184 3930 339 4008 Chrtstum-
352 3933 388 3993 de
406 3953 443 4008 ,re
463 3945 526 4014 tota
539 3933 704 4015 loquentem
722 3938 841 3999 rudunt:
874 3940 977 4002 derude
996 3943 1108 4004 subiicit
1125 3945 1305 4028 obturgatro-

180 4026 256 4080 nero,
274 4028 332 4099 ¹qua
349 4007 491 4071 invehitur
510 4023 612 4072 contra
631 4011 804 4092 hypocritas:
822 4035 876 4075 nos
894 4015 973 4084 filum
989 4019 1123 4086 Matthaei
1139 4043 1302 4103 sequemur.

181 4078 280 4153 Quum
301 4085 422 4147 vicissim
445 4085 554 4164 quaerit
575 4087 756 4153 Dominusa
774 4089 888 4166 scribis,
908 4115 960 4154 cur
977 4095 1036 4156 nei
1053 4097 1165 4187 Legem-
1178 4109 1303 4178 propter
1373 4087 1374 4148 Ῐ

88 4240 90 4247 Ι
178 4172 241 4216 ruas
259 4162 423 4226 traditiones
441 4159 571 4238 violent,
589 4165 723 4248 nondum.
733 4161 817 4244 plane
836 4166 986 4262 discipulos
1008 4192 1025 4231 a
1048 4173 1168 4240 crimine
1186 4173 1302 4236 ohiecto
1320 4229 1323 4242 .

177 4223 289 4306 liberat,
312 4239 361 4300 sed
379 4248 488 4299 tanturn
507 4239 653 4316 admonet,
682 4261 764 4332 quarn
782 4241 877 4323 iniqua
895 4256 933 4306 stt
952 4257 982 4306 et
999 4263 1179 4330 praepostera
1197 4271 1301 4324 eorum
1373 4245 1374 4322 ᾗ

176 4307 332 4392 morpsitas.
374 4315 497 4404 ludgne
513 4315 623 4393 lerunt,
644 4313 799 4396 ,hemmam
811 4332 1047 4404 praeceptores
1063 4336 1160 4404 ex,rte
1177 4327 1300 4406 serranz
1373 4329 1374 4374 ἶ
