2830 4772
447 231 453 254 .
549 229 674 276 cumam
693 211 871 276 variorum.
1121 205 1124 211 ’
1221 217 1296 281 bbt'

147 378 246 444 rente,
266 377 372 428 certam
386 364 485 446 ¹salutis
503 367 727 446 viamtenc'ant.‘
757 357 897 428 Hinc'tot
915 367 1098 426 certaminum
1119 367 1277 452 congeries,

149 458 181 506 ut
198 444 306 506 duriter
318 443 389 525 ipsis
409 444 581 504 militandum
599 444 648 518 sit,
671 443 739 502 licet
756 443 860 535 absque
881 441 1019 534 periculo.
1076 443 1153 504 Hinc
1175 457 1221 506 tot
1244 468 1276 506 ae

148 533 207 580 tam
231 521 339 580 subitae
363 519 601 612 perturbationes,
629 531 661 578 ut
685 521 783 578 misera
811 520 1003 598 inquietudine
1027 531 1180 596 vexentur,
1205 520 1276 584 :licet

139 597 266 665 ‘Christo
286 595 374 656 innixr
415 595 484 656 rebe
503 597 537 656 ad
556 597 640 655 finem
661 617 747 674 usqne
767 596 928 656 consistant.
964 595 1068 658 ·Porro
1088 619 1174 677 quum
1192 597 1276 660 disci-

167 674 232 735 ulos
254 691 357 735 cavere
379 617 413 733 ab
436 671 597 751 imposturis
621 671 699 731 iubet
724 671 862 745 Cbristm,
890 671 1005 732 sciamus
1023 674 1138 734 modum
1159 675 1275 736 cavendi

146 696 200 813 litis
219 769 279 808 non
299 748 409 824 delore,
428 749 514 808 modo
533 769 570 806 ne
589 747 759 810 sibivdesint.
799 746 897 821 Quare
916 767 953 806 ne
971 749 1136 820 dubitemus,
1156 750 1274 830 siquis-

147 847 204 906 que
228 837 354 885 nostrum
378 825 407 884 in
432 833 480 884 sua
504 824 625 884 statione
649 822 746 882 sedulo
772 823 805 882 ad
825 822 956 884 excubias
973 823 1095 886 intentus
1117 827 1171 904 sit,
1192 847 1274 909 quaa-

148 923 260 982 cunque
277 900 386 972 insidias
402 901 576 968 machinetur
594 900 688 972 Satan,
709 920 760 958 nos
779 899 885 960 abillis
904 910 980 957 tutos
999 898 1071 960 iore.

222 982 265 1038 5.Ἰ
288 978 378 1036 Multi
400 981 477 1037 enim
500 979 624 1036 uenient.
663 976 796 1036 Nondum
825 975 854 1034 in
884 995 990 1056 genere
1019 975 1053 1034 de
1078 977 1217 1056 perversis
1243 990 1273 1038 et

3 1107 7 1112 .
140 1045 286 1120 ,salaribus
310 1053 445 1114 doctrinis
468 1052 496 1112 lo
519 1052 607 1123 uitur,
636 1051 830 1130 srdkspeciem
852 1049 937 1111 'uuam
960 1051 1084 1134 attingit,
1106 1071 1178 1130 quae
1197 1055 1273 1115 velut

48 1150 57 1156 ·
167 1130 284 1190 uoddam
304 1127 475 1208 praeludium
496 1074 549 1188 licit
568 1126 693 1186 onmium
713 1148 857 1204 errorum,
881 1127 988 1208 quibus,
1000 1127 1214 1202 ¹varicffconatus
1231 1143 1274 1192 est

144 1149 230 1274 datan
249 1227 346 1287 puram
364 1203 509 1287 Evangelii
527 1203 681 1294 dpetrinam
701 1202 876 1265 labefactare.
916 1205 988 1264 Nam
1007 1201 1088 1284 paulo
1106 1217 1171 1338 post
1187 1203 1273 1264 Cbri-

100 1309 106 1322 *
143 1281 181 1342 sti
206 1281 444 1343 resurrectionem
469 1289 568 1340 exortu
582 1290 648 1338 sunt
670 1291 851 1359 impostores,
875 1297 998 1358 quorum
1018 1301 1049 1340 se
1067 1287 1184 1358 qusque
1202 1303 1272 1360 pro-

34 1421 42 1440 ,
143 1359 231 1418 lessus
251 1369 293 1416 est
313 1357 476 1416 Christum(
503 1353 582 1430 Quia
599 1366 693 1416 autem
713 1375 771 1415 non
790 1367 900 1416 tantum
920 1377 936 1418 e
956 1355 1049 1416 medio
1066 1355 1192 1417 sublatus
1212 1369 1273 1418 erat

141 1455 228 1494 -verus
248 1432 438 1512 Redemptor,
456 1431 506 1493 sed
524 1430 676 1514 ignominia
695 1431 785 1492 crucis
805 1453 968 1514 oppressus,
992 1445 1021 1492 et
1040 1444 1136 1495 tamen
1154 1453 1205 1512 spe
1224 1453 1272 1494 re-

141 1506 314 1599 demptionis
333 1520 442 1568 erectae
460 1519 538 1566 erant
559 1506 684 1566 omnium
706 1515 815 1568 mentes
836 1520 864 1570 et
883 1505 1020 1570 desiderio
1029 1529 1171 1584 accensae,
1188 1509 1271 1600 plau-

142 1582 231 1644 s'ibilrs
250 1579 361 1644 fallendi
380 1583 490 1644 occasio
510 1581 561 1644 illis
580 1581 613 1642 ad
634 1605 747 1643 manum
766 1583 827 1644 fuit.
865 1585 926 1646 Nec
945 1585 1059 1645 dubium
1080 1597 1130 1658 est,
1149 1602 1215 1666 qum
1227 1597 1276 1658 tas

141 1659 217 1720 libus
235 1659 547 1748 praestigiis'luppndos
559 1659 683 1729 ludaeos
703 1661 863 1740 exposuerit
882 1663 976 1732 oms,
1000 1662 1046 1742 qui
1066 1659 1169 1722 Filium
1187 1683 1274 1722 suum

142 1747 202 1816 tam
219 1735 336 1871 indigne
355 1735 526 1818 repulerant.
574 1736 634 1797 Etsi
652 1747 745 1798 autem
765 1735 844 1799 brevi
863 1737 1009 1818 dissipatae
1028 1749 1093 1798 sunt
1111 1737 1174 1830 illae
1196 1737 1269 1802 insa-

141 1811 221 1888 niae,
240 1833 277 1872 vo
288 1811 329 1871 uit
348 1825 439 1872 tamen
459 1813 537 1878 Deus
555 1813 674 1874 Iudaeos
693 1811 731 1872 ita
750 1813 873 1874 intense
892 1811 1081 1887 tumultuaria*
1095 1837 1218 1900 primum
1238 1825 1271 1874 ut

141 1903 173 1950 s'e
190 1886 308 1949 infames
326 1899 356 1948 et
374 1889 474 1950 exosos
491 1889 651 1964 redderent,
672 1889 779 1950 deindc'
790 1902 823 1948 ut
841 1890 913 1970 apud
935 1908 983 1950 eos
1003 1909 1117 1971 prorsus
1127 1889 1269 1952 'concide-

141 1976 189 2026 ret
212 1965 306 2026 salutis
323 1964 435 2048 fiducia:
464 1965 588 2046 denique
608 1979 638 2024 ut
656 1966 741 2027 toties
761 1965 884 2026 frustrati
902 1966 987 2031 bruto
1006 1979 1125 2046 stupore
1138 1967 1269 2042 insuam

139 2041 296 2122 perniciem
320 2054 445 2105 ruerent.
498 2044 570 2102 Nam
590 2043 639 2102 ubi
657 2063 673 2102 a
692 2042 765 2102 Filio
785 2043 853 2116 Ilei,
876 2043 953 2102 cuius
972 2039 1094 2103 officium
1115 2055 1158 2104 est
1176 2043 1206 2102 in
1224 2064 1268 2103 sa-

142 2139 219 2200 cram
237 2117 373 2194 uhitatem
391 2139 444 2198 nos
463 2117 608 2208 colligere,
628 2119 746 2178 mundus
765 2117 1030 2200 dillluxit„aequum
1050 2130 1093 2182 est
1112 2117 1170 2182 huc
1185 2130 1215 2179 et
1234 2118 1268 2178 il-

140 2192 187 2254 luc
208 2205 336 2274 tanquam
355 2193 485 2274 procellis
504 2215 532 2253 ra
556 2207 615 2253 tarr.
653 2195 691 2254 Et
710 2195 806 2254 eadem
825 2194 880 2254 Dei
900 2193 1020 2254 vindicta
1038 2191 1142 2256 iactum
1160 2206 1216 2268 est,
1235 2205 1267 2253 ut

140 2269 221 2330 stulta
244 2269 390 2331 credulitas
407 2269 502 2350 plures
521 2217 773 2350 abriperet·quam
792 2281 868 2329 recta
891 2267 958 2330 fides
977 2271 1008 2328 in
1027 2270 1082 2330 Dei
1100 2271 1267 2350 obsequium

132 2346 299 2412 adduxerat.
355 2346 394 2406 Et
419 2346 743 2424 hanccircumstantiam
762 2346 825 2405 data
845 2365 932 2424 opera
951 2346 1078 2408 Christus
1096 2345 1204 2428 posuit,
1229 2365 1267 2408 ne

139 2415 234 2499 fideles
254 2432 402 2501 conspecta
421 2421 618 2480 insanientium
637 2419 719 2481 turba
739 2420 922 2482 labascerent.
962 2421 1165 2496 Scimusenim,
1184 2443 1266 2502 quam

139 2493 268 2576 proclive
292 2498 327 2558 sit
351 2495 385 2557 ad
410 2493 614 2578 multitudinem
633 2497 800 2574 deflectere,
821 2498 987 2578 praesertim
1005 2497 1054 2559 ubi
1074 2493 1157 2578 pauci
1173 2507 1270 2559 sumus
1344 2515 1350 2520 ·

138 2591 269 2634 numero·
484 2599 497 2609 ··
627 2593 636 2621 τ
875 2601 883 2614 =
912 2595 913 2598 ¹
999 2599 1000 2604 ¹

148 2709 154 2716 ,
215 2650 244 2710 d.
280 2649 426 2710 Auditum·
447 2650 628 2711 satisdatio.
669 2649 767 2710 Motus
786 2659 893 2708 tantum
911 2649 1035 2712 iudaicus
1051 2651 1108 2712 boc
1127 2649 1193 2711 loco
1207 2648 1266 2724 ,de-

132 2721 244 2808 signat:
282 2722 348 2784 nam
376 2723 458 2806 paulo
487 2737 553 2806 post
584 2719 678 2784 latius¹
693 2724 879 2808 spargendum
909 2746 969 2787 esse
995 2723 1156 2796 incendium
1180 2725 1263 2786 dicet.
1357 2799 1359 2806 Ι

64 2803 69 2812 ’
140 2797 387 2878 Quemadmodum
408 2813 501 2862 autem
526 2801 601 2880 prius
626 2821 727 2860 cavere
743 2801 835 2876 lussit,
859 2823 897 2863 ne
916 2801 977 2882 quis
997 2823 1046 2863 eos
1058 2797 1198 2882 decipiat,
1224 2802 1265 2862 sic
1300 2827 1301 2831 ¹

139 2876 377 2957 uoncintrepido
395 2879 489 2938 animo
509 2878 636 2957 excipere
654 2877 732 2940 iubet
749 2899 878 2938 rumores
889 2877 1042 2958 bellorum,
1063 2891 1092 2938 et
1111 2878 1263 2958 bellaipsa:

138 2973 203 3026 nam
218 2954 383 3034 ¹periculum
407 2967 466 3016 erat
490 2975 525 3014 ne
549 2953 626 3022 malis
649 2955 745 3027 obruti
764 2955 932 3030 delicerent,
961 2955 1125 3036 prriesertim
1145 2950 1169 3014 si
1186 2966 1283 3012 tran-¹

158 3029 253 3090 uilium
272 3041 300 3091 et
319 3029 421 3101 laetum
441 3031 532 3093 otium
550 3028 603 3090 sibi
622 3027 739 3090 luissent
759 3021 885 3110 polliciti.
938 3032 1023 3092 Addit
1042 3043 1176 3110 oportere
1195 3029 1263 3088 haec

138 3050 345 3180 deri,¹‘eausam
366 3128 425 3168 non
445 3108 595 3200 assignans,
614 3107 662 3166 sed
681 3107 847 3180 admonens,
871 3107 941 3166 nihil
960 3106 1061 3168 borum
1080 3097 1264 3166 fortuito'vel

138 3183 250 3262 ahsqm
267 3183 322 3242 Dei
342 3184 523 3264 ,prouidentia
545 3183 686 3257 accidere,
713 3205 755 3242 ne·
775 3181 877 3243 frustra
900 3197 996 3244 contra
1020 3180 1162 3244 stimulum
1180 3181 1264 3244 calci-

137 3269 226 3320 trent:
246 3258 319 3320 nibil
333 3261 408 3320 enim
430 3259 468 3320 ad'
483 3283 537 3322 nos
556 3257 725 3344 subigendos
744 3257 980 3348 efficaciusquam
999 3257 1264 3346 dumagnospimus,
1298 3291 1306 3298 ·

137 3355 209 3413 quae
232 3335 349 3397 maxime
374 3335 643 3398 videntur‘confusa
667 3337 760 3396 Deum
784 3357 836 3395 suo
859 3335 975 3394 arbitrio
1000 3321 1148 3394 moderari.
1206 3333 1264 3412 Ipsi

137 3413 249 3489 quidem
267 3413 332 3473 Deo
351 3435 497 3498 ¹uunquam
523 3413 611 3473 iustae
630 3432 728 3472 causae
747 3411 917 3495 etyoptimae
936 3412 1058 3471 rationes
1077 3411 1190 3494 desunt,
1214 3433 1264 3470 cur

137 3485 271 3548 mubdum
291 3487 402 3548 turbari
424 3488 507 3550 simu
520 3509 643 3550 =>verum
687 3487 788 3546 uiain
804 3484 962 3548 attrocius
984 3485 1086 3568 placito
1104 3485 1199 3549 fideles
1217 3507 1263 3546 ac-

138 3559 454 3641 quiescererednvcnisss
474 3566 537 3632 satis
557 3509 798 3644 babuitlibristus
815 3563 922 3640 hortari
941 3563 1098 3658 discipulos,
1118 3577 1149 3624 ut
1167 3561 1265 3626 animis

138 3635 172 3697 ad
196 3637 239 3698 ser
365 3641 527 3720 compositis
551 3654 713 3702 constantes
732 3637 893 3712 manerent,
919 3653 983 3722 qum
1005 3637 1187 3700 rta‘Domino
1205 3637 1263 3718 pla-

33 3755 37 3758 -
139 3720 194 3773 det.
232 3712 274 3774 Se
312 3719 437 3776 nondum
448 3722 534 3796 finis.
592 3715 727 3798 Apertitr's
749 3717 896 3780 denuntiat
919 3721 996 3798 quod
1019 3719 1073 3778 iam
1097 3715 1167 3788 dlxi,
1193 3713 1264 3790 quae

140 3799 193 3870 per
213 3810 242 3848 se
262 3792 355 3869 gravia
374 3807 464 3868 erant,
482 3795 555 3854 maio
636 3806 729 3853 tamen
744 3794 932 3854 calamitatum
952 3792 1188 3874 quaedam's'olunr
1201 3789 1264 3848 lore

78 3913 82 3922 .
140 3863 292 3946 praeludis:
311 3869 374 3948 quia
393 3870 441 3928 ubi
461 3871 571 3929 flamma
612 3857 726 3931 elloruln
735 3873 872 3930 Iudaeamv
885 3871 1062 3952 corripuerit
1079 3867 1159 3932 latitas
1169 3886 1265 3927 erum-

140 3953 196 4024 pet.
254 3943 325 4002 Nam
351 3965 385 4002 ex
408 3967 465 4024 quo
485 3945 636 4026 propagata
646 3941 709 4006 ¹brit
729 3946 877 4028 Evangelii
895 3947 1036 4024 doctrina,
1066 3942 1161 4002 similis
1180 3941 1287 4000 etiam

139 4017 213 4098 apud
236 4017 299 4080 alias
319 4035 417 4100 gentes
437 4021 609 4101 ingratitudo
633 4023 707 4080 iram'
726 4023 782 4080 Dei
803 4024 940 4083 accendit.
997 4018 1072 4080 Hinc
1096 4019 1198 4078 iactum
1225 4027 1265 4076 est

141 4107 182 4169 ut,
201 4095 250 4174 qui
268 4095 411 4156 vinculum
428 4101 504 4176 pacis
523 4099 671 4156 cunrbeo
691 4111 835 4178 ruperant,
856 4120 886 4166 se
904 4098 1006 4158 mutuis
1025 4095 1143 4156 dissidiis
1161 4093 1265 4154 lacera-

140 4184 217 4234 rent:
248 4172 295 4256 qui
314 4173 370 4232 Dei
388 4179 486 4254 parere
504 4163 813 4252 imperiofflnucrant,
830 4175 954 4253 bostium
974 4171 1123 4234 violentiae
1138 4191 1266 4250 succum-

140 4247 258 4310 berentz-
296 4248 343 4330 qui
363 4252 427 4310 ileo
448 4249 623 4314 reconciliari
642 4271 713 4308 non*
721 4251 920 4322 sustinuerant,
939 4250 1013 4307 inter
1031 4267 1061 4308 se
1080 4245 1200 4308 vicissim
1219 4256 1266 4304 tu-

141 4325 358 4392 multuarentur:
379 4327 432 4409 qui
447 4325 567 4407 denique
587 4319 702 4388 boelesti
719 4325 806 4388 salute
825 4347 855 4386 se
873 4324 1078 4399 abdicaverant,
1097 4321 1142 4384 alii
1159 4321 1268 4384 inalim
