2804 4762
153 297 156 310 ,
218 239 222 250 ’
276 271 282 313 r
386 250 481 327 ,(168.
520 247 566 310 De
584 255 707 330 argento
725 241 812 307 serris
829 240 966 321 credito.)
1192 247 1277 312 lss'
1369 325 1371 330 ,

117 391 296 497 acquisivit.
339 405 393 473 lt.
417 379 460 485 Εἰ
480 385 600 480 iittltt,
620 400 711 486 Euge
732 396 820 467 hone
840 419 941 475 serve,
959 396 1042 508 quia
1057 396 1095 463 in
1114 398 1248 508 minimo

116 497 209 579 luisti
235 507 363 583 fidelis,
394 505 511 585 habeto
536 511 722 594 potestatem
749 525 848 592 super
868 501 977 568 decem
999 502 1152 589 civitates.
1195 501 1247 568 18.

117 602 163 682 Et
189 613 269 680 alter
294 613 394 690 venit,
421 609 545 686 dicens,
572 606 724 684 Domine,
749 608 834 681 urina
861 615 916 681 tua
942 603 1081 672 confecit
1106 587 1248 693 quinque

119 699 233 782 minas.
275 713 327 780 to.
347 713 402 778 'Et
420 711 496 778 huic
517 710 575 789 ait,
595 707 639 774 Et
658 718 695 772 tu
714 707 895 795 praefectus
916 718 985 774 esto
1008 710 1150 796 quinque
1171 711 1250 776 civi-

120 794 249 886 tatibus.
297 815 350 902 20.
378 813 419 880 Et
440 813 523 880 alius
544 813 639 890 venit,
669 809 791 888 dicens,
811 810 959 906 Domine,
981 831 1055 878 cccc
1077 813 1163 878 mina
1184 821 1247 894 tua,

122 939 219 1008 quam
239 915 336 986 habui
357 919 529 1005 repositam
549 916 583 978 in
605 911 751 980 sudario:
787 909 842 978 21.
862 913 972 980 Timui
993 914 1076 978 enirn
1097 925 1138 995 te,
1158 915 1249 1004 quod

17 1025 20 1032 '
121 1025 220 1093 homo
246 1031 392 1087 austerus
419 1022 477 1085 sis:
510 1015 598 1083 tollis
627 1014 716 1103 quod
739 1035 807 1083 non
827 1017 973 1102 posuisti,
993 1025 1025 1080 et
1045 1019 1136 1081 metis
1158 1018 1249 1106 quod

123 1147 190 1194 non
211 1125 382 1192 sentinasti.
424 1121 477 1186 22.
510 1118 599 1204 Dicit
620 1119 664 1197 ei,
684 1117 737 1182 Ile
759 1136 817 1182 ore
838 1127 895 1183 tuo
915 1126 948 1182 te
969 1115 1138 1194 iudicabo,
1158 1138 1250 1188 serve

42 1245 46 1252 ·
122 1229 230 1298 malea
250 1221 377 1294 sciebas
408 1220 498 1310 quod
525 1219 710 1306 egohomo
736 1229 881 1284 austerus
909 1221 982 1301 sim,
1015 1219 1133 1286 tollens
1161 1223 1251 1309 quod

120 1353 190 1396 non
209 1331 316 1417 posui,
338 1338 370 1393 et
390 1335 512 1394 metens
534 1322 624 1409 quod
645 1341 713 1401 non
734 1323 900 1388 seminavi:
941 1319 994 1387 23.
1016 1321 1059 1387 Et
1070 1345 1169 1410 quare
1183 1345 1252 1392 non

120 1433 240 1501 dedisti
261 1431 428 1520 pecuniam
450 1447 550 1492 meam
573 1422 613 1488 ad
634 1443 783 1502 mensam,
804 1435 835 1490 et
857 1445 916 1511 ego
936 1427 1067 1546 veniaps
1090 1432 1160 1506 cum
1176 1418 1252 1520 usu-

119 1541 168 1605 ris
189 1537 301 1620 utique
322 1533 495 1624 exegissem
515 1527 620 1626 illam?
648 1525 720 1624 ¹24.
741 1527 784 1595 Et
804 1526 978 1594 astantibus
1001 1526 1091 1608 duit,
1118 1530 1253 1598 Aulerte

122 1635 167 1704 ab
189 1633 248 1702 illo
270 1635 396 1713 ruinam,
418 1642 450 1698 et
470 1629 543 1696 date
564 1627 630 1708 issi,-
650 1631 706 1717 qui
726 1625 957 1715 decemminas
979 1630 1084 1698 habet.
1130 1633 1182 1698 25.
1210 1625 1254 1701 Et

123 1739 274 1828 dir-erunt,
299 1737 345 1815 ei,
373 1733 526 1814 Domine,
552 1731 648 1798 hahet
671 1730 781 1796 decem
802 1733 913 1798 minas.
945 1734 1018 1799 26.
1052 1725 1139 1804 Dico
1168 1739 1252 1806 enirn

121 1837 338 1927 vobiquuod
360 1840 446 1905 omni
467 1835 596 1903 habenti
618 1832 759 1901 dabitur:
781 1831 822 1900 ab
845 1857 884 1903 co
908 1845 1020 1919 nutem,
1041 1840 1097 1927 qui
1117 1841 1253 1908 nonha-

121 1946 194 2025 bet,
222 1946 315 2010 etiam
342 1939 431 2028 quod
457 1939 554 2006 habet
580 1939 749 2006 auferetur.
812 1935 877 2004 27.Ι
908 1937 1078 2008 Caeterum
1105 1945 1252 2012 inimicos

122 2070 215 2116 meos
234 2046 318 2126 illos,
339 2045 395 2131 qui
416 2041 592 2110 noluerunt
611 2064 669 2108 mc
682 2063 817 2128 regnare
837 2064 934 2131 super
954 2066 999 2123 se,
1022 2045 1169 2114 adducite
1181 2049 1253 2130 huc,

1 2189 2 2232 1
125 2163 158 2218 et
181 2149 352 2242 interficite
373 2167 481 2214 coram
501 2168 561 2212 me.
618 2145 671 2212 28.
707 2143 751 2211 Et
776 2146 827 2212 his
849 2145 943 2214 dictis
962 2145 1033 2214 ibat
1050 2147 1281 2250 praecedens„

124 2264 161 2323 ut
180 2252 367 2322 ascenderet
385 2247 653 2336 Hierosolymam.

202 2494 274 2602 Luc:
300 2543 347 2602 11.
395 2539 478 2606 Haec
501 2537 565 2596 illis
589 2533 788 2592 audientibus.
834 2531 901 2593 Hoc
923 2531 1049 2672 prodigii
1078 2534 1166 2598 simile
1191 2537 1256 2619 latr,

125 2617 205 2699 ,quod
232 2615 318 2677 toties
347 2612 483 2674 admoniti
504 2609 573 2673 disci
594 2609 688 2672 uli'de
713 2604 873 2689 propinqus
887 2609 921 2694 ¹C
942 2609 1003 2671 risti
1030 2625 1122 2674 morte
1151 2617 1185 2678 ad
1207 2639 1256 2679 re-

127 2713 218 2790 gnum
237 2691 296 2752 eius
314 2687 537 2752 transvolabant:
570 2631 683 2767 buplex
701 2695 795 2746 autem
813 2705 894 2752 error
913 2687 975 2763 suit,
1035 2691 1072 2750 od
1090 2691 1151 2753 sine
1169 2716 1256 2756 eruce

2 2811 3 2828 .
127 2767 354 2853 imaginabantur
371 2766 481 2827 beatam
499 2763 635 2844 quietem:
652 2761 754 2824 dunde
773 2758 848 2840 quod
865 2783 986 2849 regnum
1036 2766 1062 2827 ei
1080 2789 1131 2828 suu
1151 2772 1257 2834 carnali

128 2867 214 2910 sensu
232 2843 421 2919 aestimabant.
438 2920 440 2926 Υ
459 2842 544 2902 Unde
561 2850 684 2922 apparet,
704 2859 785 2918 quam
804 2839 896 2902 tenuis
916 2853 945 2901 et
964 2840 1082 2916 obscura
1101 2845 1188 2911 luerit
1203 2869 1256 2909 eo-

127 2944 193 2986 rum
214 2921 293 2982 fides.
335 2919 397 2981 Etsi
421 2917 497 2996 enirn
519 2939 599 3000 spem
615 2913 837 2978 ‘resurrectionis
858 2915 1024 2995 litaverant,
1050 2919 1142 2983 levior
1160 2936 1256 2984 tamen

129 3009 192 3060 erat
213 3007 326 3082 gantos,
352 3016 436 3077 quarn
457 3006 490 3054 ut
514 2993 586 3070 certi
610 2992 811 3082 quicquamst
834 2991 907 3054 firmi
925 3006 1059 3058 tenerent
1075 2998 1112 3059 de
1131 2999 1255 3061 Christo.

129 3075 259 3139 Credunt
281 3093 346 3134 eum
371 3073 611 3152 Redemptorem,
631 3069 679 3150 qui
698 3067 765 3129 olam
804 3069 935 3132 remissus
954 3071 1060 3148 suerat,
1083 3075 1158 3134 unde
1176 3083 1256 3156 spem

4 3196 8 3210 .
129 3149 321 3214 renovationis
344 3148 486 3210 Ecclesiae
509 3144 686 3227 concipiunt,
708 3143 758 3206 sed
780 3090 824 3206 iila
843 3147 969 3229 cognitio
988 3169 1054 3208 mox
1073 3149 1104 3209 in
1122 3149 1257 3234 figmenta

114 3229 149 3290 .d
186 3238 298 3301 encrat,
327 3244 399 3308 quae
425 3223 483 3286 vim
507 3223 589 3304 regni
612 3222 671 3282 eius
689 3217 736 3283 rel
752 3235 919 3304 pervertunt
936 3223 982 3285 vel
1000 3225 1160 3288 obscurant
1199 3231 1257 3291 Sed

130 3325 160 3366 nr
181 3303 204 3368 'l
217 3301 362 3366 abstemius
381 3313 432 3377 est,
450 3321 534 3380 quam
552 3298 627 3380 quod
645 3297 698 3358 illis
716 3309 762 3358 tot
783 3299 954 3360 monitiones
972 3301 1033 3362 sine
1050 3301 1180 3384 prosectu
1195 3329 1258 3369 me-

130 3379 221 3442 moria
239 3378 408 3441 exciderant.
437 3379 551 3456 ¹Brutus
570 3386 648 3436 certe
666 3373 712 3435 hic
730 3385 830 3456 stupor
849 3375 917 3450 snit,
939 3399 1026 3457 quum
1044 3398 1137 3461 nuper
1155 3382 1258 3446 diserte

129 3469 248 3520 testatus
280 3466 353 3518 esset
379 3453 523 3528 Christus,
549 3451 678 3514 acerbam
702 3463 732 3512 et
753 3451 969 3536 ignominiosam
992 3466 1121 3518 mortem·
1137 3459 1190 3521 sihi
1211 3461 1258 3520 in·

130 3546 215 3625 stare,
232 3552 295 3612 non¹
308 3532 394 3594 modo
413 3531 488 3613 ipsos
507 3549 621 3593 manere
639 3549 764 3604 securos,
782 3529 832 3591 sed
850 3550 1003 3611 properare
1017 3531 1096 3594 velut
1109 3536 1258 3600 adlectum

106 3607 384 3746 nurumppummmo
407 3685 529 3763 quidam
550 3683 657 3764 genere
678 3679 788 3772 clarus.
827 3683 985 3746 Matthaeus
1008 3663 1258 3770 hahc'paraholam

6 3751 18 3806 i
132 3757 192 3820 aliis
214 3759 357 3820 interserit
380 3761 513 3844 neglecto
536 3770 697 3840 temporum
721 3758 830 3818 arone.
886 3759 945 3820 Sed
991 3763 1036 3823 uia
1059 3763 1115 3824 hoc
1138 3764 1195 3822 suit·
1217 3761 1259 3822 illi

53 3878 57 3886 x
133 3833 316 3896 consiliarus
338 3836 428 3916 capite
446 3835 580 3898 vicesimo
599 3835 733 3909 secundo,
756 3834 785 3894 in
802 3855 932 3899 acervum
952 3783 1085 3920 cohligere
1100 3853 1258 3919 postremos

133 3909 240 3974 Christi
257 3930 388 3972 sermone
430 3933 490 3972 non
508 3923 552 3972 est
571 3933 622 3972 cur
639 3909 718 3972 valde
737 3909 866 3972 laborent
882 3912 1013 3990 lectores,
1061 3914 1258 3994 isnamprirno,

132 3986 180 4050 vel
205 3986 343 4076 secundo,
365 3933 411 4048 vd
434 3987 519 4048 tertio
547 3987 593 4048 die
616 3988 691 4048 intra
713 3985 801 4048 breve
824 3988 891 4050 illud
908 3935 1145 4072 tempushhbitus
1164 3989 1258 4076 luerit.

131 4065 194 4127 Iam
217 4063 282 4143 qmd
301 4061 378 4123 inter
397 4083 428 4124 se
443 4060 580 4125 dillerant
598 4063 755 4125 Matthaeus
776 4074 805 4124 et
822 4065 927 4142 Lucas,
949 4077 1050 4126 notare
1069 4085 1172 4145 operae
1191 4089 1259 4147 pre-

122 4143 205 4208 ,tium
224 4150 279 4202 esta
302 4159 368 4214 narn
387 4155 473 4220 quum
491 4136 546 4211 ille¹
558 4141 714 4202 membrum
732 4160 820 4201 unum
838 4143 970 4202 duntaxat
988 4141 1119 4223 attingat,
1141 4139 1187 4202 hic
1204 4163 1260 4223 po-

133 4217 237 4280 sterior
265 4216 322 4278 duo
349 4213 556 4298 complectitur.
612 4216 774 4278 Membrum
797 4216 852 4278 hoc
876 4217 1013 4276 ambobus
1036 4237 1185 4278 commune
1209 4231 1261 4293 est,
1306 4271 1309 4306 Ι

134 4294 278 4358 Christum
300 4291 505 4366 similemesse
524 4289 633 4356 homini
654 4292 788 4372 principi,
817 4293 865 4370 qui
887 4291 969 4370 regni
994 4289 1155 4369 acquirendi
1179 4315 1263 4355 causa

9 4433 16 4448 .
133 4369 247 4454 longam
270 4369 476 4452 expeditionem
499 4367 663 4450 suscipiens,
689 4365 837 4447 pecuniam
859 4383 938 4426 suam
959 4365 1047 4428 serris
1064 4365 1261 4430 administrau-
