2790 4764
327 201 407 282 (132.
445 200 526 264 lesus
545 209 670 264 mortun
687 219 765 262 suern
781 199 968 284 praedicens.)
1155 204 1213 268 111

37 343 44 387 s
91 346 166 416 liunt
185 349 323 421 Morinis
341 353 439 422 multa
459 355 534 442 pati,
556 361 588 421 et
607 351 777 442 reprobari
795 377 814 422 a
836 319 1044 435 Senioribus:
1064 355 1213 424 sulnmis·

91 475 154 540 que
175 453 399 524 Sacerdotibus
423 477 460 525 ac
483 449 622 538 Scribis,
645 467 677 524 et
701 457 819 538 occidi,
839 467 962 548 etpost
982 469 1048 526 tres
1070 455 1139 526 dies
1159 481 1212 526 re-

90 575 226 642 surgere.
266 560 316 626 32.
338 557 380 626 Et
400 569 507 648 aperte
528 581 706 629 sermonem
728 559 932 649 loquebatur,
954 572 985 630 et
999 561 1211 650 apprehendit
1265 635 1270 649 J

90 657 179 724 illum
204 660 323 742 Petrus,
346 665 513 751 coepitque
534 665 704 752 increpare
727 685 809 730 eum.
853 663 906 732 33.
931 667 975 731 At
997 665 1053 731 ille
1075 683 1211 734 conver-

91 781 176 840 sus‚.
192 773 221 830 et
244 767 373 832 intuitus
400 763 578 854 discipulos
595 785 697 848 suos,
730 769 907 855 increpavit
932 769 1060 860 Petrum
1089 767 1211 848 dicens,

88 861 152 930 Abi
163 865 240 952 'post
258 889 316 948 me,
340 869 469 949 satane,
489 863 564 956 quid
584 889 653 936 non
675 872 770 956 sapis,
791 893 874 958 quae
886 871 951 938 Dei
963 881 1045 950 sunt,
1056 869 1115 938 sed
1124 893 1210 960 quae
1373 935 1374 968 p

87 977 160 1032 sunt
184 967 352 1038 bominum.
401 971 455 1037 34.
492 971 536 1036 Et
562 993 659 1056 quum
685 972 727 1038 ad
754 993 790 1040 se
817 982 965 1038 vocasset
990 971 1116 1038 turbam
1144 993 1211 1040 rma
1255 1053 1262 1066 Β
1373 971 1374 984 ’

86 1089 154 1134 cunr
175 1069 336 1160 discipulis
359 1075 435 1155 suis,
458 1072 537 1138 dixit
557 1072 634 1148 illis,
657 1073 852 1165 Quicunque
873 1073 941 1140 vult
961 1093 1014 1138 ms
1030 1074 1131 1160 sequi,
1152 1075 1210 1142 ab·
1263 1090 1268 1101 ’
1373 1075 1374 1102 ¹

84 1182 171 1260 neget
193 1181 429 1266 semetipsunr,‘
446 1185 492 1242 -et
514 1175 607 1244 tollat
634 1197 760 1240 crucem
786 1197 892 1256 suam,
923 1184 954 1242 et
975 1184 1128 1262 sequatur
1148 1197 1211 1246 me.

83 1271 133 1340 35.
164 1277 246 1344 Nam
278 1279 434 1370 quisquis
461 1277 604 1344 voluerit
634 1279 771 1345 animam
803 1265 893 1344 sudm
920 1299 1065 1357 servare,
1097 1278 1212 1366 perdet

83 1397 162 1443 eam:
190 1382 342 1468 quisquis
365 1389 469 1446 autern
491 1379 669 1468 per‘diderit
690 1381 827 1445 animam
849 1403 938 1448 suam
960 1403 1031 1448 mea
1053 1389 1086 1446 et
1103 1379 1212 1448 Evan-

83 1479 152 1566 gelii
173 1505 288 1574 causa,
316 1483 369 1548 lric
389 1479 529 1550 servabit
550 1505 628 1550 eam.
671 1479 724 1550 36.
753 1481 845 1568 Quid
867 1485 951 1550 enim
972 1483 1131 1574 profuerit
1149 1482 1241 1550 bow
1373 1543 1374 1560 g

81 1584 167 1664 mini,
198 1589 228 1650 si
255 1585 400 1686 lucratus
428 1585 523 1652 luerit
549 1595 650 1653 totum
672 1583 839 1666 mundum,
865 1597 897 1652 et
918 1587 1042 1654 animae
1065 1607 1142 1652 suae
1163 1590 1212 1653 ia·
1256 1662 1264 1672 ,-
1373 1595 1374 1612 ’

83 1695 197 1752 cturam
224 1687 356 1774 fecerit?
403 1687 555 1754 37.1Aur
578 1685 656 1776 quid
677 1685 808 1756 daturus
832 1699 880 1754 est
901 1689 999 1756 horno
1021 1711 1212 1778 compensa·

81 1791 174 1856 tionis
200 1813 263 1880 pro
287 1789 501 1861 animasual'
530 1789 583 1858 38.
611 1791 846 1878 Quemcunque
868 1793 951 1856 enim
974 1791 1126 1880 puduerit
1145 1795 1212 1879 mei

82 1911 121 1961 ac
137 1914 284 1960 meorum
307 1913 489 1961 sermonum
511 1897 549 1959 in'
570 1898 775 1982 generatione
795 1894 856 1960 bac
877 1894 1024 1960 adultera
1047 1905 1079 1962 et
1098 1916 1212 1984 pecca·

80 1997 168 2076 trice,
188 1995 327 2086 pudebit
347 1997 439 2064 illius¹
456 2009 488 2064 et
509 1995 626 2066 Filium
647 1997 800 2075 hominis,
828 1995 883 2064 ubi
907 1999 1030 2064 venerit
1050 2001 1084 2092 in
1106 1999 1212 2086 gloria

80 2095 180 2164 Patris
208 2104 259 2172 sui
287 2123 359 2166 curn
384 2099 520 2188 Angelis
549 2101 689 2188 sanctim
760 2101 813 2164 lX.
857 2101 887 2164 1.
921 2098 964 2164 Et
985 2099 1114 2165 dicebat
1134 2100 1211 2178 illis,-

79 2199 181 2268 Amen
203 2201 278 2268 dieo
299 2202 408 2282 vobis,
431 2211 507 2269 sunt
528 2201 656 2288 quidam
678 2203 762 2268 inter
785 2221 860 2275 eos,
882 2203 939 2286 qui
952 2201 1014 2266 bio
1037 2211 1133 2278 stant,
1155 2203 1214 2288 qni

79 2317 145 2402 non
171 2305 346 2392 gustabunt
371 2313 521 2384 mortem,
556 2303 661 2370 donec
686 2302 827 2368 viderint
847 2321 981 2387 regnum
1001 2301 1066 2366 net
1086 2291 1214 2368 venisse

79 2425 150 2472 curn
171 2410 305 2474 virtuter
1065 2411 1068 2416 ’

89 2601 92 2609 “
163 2597 276 2669 LUC.
290 2592 348 2664 lx.
399 2597 451 2665 21.
484 2597 527 2664 At
554 2595 609 2664 ille
634 2585 842 2683 comminatus
872 2593 1137 2690 illis'praecepit,
1169 2623 1212 2670 ne

75 2705 133 2770 cui
154 2700 301 2769 dicerent
320 2701 390 2784 lroc7
428 2703 480 2768 22.
500 2703 633 2781 Dicens,
655 2701 795 2789 Oportet
815 2701 1091 2770 Filiumborninis
1112 2704 1212 2772 multa

76 2809 151 2893 pati,
175 2816 208 2872 et
229 2793 397 2894 reprobari
419 2827 443 2886 a
460 2804 659 2885 Senioribus,
679 2801 714 2871 'et
734 2803 935 2892 principibus
953 2806 1163 2876 sacerdotnm
1180 2817 1213 2876 et

79 2905 221 2994 Scribisg
235 2917 266 2973 et
288 2906 401 2986 occidi,
424 2918 455 2974 et
475 2907 566 2978 tertia
590 2908 641 2974 die
662 2929 839 2994 resurgere.
881 2904 941 3012 ²3⁸·
954 2887 1229 2978 Dicebst‘autem·

20 3065 21 3072 ,
78 3009 117 3078 ad
140 3033 262 3090 ornnes,
286 3011 320 3078 st
342 3009 418 3098 quis
436 3012 505 3079 vult
525 3021 600 3100 post
621 3013 816 3090 mevenire,
839 3008 974 3098 abneget
995 3016 1212 3104 semetipsum,

20 3135 24 3204 v
78 3123 109 3180 et
134 3114 230 3180 tollat
255 3135 383 3180 crucem
412 3103 511 3180 suam*
528 3113 688 3202 quotidie,
721 3123 754 3180 et
778 3125 932 3201 sequatur
959 3134 1019 3180 me.
1061 3115 1115 3182 st.
1144 3115 1211 3202 Qui

20 3255 21 3292 ;
79 3217 160 3282 enirn
181 3215 322 3284 voluerit
345 3219 478 3298 animam
501 3239 591 3284 suam
606 3237 757 3312 servare,
785 3213 1020 3303 perdet'illamr
1052 3220 1211 3305 quivero

20 3299 21 3382 l
49 3361 51 3368 ·
78 3317 256 3406 perdiderit
277 3321 417 3407 animem.
435 3341 524 3386 suam
545 3330 678 3408 propter
698 3339 762 3398 ane,
787 3319 840 3384 bic
868 3316 1009 3384 servabit
1030 3341 1109 3386 enm.
1156 3317 1210 3390 26.
1264 3363 1266 3368 1

79 3423 169 3509 Quid
191 3425 278 3494 enim
295 3421 426 3510 prolicit
446 3424 553 3502 horno,
574 3424 603 3488 si
623 3431 725 3494 toturn
747 3420 901 3514 mundum
924 3420 1074 3505 lucratus,
1096 3447 1132 3492 se
1153 3449 1210 3520 ap-

79 3534 141 3592 tent
163 3524 311 3614 perdito,
333 3527 486 3592 iacturam
508 3526 675 3612 suiipsius
695 3525 804 3592 saciat?
869 3525 898 3588 6.
920 3525 1004 3591 Nam
1028 3550 1125 3614 quern
1147 3532 1210 3596 mei

78 3649 114 3692 ac
134 3647 319 3722 sermonum
341 3646 487 3694 meorum
507 3614 670 3716 puduerit,
691 3626 786 3692 buius
809 3649 826 3691 e
879 3627 967 3692 ilium
989 3629 1128 3696 bominis
1150 3653 1210 3718 pu·

78 3724 174 3809 debit,
198 3751 296 3819 quum
321 3733 446 3796 venerit
466 3733 502 3796 in
522 3732 684 3796 maiestate
706 3732 764 3794 sn'a
782 3740 814 3796 et
826 3728 938 3810 Patris,
961 3744 1209 3816 sanctorumque

77 3833 285 3920 Angelorum.
330 3831 385 3899 27.
418 3833 504 3898 Dico
532 3843 637 3900 autem
664 3831 772 3912 vobis,
801 3854 876 3898 vere
901 3845 976 3900 sunt
1002 3835 1132 3928 qnidam
1155 3833 1210 3934 hic

75 3945 212 4017 stantes,
243 3936 300 4022 qui
327 3943 396 4000 non
421 3935 596 4024 gustabunt
620 3944 771 4018 mortem,
798 3935 904 4002 donec
924 3936 1055 4004 videant
1074 3952 1224 4030 regnum,

76 4035 154 4107 Dei.
199 4143 202 4146 Ι
281 4093 296 4142 '.

112 4213 117 4224 ’
154 4197 240 4306 Edito
258 4229 370 4294 loturae
387 4247 455 4294 snae
470 4224 579 4314 gloriae
595 4221 750 4312 'specimine
762 4219 1035 4292 admonett'lhristne
1047 4213 1208 4304 discipulos,
1225 4279 1234 4298 ,

75 4306 148 4390 quid
164 4309 218 4374 sibi
236 4308 398 4391 patiendum
416 4309 462 4386 sit,
480 4319 514 4373 ut
530 4305 584 4388 ipsi
602 4324 717 4387 quoque
734 4307 769 4366 nd
787 4301 1063 4380 redemptricem
1081 4317 1114 4358 se
1126 4317 1208 4360 cons·
