2804 4762
154 213 211 280 186
374 194 380 257 '.
422 213 530 280 SECP.
550 215 631 276 xvi
669 231 745 276 rrae
763 229 798 276 ru
816 195 1006 280 diosmis

153 361 253 446 vaput
277 363 423 430 tomam
441 364 591 437 orons,
616 334 753 444 aquea
775 363 934 454 petuma
958 317 1083 458 ιὀμιῃῃ.
1126 367 1185 430 sea
1208 367 1274 430 ntur

153 439 256 500 mirum
278 437 302 499 ai
323 439 378 501 boc
398 440 506 500 bonore
526 439 672 522 dignetur,
697 461 781 520 quem
799 462 854 501 ram
873 443 986 504 occulto
1006 446 1125 526 Spiritus
1144 455 1223 504 motu
1240 446 1276 506 ad
1393 445 1394 500 l

153 535 188 597 sc·
202 513 298 574 traxit:
322 516 386 594 quia
404 515 585 596 praestantius
605 515 659 575 iuit
676 515 797 590 donum,
815 515 846 574 in
865 518 925 578 eius
945 521 1032 581 corde
1051 519 1175 581 habitare
1193 542 1275 600 quarn

152 593 269 652 domum
289 589 408 672 ingredi.
452 591 513 651 llac
535 602 631 652 autem
655 610 728 651 voce
745 601 862 652 testatus
882 604 939 666 est,
963 615 994 655 se
1013 597 1117 657 frustra
1135 618 1194 656 nun
1212 617 1276 656 uam

63 732 66 746 ¹
153 666 248 748 quaeri
275 665 309 725 ab
337 665 510 741 bominibus,
542 666 591 746 qui
613 666 723 726 sincere
750 687 814 728 eum
838 687 1017 750 cognoscere
1040 673 1167 753 cupiunt
1231 695 1276 732 arn
1393 705 1394 716 κ

152 743 239 824 longe
258 739 321 832 plur
340 763 422 822 quam
444 754 602 834 speraverat
617 741 757 804 Zachaeus
775 743 890 833 adeptus
911 755 961 804 est
999 747 1093 808 Porro
1112 750 1188 829 quod
1200 761 1276 810 tauta

151 817 964 970 *³⁰¹2cuttethaatttmettteat
982 821 1275 962 tltht‘t‘ltt

150 913 299 1036 paulpptgavis
318 983 349 1036 ct
365 971 492 1064 (bractio.
530 917 603 1033 Nih
618 971 761 1064 etsipura
779 917 1278 1064 fide-nondumpimliutusurcrffluii

150 1055 245 1109 {amen
264 1049 333 1110 haec
352 1047 477 1110 docilitas
496 1061 525 1110 et
544 1047 704 1112 obedientia
722 1048 787 1124 fidei
805 1071 979 1142 princtpprpn.
1201 1069 1202 1074 ¹

226 1127 255 1190 ‘l-
314 1148 441 1206 reumque
458 1127 600 1188 uiderent.
635 1129 812 1187 blurmurant
828 1128 924 1207 oppida
944 1124 1059 1216 speciae,
1079 1135 1108 1186 et
1127 1126 1204 1189 forte
1224 1129 1278 1188 ali-
1394 1180 1395 1184 ,

150 1200 200 1283 qui
223 1223 257 1264 ex
305 1203 384 1266 bristi
402 1201 569 1284 comitibus,
593 1205 669 1285 quod
687 1203 722 1264 ad
740 1203 883 1266 homiuem
900 1201 965 1264 mdc
987 1215 1016 1264 et
1032 1202 1162 1284 probrosi
1179 1205 1277 1264 nouri-

150 1273 194 1340 ists
213 1279 350 1372 ditermc·
360 1302 446 1374 quum
465 1293 558 1342 umen
578 1302 662 1340 nemo
684 1280 774 1374 ipsum
792 1279 961 1342 invitaverit.
988 1279 1032 1338 Ita
1047 1278 1173 1353 mundus,
1188 1299 1276 1358 quum
1339 1363 1344 1372 Ι
1394 1275 1395 1322 Ῠ

150 1357 305 1494 εἱρΐεῐῑξίι
327 1355 394 1494 sgberd
407 1356 461 1492 Dii
485 1356 760 1447 gratiam'neghgat,
782 1355 981 1494 samsadplios
999 1354 1275 1492 ‘mussi‘iibffise

150 1453 169 1492 o
190 1453 276 1494 srer
411 1455 430 1492 v
459 1451 553 1492 samm
645 1455 817 1493 ruminum
850 1455 910 1494 uerr
940 1453 1076 1492 murmur.
1162 1454 1174 1491 s
1245 1451 1275 1488 m

150 1527 211 1580 csse
233 1454 346 1588 piataut,
374 1509 451 1587 quod
473 1453 806 1570 homiieiiasccteritum
829 1495 962 1592 dignetur
981 1508 1107 1574 Christus
1125 1519 1204 1568 tanto
1222 1507 1276 1566 bo-

148 1605 230 1644 nore.
269 1585 406 1644 Peccator
430 1583 505 1644 enim
529 1584 588 1658 hic,
612 1595 644 1641 ut
662 1581 791 1664 pluribus
809 1583 867 1654 aliis
886 1585 970 1660 locis,
989 1607 1087 1648 nonv
1137 1584 1177 1644 ari
1194 1604 1279 1644 sensu

149 1659 266 1748 capitur,
286 1659 334 1720 red
352 1657 497 1720 bominem
518 1659 605 1750 turpis
624 1680 657 1718 ac
676 1659 831 1742 flagitiosae
852 1659 926 1736 vitae
944 1661 1079 1744 designat.
1138 1678 1215 1750 ⁰¹¹¹.¹¹.⁸
1235 1671 1278 1751 ta-

148 1734 920 1899 ettthttaaeaatsautaeta
937 1747 1007 1900 tet
1025 1735 1278 1890 uersat:

147 1898 194 1946 tus
216 1885 364 1976 magnifice
381 1885 461 1945 Deus
479 1885 602 1946 nominis
622 1906 665 1944 sm
683 1882 801 1966 gloriam
819 1882 975 1960 illustrans,
997 1907 1034 1943 rm
1056 1881 1155 1946 robam
1175 1905 1280 1948 eorum

147 1961 310 2025 c'aluinnrant
330 1960 467 2022 refutat·
492 1959 561 2022 Fuit
579 1959 657 2020 enirn
676 1959 835 2021 admirabile
852 1960 909 2021 Dei
929 1979 1000 2040 opus
1044 1959 1138 2020 achaei
1155 1981 1278 2023 conver·
1297 2009 1304 2022 .

146 2037 204 2100 tior
225 2055 295 2098 hec
318 2049 411 2098 umen
437 2037 510 2098 iusta
531 2036 604 2098 ratio
630 2047 703 2111 erat,
730 2057 782 2096 cur
806 2037 963 2100 Zachacum
981 2035 1112 2102 infamiae
1131 2050 1276 2101 notarent.

13 2155 17 2162 .
114 2113 336 2199 ‚Vectigatiun
352 2113 451 2184 aedem
472 2125 519 2174 tor
538 2124 610 2174 erat:
703 2112 877 2195 ‘vectigalia
897 2112 1030 2196 colligere
1047 2135 1100 2196 per
1119 2134 1150 2174 se
1169 2113 1277 2193 nullutn

147 2189 310 2281 estscclus,
331 2135 472 2271 sed'apul
488 2188 608 2280 Iudaeos
627 2124 711 2249 iiiii
719 2187 765 2250 ille
782 2189 847 2250 ideo
866 2189 979 2250 insania
998 2201 1032 2280 et·
1047 2189 1113 2250 odio
1132 2189 1276 2273 flagrabat,

147 2267 224 2348 quod
245 2267 316 2336 nihil
333 2267 426 2350 'magis
445 2267 591 2350 indignum
610 2265 747 2348 putabant
765 2286 848 2357 quam
866 2285 897 2327 se
917 2285 977 2326 esse
996 2265 1169 2328 tributarios.
1217 2267 1274 2328 sed

43 2373 49 2386 ι
168 2344 346 2425 ualiscuuque
374 2354 448 2406 asset
471 2341 625 2417 Zachaeus,
656 2341 802 2404 laudabilis.
825 2353 934 2418 tamen,
967 2363 1027 2406 non
1046 2341 1193 2424 culpanda
1222 2343 1277 2404 suit
1330 2337 1337 2342 ’
1395 2411 1396 2416 1

146 2367 256 2482 {bristi
276 2420 444 2495 humanitas,
468 2419 545 2499 quod
563 2418 668 2480 misero
688 2418 796 2480 homiui
818 2441 901 2508 opem
920 2439 996 2494 suam
1015 2439 1075 2480 nou
1094 2419 1220 2500 negavit,
1242 2429 1273 2478 ut

146 2497 182 2558 ab
202 2497 288 2562 exitio
308 2519 373 2559 eum
391 2497 422 2556 in
440 2497 557 2558 satutem
575 2495 733 2557 adduceret.
764 2495 864 2575 Itaque
883 2516 947 2556 eum
966 2515 1030 2556 non
1046 2496 1184 2556 deterruit
1211 2515 1274 2556 rava

7 2627 9 2634 ,
42 2591 54 2642 J
146 2573 285 2662 offensio,
308 2573 376 2655 quin
398 2573 434 2637 ad
448 2573 666 2654 obsequendum
683 2571 776 2642 Patris
793 2573 952 2634 mandatum
976 2584 1119 2663 pergeret.
1207 2584 1274 2652 tque

145 2649 199 2708 bac
223 2647 309 2708 animi
334 2669 378 2706 ma
422 2647 527 2708 'tudine
551 2650 692 2728 praeditos
710 2668 774 2709 esse
792 2661 910 2728 oportet
922 2665 1027 2710 omncs
1045 2669 1104 2710 erus
1123 2648 1275 2721 ministros,

145 2735 179 2790 ut
196 2721 290 2802 plures
313 2722 350 2783 sit
368 2667 428 2793 iiii¹

145 2798 266 2866 sitorum
286 2817 457 2876 sermones„
480 2819 513 2860 ac
556 2799 679 2875 roinde,
697 2799 764 2864 licet
787 2799 860 2862 sacta
883 2821 933 2862 rua
957 2745 1090 2879 liciaque
1109 2819 1203 2884 omnia
1227 2820 1274 2860 ca-

145 2873 258 2938 lumniis
278 2893 294 2934 e
323 2891 339 2932 e
357 2872 480 2934 obnoxia
498 2820 619 2950 sileant,
639 2897 701 2936 non
719 2886 814 2944 umen
832 2876 966 2940 desistant
984 2876 1019 2938 ab
1037 2873 1138 2965 officio.

221 2955 250 3017 8,
315 2959 385 3008 taus
403 2959 505 3010 autem
523 2951 691 3014 Zachaeus.
728 2951 775 3014 Ab
796 2951 852 3014 boc
869 2953 947 3015 exitu
965 2953 1025 3016 heri
1042 2949 1274 3016 redanimatus..

101 3051 106 3056 ·
145 3025 197 3090 bat
212 3027 249 3090 de
269 3023 375 3089 Christi
393 3023 479 3100 facto,
497 3027 547 3096 sed
565 3027 604 3088 ita
621 3049 688 3108 prae
709 3041 804 3098 ostere
822 3028 955 3090 festinant
974 3026 1108 3100 homines,
1127 3038 1160 3086 ut
1177 3024 1273 3088 locum

144 3105 211 3166 Deo
230 3103 338 3166 nullum
359 3101 527 3180 relinquant.
563 3103 657 3168 Porro
701 3104 796 3166 achaei
814 3105 964 3168 conversio
983 3126 999 3166 a
1018 3102 1155 3170 fructibus
1174 3113 1203 3163 et
1223 3121 1274 3162 ex-

145 3179 234 3242 ternis
257 3179 345 3263 signis
368 3177 546 3241 describiturt
575 3181 639 3260 quia
658 3181 803 3262 probabile
821 3193 894 3257 erat,
913 3201 979 3242 eum
1000 3201 1062 3248 suas
1081 3201 1150 3261 opes
1168 3176 1274 3240 molto·
1302 3233 1304 3238 .

145 3275 210 3328 rum
228 3253 469 3350 damnopaurisse,
485 3254 508 3316 si
528 3275 613 3335 quem
632 3256 809 3338 fraudaverit,
828 3256 1013 3339 quadruplum
1025 3255 1152 3326 ‚redderc'
1163 3267 1276 3336 paratus

147 3340 201 3401 est:
216 3342 376 3411 ‚praetcrea
402 3330 545 3398 dimidiam
562 3332 706 3424 bonorum
724 3355 840 3409 suorum
858 3329 1161 3426 partempauperibu't'
1174 3351 1276 3422 conse-

440 2723 550 2794 anintae
569 2724 652 2789 unius
671 2722 743 2786 salus
761 2745 845 2806 quem
863 2725 960 2787 obstre
981 2723 1022 2784 eri
1040 2723 1166 2784 omnium
1180 2724 1275 2814 'impc-¹

146 3415 216 3478 crat.
254 3405 356 3476 Posset
374 3405 488 3487 quidem
507 3429 556 3469 sua
574 3411 670 3470 omnia
686 3433 719 3470 su
737 3431 874 3494 pauperes
956 3431 1031 3491 pram
1050 3429 1100 3472 cro
1121 3428 1177 3478 arc,
1197 3429 1276 3472 curus

145 3493 243 3570 tamen
266 3479 416 3549 liberalitas
439 3482 518 3548 nihili
542 3497 616 3550 essct
635 3507 730 3550 coram
749 3487 829 3555 Deo:
862 3508 893 3548 se
930 3483 1059 3566 quamuis,
1072 3430 1147 3554 usila
1167 3484 1212 3546 hic
1231 3483 1277 3544 in-

145 3569 258 3622 terioris
302 3557 478 3627 oscitantiae.
497 3559 544 3622 fiat
561 3563 682 3638 mentio,
707 3564 798 3634 Lucas
817 3574 912 3628 umen
930 3561 1075 3658 iutelligit,
1095 3579 1130 3622 cx
1148 3561 1211 3627 viva
1231 3559 1277 3624 illa

145 3631 238 3701 radice
257 3577 394 3713 prhdiisse
413 3634 491 3716 ρίωιι
510 3637 644 3714 studium,
670 3640 746 3731 quod
764 3639 794 3702 iu
813 3641 940 3704 Zachaco
959 3637 1147 3706 commendat.
1178 3635 1275 3726 ‚Sicuti

145 3707 248 3778 Paulas
270 3708 391 3790 (Ephes.
410 3717 445 3788 d,
463 3713 530 3790 28.)
556 3713 592 3776 de
610 3717 787 3796 poenitentia
805 3716 942 3781 discerem
968 3716 1003 3782 ad
1023 3715 1090 3776 hacc
1109 3712 1203 3778 offina
1221 3733 1275 3776 not

146 3787 290 3870 hortatus,
310 3807 345 3846 ex
367 3787 466 3867 quibtu
486 3789 575 3852 intelli
596 3805 644 3852 ant
660 3793 804 3867 homiues,
823 3813 877 3854 nos
895 3792 926 3854 in
945 3791 1044 3855 melius
1063 3809 1125 3852 esse
1143 3800 1274 3852 mutatos.

147 3862 206 3937 Qui
226 3863 384 3940 iurabatur,
409 3864 464 3936 iarn
484 3813 683 3936 sortiretur:
713 3890 757 3935 rna
780 3868 804 3930 is
820 3879 913 3934 autem
935 3867 1061 3932 manibus
1081 3857 1273 3936 auis⁸lab0rct¹

145 3952 178 3998 ut
200 3939 348 4000 subveniat
370 3943 540 4028 pauperibus
564 3956 593 4010 et
616 3943 720 4026 egenis,
757 3889 843 4028 iirgo
866 3966 883 4004 a
907 3946 993 4009 corde
1011 3941 1203 4022 incipiendum
1222 3952 1274 4013 est,

146 4014 195 4074 sed
218 4016 351 4112 operibus
376 4019 503 4084 testanda
526 4019 606 4080 simul
631 4031 673 4079 est
696 4031 794 4084 nostra
815 4021 1018 4101 resipiscentia.
1061 4021 1200 4080 Notcutut
1223 4037 1271 4104 ιιι-ι

96 4125 97 4128 ¹
147 4101 217 4162 tem,
243 4092 398 4160 Lechaeum
421 4093 537 4163 minime
560 4117 594 4159 ex
618 4095 673 4158 suis
692 4117 723 4161 ra
744 4095 794 4158 inis
814 4099 943 4177 praedam
961 4099 1026 4160 Deo
1046 4093 1168 4168 offerre,
1192 4092 1273 4154 sicuti

146 4163 226 4252 multi
244 4167 344 4232 divites
364 4192 398 4232 ex
417 4171 472 4232 suis
492 4169 574 4234 turcis
593 4182 700 4249 partem
721 4117 785 4250 lieo
804 4174 960 4256 assignant,
981 4193 1041 4256 quo
1061 4171 1167 4233 maiore
1186 4168 1273 4230 dces-

146 4246 185 4292 tra
208 4236 237 4294 rh
262 4256 408 4329 posterum
431 4245 615 4326 praedentur,
642 4259 727 4323 atque
743 4257 776 4306 ut
794 4249 911 4329 impune
929 4249 980 4310 illis
999 4249 1101 4309 cedant
1121 4243 1275 4328 superioris

147 4319 283 4386 temporo
299 4317 426 4383 iniuriae.
464 4321 552 4400 Atqui
571 4320 711 4390 Zachaeus
728 4322 769 4386 ita
787 4324 853 4388 Deo
871 4322 1163 4412 sterilitat„dimidiam
1178 4322 1278 4386 bonu·
