2790 4764
59 291 72 358 ἰ

321 195 505 275 (tot-153.
543 193 591 254 Dc
611 189 742 254 facilitate
760 190 792 254 in
809 191 1014 276 prolitentes.)
1165 197 1233 260 vlll

190 345 287 416 LUC.
300 349 400 416 XVll.
432 347 463 412 2.
485 317 605 414 caveto
619 329 730 416 vobit.
761 345 793 412 3.
814 345 852 414 Si
865 350 1044 435 peccaverit
1063 347 1098 414 in
1121 356 1151 416 le
1171 348 1235 442 fra-

108 460 271 618 qeurnguppi,
296 453 424 584 increpa
439 448 550 566 ⁸illum:
582 458 614 518 et
639 451 667 516 si
692 453 888 539 poenitentia
916 460 1019 519 tactus
1045 450 1154 534 luerit,
1181 473 1233 520 re-

185 730 279 794 Mattb.
300 733 345 796 lbi
386 722 424 793 Si
441 753 509 792 urvo
526 731 694 810 peccauerit
706 730 812 806 frater
831 742 911 795 tuus.
958 733 1034 810 Quia
1053 731 1088 796 de
1107 732 1231 796 serendis

108 803 224 868 fratrum
240 807 442 870 infirmitatibus
462 809 648 870 concionatus
667 804 767 882 fuerat,
786 829 863 870 nunc
882 812 1027 890 quomodo
1047 820 1076 870 et
1097 811 1128 872 in
1147 831 1232 904 quem

36 925 40 928 -
109 881 205 958 finem,
234 893 261 946 et
287 897 423 965 quatenus
453 883 587 945 ferendae
614 881 683 957 sint,
713 881 812 946 clarius
841 885 974 946 ostendit.
1026 885 1100 946 Nam
1127 885 1231 968 alioqui

108 971 263 1052 promptum
280 960 379 1022 fuisset
397 959 533 1032 obiiceie,
553 979 615 1020 non
632 979 716 1038 posse
734 958 815 1020 aliter
833 959 926 1022 caveri
945 959 1128 1030 offensiones,
1147 985 1231 1042 quam

108 1034 132 1094 si
150 1055 258 1117 qunque
279 1037 316 1098 ad
339 1036 459 1098 aliorum
478 1035 545 1097 vitia
564 1034 728 1107 conniveat‚
751 1046 780 1095 et
801 1033 842 1096 sic
865 1033 968 1099 malum
990 1034 1164 1116 indulgentia
1185 1035 1232 1098 fo-

108 1124 207 1172 veatur.
244 1113 370 1175 Mediam
388 1119 460 1194 e'rgo
479 1111 620 1171 rationem
640 1108 770 1170 Christus
788 1110 966 1190 praescribit,
991 1131 1063 1192 quae
1081 1133 1135 1172 nec
1154 1113 1233 1172 infir·

105 1207 164 1248 mos
181 1188 261 1252 nimis
284 1188 426 1261 offendat,
450 1198 593 1250 ettamen
611 1196 676 1266 apta
694 1185 731 1246 sit
748 1187 994 1262 sanandiseorum
1014 1185 1129 1248 morbis.
1166 1189 1233 1247 Uti-

103 1261 135 1326 lis
154 1265 279 1328 enimet
301 1264 383 1324 laude
401 1263 487 1356 digna
506 1273 550 1324 est
571 1261 705 1342 severitas
728 1261 763 1322 ad
784 1261 941 1324 mecb'cinae
964 1273 1092 1322 naturam
1115 1283 1233 1344 compo-

102 1339 161 1401 sita.
189 1342 226 1402 In
238 1361 358 1416 summa,
378 1339 515 1402 Christus,
526 1358 592 1400 suos
610 1335 759 1418 discipulos
773 1337 812 1399 ita
826 1335 905 1400 iubet
918 1338 986 1400 alios
1001 1337 1233 1422 attisignoscere,
1265 1345 1280 1362 ‘

101 1427 133 1476 ut
150 1429 247 1478 tamen
263 1413 334 1479 vitia
352 1413 498 1497 corrigere
514 1413 658 1487 studeant,
681 1413 758 1494 quod
780 1415 934 1507 prudenter
954 1415 1106 1478 observare
1126 1436 1233 1478 conve-

102 1493 158 1552 nit:
183 1489 248 1572 quia
271 1489 343 1551 nihil
366 1489 504 1551 difficilius
527 1501 584 1562 est,
607 1511 689 1570 quam
711 1485 870 1552 hominibus
891 1491 1047 1574 parcendo,
1071 1490 1171 1554 liberas
1188 1503 1233 1552 ta-

101 1589 170 1630 men
187 1564 425 1649 reprehensiones
444 1573 510 1628 non'
523 1566 663 1626 omittere.
690 1567 727 1630 In
744 1565 906 1629 alterutram
925 1568 986 1630 fere
1004 1579 1114 1651 partem
1133 1589 1233 1630 omncs

100 1637 253 1719 inclinant,
277 1655 310 1704 ut
327 1651 427 1704 mutuo
444 1663 475 1704 se
494 1640 590 1702 fallant
608 1640 761 1704 mortiferis
779 1641 932 1720 blanditiis,
955 1643 1001 1708 vel
1023 1645 1106 1707 nimis
1129 1645 1233 1708 acriter

100 1719 285 1796 insectentur,
304 1719 404 1799 quibus
421 1718 529 1780 mederi
546 1718 673 1780 decebat
713 1720 841 1782 Christus
855 1733 948 1782 autern
962 1732 1090 1784 mutuum
1105 1743 1232 1784 amorem

76 1829 80 1837 ·
102 1797 283 1858 commendat
298 1795 355 1858 suis
373 1795 521 1877 discipulis,
541 1795 589 1876 qui
605 1795 706 1878 promul
723 1797 760 1858 sit
778 1795 813 1858 ab
833 1796 1000 1860 adulatione.
1039 1800 1164 1862 Tantum
1182 1799 1232 1860 ad-

101 1873 274 1934 monitiones
293 1872 488 1934 moderatione
506 1867 623 1934 condire
641 1871 734 1950 iubet,
759 1894 810 1950 ne,
837 1873 867 1938 si
883 1875 966 1936 nimis
988 1874 1095 1958 rigidae
1118 1874 1182 1936 sint¹
1198 1895 1232 1939 ac

102 1947 197 2025 durae,
215 1949 344 2010 infirmos
363 1951 530 2010 exanirnent.
558 1949 633 2010 Tres
651 1963 746 2012 autem
764 1949 904 2012 fraternae
924 1951 1110 2014 correctionis
1130 1951 1232 2036 gradus
1279 2009 1282 2012 .

102 2025 234 2087 distincte
252 2025 346 2108 ponit:
373 2026 479 2107 primus
499 2037 554 2100 est,
580 2037 613 2084 ut
631 2026 759 2106 privatim
782 2041 931 2089 moneatur
949 2029 997 2108 qui
1016 2029 1156 2108 peccarit:
1186 2049 1233 2088 se-

103 2102 211 2162 cundus
229 2113 331 2176 autem,
350 2101 374 2162 si
392 2097 504 2182 aliquod
521 2101 634 2187 signum
653 2103 845 2164 contumaciae
863 2105 981 2178 dederit,
1001 2115 1034 2162 ut
1052 2125 1161 2164 rursum
1182 2104 1233 2164 ad-

102 2189 253 2242 moneatur
272 2174 403 2247 adhibitis
425 2175 557 2240 testibus:
587 2177 688 2237 tertius
708 2189 768 2252 est,
791 2179 815 2238 si
838 2179 907 2238 nibil
930 2179 982 2238 bac
1005 2179 1050 2241 via
1071 2179 1233 2260 profectum

103 2245 203 2330 fuerit,
228 2265 262 2315 ut
284 2255 410 2315 tradatur
452 2253 547 2314 ublico
571 2252 714 2313 Ecclesiae
735 2253 847 2313 iudicio.
886 2253 937 2314 Ille
955 2273 1041 2326 vero,
1066 2275 1149 2334 quem
1168 2253 1234 2330 dixi,

102 2349 206 2412 scopus
225 2341 276 2406 cst,
295 2351 332 2390 ne
351 2275 452 2391 fervidi
469 2327 523 2390 aeli
540 2337 689 2408 praetextu
703 2327 826 2388 violetur
843 2328 950 2388 caritas.
978 2331 1072 2388 Porro
1092 2327 1156 2407 quia
1173 2349 1234 2388 ma-

101 2401 195 2466 iorem
217 2403 365 2480 bominum
388 2417 498 2484 partem
524 2401 652 2482 impellit*
665 2402 795 2478 ambitio,
822 2415 854 2462 ut
878 2399 961 2462 nimis
989 2402 1089 2482 cupide
1115 2403 1235 2464 fratrum

102 2475 206 2541 delicta
224 2479 254 2540 in
272 2480 416 2561 publicum
434 2479 573 2551 maducat,
595 2477 760 2557 tempestive
778 2478 904 2538 occurrit
923 2477 1053 2539 Christus
1071 2477 1138 2540 huic
1154 2479 1234 2556 vitio,

101 2555 199 2638 praeci
219 2553 280 2616 iens
298 2567 331 2614 ut
348 2555 466 2614 fratrum
485 2553 598 2635 probra,
618 2553 800 2644 quantumin
814 2553 902 2616 nobis
922 2565 972 2629 est,
993 2564 1132 2638 tegamus:
1162 2577 1232 2638 quos

103 2631 182 2693 enim
199 2576 320 2692 fratrum
338 2631 458 2691 dedecus
484 2641 513 2690 et
536 2628 648 2690 infamia
666 2629 804 2706 oblectat,
827 2631 893 2692 odio
913 2642 942 2693 et
959 2629 1153 2709 malevolentia
1171 2633 1232 2714 rapi

103 2719 216 2769 certum
235 2717 290 2782 est,
315 2706 392 2798 quia,
417 2707 440 2767 si
459 2705 490 2766 in
508 2705 561 2766 illis
579 2703 691 2789 vigeret
709 2708 819 2782 caritas,
846 2707 963 2768 fratrum
981 2707 1082 2792 pudori
1102 2705 1233 2774 consule-

101 2796 178 2846 rent.
219 2782 374 2859 Quaeritur
392 2794 500 2858 tamen,
524 2804 559 2842 an
582 2784 742 2865 promiscue
764 2784 862 2867 regula
876 2783 953 2854 ,haec
975 2785 1010 2846 ad
1032 2788 1145 2866 quaevis
1163 2809 1233 2868 pec·

103 2874 164 2923 ceta
184 2860 297 2922 extendi
314 2859 424 2922 debeat
463 2861 537 2923 Sunt
560 2860 635 2922 errim
657 2859 804 2942 permulti,
826 2860 873 2942 qui
896 2857 984 2924 nulla's
1006 2863 1156 2926 admittunt
1177 2885 1232 2944 pu-

102 2935 190 3000 blicas
217 2958 360 3012 censuras,
392 2936 484 3004 donec
508 2935 638 3018 privatim
662 2937 821 2998 admonitus
846 2937 931 2999 fuerit
954 2951 1096 3021 peccator.
1143 2937 1233 3017 Atqui

101 3013 251 3076 manifesta
278 3024 321 3086 est
346 3014 376 3074 in
401 3011 510 3076 Christi
536 3012 630 3074 verbis
655 3011 811 3076 restrictio:
843 3035 936 3095 neque
960 3015 1037 3076 enirn
1059 3011 1233 3094 simpliciter,
1292 3015 1295 3022 '

102 3104 133 3154 et
155 3091 217 3152 sine
241 3090 408 3168 exceptione
434 3089 545 3150 moneri
572 3088 619 3150 vel
644 3090 725 3172 argui
752 3111 880 3152 seorsum
909 3102 938 3152 et
962 3089 1022 3151 sine
1045 3101 1119 3150 teste
1144 3090 1231 3183 iubet,

103 3167 265 3250 quicunque
312 3165 484 3242 secaverint,
517 3166 566 3227 sed
591 3165 664 3226 banc
690 3167 764 3226 viam
789 3189 805 3226 a
834 3167 917 3228 nobis
946 3165 1050 3228 tentari
1076 3165 1149 3242 vult,
1184 3167 1233 3228 ubr

102 3243 234 3324 privatim
274 3187 378 3303 ollensi
415 3264 523 3316 sumus,
561 3262 622 3302 non
656 3242 768 3334 quidem
800 3241 831 3301 in
861 3241 979 3324 proprio
1012 3263 1048 3302 ne
1068 3242 1144 3319 otio,
1182 3241 1232 3306 sed

102 3320 167 3402 quia
189 3317 290 3382 dolore
312 3339 366 3380 nos
389 3317 699 3392 vulnerariconvemt,
727 3319 837 3400 quoties
860 3319 1015 3390 offenditur
1065 3341 1123 3383 eus.
1168 3321 1231 3382 Nec

99 3405 172 3458 ‘vero
199 3393 328 3456 Christus
351 3393 397 3456 bic
420 3396 456 3456 de
479 3393 602 3456 ferendis
623 3391 730 3457 iniuriis
753 3391 877 3470 disserit,
902 3396 951 3456 sed
972 3394 1003 3454 iu
1025 3415 1131 3478 genere
1150 3419 1231 3460 man·

102 3471 281 3534 suetudinem
307 3471 346 3532 ita
372 3469 449 3532 inter
477 3491 531 3532 nos
561 3469 707 3532 colendam
721 3473 832 3546 docet,
865 3491 904 3532 ne
924 3471 1054 3564 'asperius
1069 3475 1231 3552 'tractando

101 3549 230 3609 infirmos
252 3547 414 3638 perdamus,
440 3548 488 3628 qui
510 3547 638 3614 servandi
662 3559 753 3608 erant.
800 3549 841 3608 Er
863 3567 887 3606 o'
903 3547 1092 3629 particula-in
1117 3563 1147 3610 te
1170 3572 1230 3610 non
1266 3553 1268 3560 “
1332 3605 1334 3612 s

101 3623 207 3689 illatam
226 3623 307 3684 alicui
325 3623 453 3686 iniuriam
465 3623 611 3716 designat,-
623 3625 672 3684 sed
690 3624 766 3684 inter
784 3567 893 3684 oculta
911 3635 940 3685 et
957 3627 1104 3708 manifesta
1116 3638 1230 3708 peccata

102 3697 259 3782 distinguit.
311 3700 383 3760 Nam
402 3699 425 3760 si
444 3699 505 3780 quis
523 3721 553 3760 ιιι
572 3711 660 3759 totam
679 3700 831 3780 Ecclesiam
850 3703 1022 3790 peccaverit,
1045 3726 1110 3764 curn
1129 3701 1230 3762 Paulus

101 3777 185 3838 iubet
203 3771 315 3854 publice
332 3797 362 3836 ar
404 3775 421 3850 't
439 3787 472 3836 ut
487 3783 527 3838 'ne
546 3775 611 3856 ipsis
629 3775 741 3856 quidem
760 3775 916 3857 senioribus
934 3793 1070 3860 parcatur.
1104 3779 1175 3837 Nam
1195 3776 1230 3834 de

101 3853 145 3914 bis
153 3849 333 3914 .nominatim
352 3796 504 3912 lgiudrotheo
527 3853 565 3927 (l.
580 3843 653 3938 Tim.
673 3855 706 3925 ὁ,
725 3851 787 3930 20.)
801 3853 933 3930 mandat,
954 3869 987 3916 ut
1005 3853 1116 3936 publice
1135 3864 1230 3917 ceram

103 3925 238 3990 omnibus
260 3946 310 3991 eos
332 3928 476 4011 arguendo
501 3948 651 3992 commune
673 3928 731 3988 aliis
756 3933 834 3990 exedi
855 3929 922 3988 lum·
935 3944 1060 3992 statuat.¹
1091 3931 1129 3988 tt
1151 3937 1238 3988 certe.

101 3999 253 4066 ridiculum
273 4013 356 4078 esset,
382 3996 429 4083 qni
446 4004 572 4084 peccavit
590 4026 655 4066 cmo
671 3992 783 4084 publico
800 4026 818 4065 o
845 3995 987 4081 codiculo,
1012 4017 1044 4064 ut
1065 4003 1151 4098 vulgo
1175 4023 1230 4062 no·-

103 4094 165 4141 tum
185 4078 221 4139 sit
239 4078 275 4138 lla
297 4076 391 4169 itinn,
413 4099 429 4139 a
448 4077 563 4161 singulis
581 4081 704 4150 moneri:
730 4081 794 4162 quia
812 4079 929 4154 simille
947 4083 1004 4142 sint
1023 4099 1141 4156 consen,
1165 4077 1230 4139 mit-

102 4151 154 4218 lies
172 4099 329 4216 monendus
350 4166 411 4216 erut.
429 4153 539 4232 ¹Quare
556 4151 708 4240 distinctio,
751 4178 800 4218 uae
818 4157 921 4217 diserte
938 4178 955 4216 a
974 4145 1087 4240 Christo
1105 4167 1229 4227 notatur,

101 4233 226 4294 tenenda
245 4241 296 4307 est,
313 4253 350 4306 ne
367 4231 427 4313 quis
446 4223 555 4292 occulta
573 4242 688 4312 peccata
706 4171 846 4313 vulgando
861 4229 979 4288 fratrem
998 4238 1105 4287 temere
1123 4241 1153 4289 et
1165 4231 1229 4290 absa

102 4329 159 4389 que
175 4309 341 4372 necestitate
358 4307 484 4372 infamet.
526 4305 565 4370 Si
582 4319 613 4369 te
631 4303 777 4383 audierit,
801 4301 938 4364 lucratus
956 4315 997 4358 es.
1039 4297 1087 4360 Ab
1108 4297 1229 4367 utilitate
