2830 4772
502 232 626 318 cinnii
645 229 821 316 vasrcmsa.
906 281 924 294 κ
1058 229 1060 236 ⁴
1161 258 1231 322 285w

95 407 190 471 vendo
212 429 315 471 sensus.
329 405 415 468 habet
435 404 499 466 ciho
518 403 643 485 vinoque
667 405 798 480 oberatos,
821 407 918 467 mente
940 401 975 466 ad
994 401 1124 468 coelestis
1144 404 1219 470 vitae

95 485 308 546 meditationem
327 503 471 564 nunquam
491 491 652 564 consurget.
691 483 748 542 Sed
768 479 831 560 quia
855 481 930 542 nulla
954 493 997 542 est
1022 484 1113 543 caruis
1137 484 1217 562 cupi·
1315 519 1320 524 -
1346 551 1356 560 ,

95 555 188 638 (litas,x
201 581 271 641 quae
291 581 349 620 non
370 559 512 618 hominem
531 559 666 636 inebriet,
676 559 726 633 his
747 559 876 620 omnihus
895 559 983 620 danda
1003 570 1046 620 est
1064 579 1159 640 opera,
1178 583 1217 626 na

94 659 127 700 se
155 638 261 698 mundo
289 635 480 720 ingurgitent,
511 633 535 696 si
567 635 667 716 volunt
702 636 737 695 ad
765 634 867 696 Christi
899 655 1019 718 regnum
1051 649 1215 718 properare.

93 713 188 797 Apud·
207 712 387 776 Matthaeum·
404 732 462 772 uno
488 711 648 794 vigilantiae
670 711 786 772 nomine
810 709 945 772 continua
967 711 1012 772 illa
1034 724 1151 773 notatur
1175 725 1217 782 atq

93 792 204 868 tentio,
229 810 300 870 quae
325 789 390 848 iacit
411 797 444 848 ut
467 788 702 848 erectisssursum
727 785 867 848 mentibus
895 787 925 845 in
949 797 1026 848 terra
1048 789 1215 872 peregrine-

93 890 169 928 mur.
209 867 293 946 Apud
312 867 437 926 Marcum
455 865 547 958 primo
566 863 700 930 iubentur
718 861 857 942 discipuli,
876 861 972 925 videre
990 883 1028 922 ne
1046 865 1151 927 scilieet
1170 866 1216 926 in-

95 956 194 1004 cautos
212 941 259 1003 vel
274 951 422 1021 torpentes
441 939 643 1008 circumveniat
661 939 803 998 interitus:
823 937 924 998 deinde
942 938 1073 999 iubentur
1091 941 1216 1034 vigilare,

95 1020 161 1099 quia
186 1017 305 1079 subinde
328 1018 470 1098 obrepunt
498 1017 591 1077 variae
624 1016 714 1076 carnis
743 1014 908 1088 illecebrae,
939 1015 1038 1094 quibus
1066 1031 1219 1095 sopiuntur

94 1107 215 1156 mentesa
254 1095 357 1156 Postea
379 1093 505 1173 sequitur
529 1091 685 1152 exhortatio
704 1091 739 1152 ad
760 1113 881 1173 precesp
898 1090 978 1168 quia
1011 1089 1089 1152 'licet
1106 1093 1218 1158 aliunde

94 1171 235 1253 suppetias
256 1185 485 1251 petercnecessc
500 1180 566 1242 .est‚
610 1168 689 1248 uibus
716 1180 813 1228 nostra
835 1166 980 1226 infirmitas
1014 1179 1119 1228 evetur.
1157 1170 1217 1228 Lu·
1275 1205 1284 1218 ·

94 1270 140 1308 cas
160 1248 246 1330 ipsam
265 1247 434 1330 precationis
453 1245 573 1304 formam
590 1190 686 1303 iictat
717 1245 843 1303 Primum
863 1255 895 1302 ut
915 1263 968 1302 nos
988 1243 1014 1300 di
1037 1256 1120 1303 netur
1138 1245 1217 1306 Deus

95 1346 130 1384 ex
149 1337 206 1384 tam
227 1324 369 1404 profundo
395 1333 425 1381 et
449 1319 594 1400 multiplici
619 1319 778 1416 labyrintho
803 1319 926 1399 eripere:
953 1263 1054 1378 deinhe
1078 1320 1169 1382 salvos
1189 1331 1220 1382 et

95 1400 253 1466 incolumes
274 1401 372 1467 sistere
392 1398 420 1456 in
440 1409 622 1488 conspectam
642 1397 707 1456 lilii
726 1396 780 1457 sui.
813 1395 915 1476 Neque
935 1395 1010 1459 enim
1030 1395 1096 1458 illuc
1134 1417 1219 1458 erve-

96 1477 159 1536 uire
184 1475 297 1550 licebit,
327 1472 378 1534 nisi
397 1473 559 1533 mirabiliter
577 1472 737 1533 innumeras
756 1483 863 1532 mortes
883 1471 1073 1554 effugerimus.
1109 1417 1224 1545 Came,
1297 1519 1299 1524 .

95 1575 160 1611 rum
180 1551 245 1631 quia
270 1571 303 1610 ex
327 1549 459 1630 periculis
484 1549 622 1608 enatando
651 1549 806 1629 praesentis
828 1548 903 1616 vitae
930 1571 1041 1610 cursum
1062 1550 1218 1631 transigere

91 1634 156 1686 ‘noo
176 1626 332 1698 sufficeret,
364 1625 491 1686 Christus
522 1627 578 1686 hoc
601 1637 732 1706 tanquam
757 1622 937 1706 praecipuum
962 1625 1056 1704 ponit,
1083 1640 1115 1687 ut
1135 1625 1220 1686 nobit

96 1716 161 1764 ante
185 1725 265 1762 suum
287 1701 410 1762 tribunal
434 1713 507 1763 stare
530 1701 620 1762 liceat.
672 1702 752 1780 Onia
780 1705 901 1760 nescitis
925 1702 1010 1760 diem.
1055 1703 1219 1764 Notandum

97 1791 157 1853 est,
175 1779 314 1839 incertum
338 1779 471 1840 adventus
496 1777 602 1840 Christi
629 1789 739 1860 tempus
764 1777 855 1856 (quod
878 1777 1016 1857 plerisque
1041 1777 1101 1838 fere
1125 1779 1219 1840 omni-

87 1855 151 1927 bns
173 1854 322 1938 segnitiem
332 1855 455 1932 inducit)
476 1853 690 1915 attentionis'et
701 1853 860 1936 vigilantiae
879 1853 1022 1914 stimulum
1042 1855 1145 1916 debere
1165 1869 1219 1916 n'o,
1280 1855 1283 1863 ’

5 1939 8 2012 ξ
96 1931 139 1992 bis
164 1953 232 1994 esse.
272 1933 344 2008 Nam
367 1931 499 1992 consulto
525 1930 721 1992 absconditum
747 1931 830 1992 nobis
856 1949 917 1991 esse
943 1931 1038 1992 voluit
1062 1935 1155 2008 licus,
1186 1935 1220 1992 ut

5 2013 7 2026 '
95 2007 175 2068 nullo
205 2019 351 2068 momento
380 2007 472 2069 securi
500 2008 646 2080 continuas
677 2007 805 2068 excubias
839 2027 963 2090 agamus«
1014 2007 1111 2084 Qualis
1143 2010 1220 2080 enirn

95 2083 160 2142 fidei
181 2095 210 2143 ct
228 2085 377 2164 patientiae
398 2096 471 2146 esset
489 2080 645 2164 probatio,
669 2085 691 2143 si
716 2083 825 2158 fideles,
850 2095 910 2142 tota
928 2083 985 2164 vita
1004 2086 1095 2150 otiose
1113 2085 1220 2168 vagab-

95 2171 139 2220 tes
161 2161 192 2280 ign
216 2160 271 2222 suis
295 2161 415 2238 deliciis,
446 2159 477 2220 in
500 2160 605 2222 Christi
635 2181 784 2222 occursum
811 2159 906 2221 triduo
924 2165 966 2222 'se
997 2173 1063 2223 ante
1087 2159 1220 2248 accingcss

5 2273 7 2298 t
95 2247 174 2298 reni.
206 2285 211 2305 ,
652 2265 653 2268 ’
912 2255 915 2266 “

180 2498 280 2580 (191.)
322 2485 491 2572 ΜΑΤΤΗ.
513 2499 627 2564 XXIV.
657 2499 709 2565 43.
730 2497 813 2564 Illud
835 2508 939 2566 autem
962 2501 1084 2581 scitote,
1105 2498 1238 2588 quodsi·
1328 2498 1338 2506 ’

5 2651 6 2656 .
96 2600 209 2666 scisset
229 2600 463 2694 paterfamiliae,
486 2587 549 2688 qua
570 2603 646 2668 hora
671 2601 722 2666 fur
737 2611 896 2668 venturus
918 2603 1040 2682 fnisset,
1061 2604 1222 2692 vigilasset
1248 2599 1253 2605 ¹

5 2697 6 2766 i
76 2705 221 2790 ausique,
245 2713 275 2768 et
296 2724 363 2767 non
385 2705 510 2768 sivisset
531 2703 658 2790 perfodi
681 2705 809 2782 domum
832 2727 930 2770 suain.
994 2707 1054 2786 44.
1090 2708 1169 2774 Ideo
1191 2719 1224 2776 ct

96 2825 157 2870 vos
180 2815 280 2870 estote
300 2809 420 2892 parati:
454 2808 528 2892 quia
550 2807 714 2896 quajshora
734 2829 802 2872 non
823 2811 955 2894 putatis,
983 2831 1021 2875 ea
1040 2810 1143 2885 Filius
1163 2813 1223 2898 ho7

11 2923 14 2928 '
94 2909 188 2974 minis
210 2919 363 2974 venturus
386 2918 442 2974 est.
497 2909 547 2974 45.
586 2909 742 2996 Quisnam
766 2919 815 2975 est
834 2909 938 2976 fidelis
960 2933 1071 2978 servus
1094 2923 1125 2978 et
1145 2935 1223 2998 pru·
1321 2972 1324 2980 .

96 3009 192 3090 dens,
219 3032 313 3097 quem
337 3012 488 3098 praefecit
510 3009 665 3077 dominus
680 3011 833 3078 sarnulitio
857 3037 930 3092 suo,
962 3025 995 3080 ut
1018 3013 1071 3080 det
1092 3013 1154 3080 illis
1178 3017 1223 3080 ci·

95 3113 172 3199 burn
192 3116 225 3178 in
248 3119 410 3201 tempore?
453 3113 504 3178 46.
526 3108 652 3180 Beatus¹
666 3135 777 3178 servus
800 3115 863 3194 ille,
886 3137 994 3204 quem,
1011 3111 1110 3202 quum
1124 3138 1222 3188 vene-

95 3202 306 3284 sitdominus
330 3220 416 3295 eius,
438 3217 595 3282 invenerit
617 3219 664 3280 sic
685 3199 886 3284 facientem·
926 3219 977 3284 47.
1020 3219 1125 3286 Arnen
1146 3219 1222 3287 dico

95 3317 201 3398 vobis,
234 3322 469 3408 superomnia
495 3318 582 3384 hona
609 3340 667 3384 sua
694 3324 866 3386 constituet
893 3342 975 3387 curn.
1018 3322 1068 3388 48.
1093 3323 1228 3410 Quodsi,

5 3472 8 3482 .
96 3419 208 3486 dixerit
235 3444 345 3488 servus
373 3423 428 3490 ille
454 3422 555 3488 natus
585 3424 617 3489 in
646 3422 745 3488 corde
767 3444 842 3500 suo,
874 3423 1051 3499 Cunctatus
1073 3425 1222 3496 dominus
1292 3470 1300 3480 κ

95 3543 184 3596 meus
215 3527 337 3591 vestire:
403 3526 454 3591 49.
498 3527 715 3614 Coeperitquc
743 3536 908 3612 percutere
937 3548 1126 3610 conservos,
1156 3534 1221 3596 imo

96 3623 193 3690 edere
215 3635 246 3690 ct
266 3625 380 3692 hibere
401 3650 472 3710 omn
494 3628 605 3694 ebriis:
649 3627 701 3694 50.
717 3619 833 3698 Veniet
854 3630 1014 3698 Dominus
1034 3636 1118 3698 servi
1135 3632 1221 3698 illius

94 3731 128 3794 in
151 3724 212 3804 die,
235 3750 301 3814 qno
324 3751 392 3794 non
414 3714 580 3833 exspectat,
603 3740 634 3794 et
656 3730 744 3809 hora,
766 3754 828 3818 qua
851 3733 988 3818 ignorat:
1031 3736 1084 3801 51.
1102 3735 1144 3800 Et
1156 3733 1222 3801 dis-

94 3827 216 3896 secabit
236 3851 316 3910 eum,
339 3823 522 3918 partemque
544 3835 613 3900 eius
635 3843 735 3920 ponet
757 3847 829 3900 cunt
850 3835 1041 3926 hypocritis:
1073 3835 1141 3902 illic
1162 3835 1222 3900 erit

93 3932 238 4020 ploratus
260 3944 292 3998 et
313 3932 433 3999 stridor
455 3932 606 4006 dentium.
644 3975 651 3994 i
1082 3949 1084 3954 ’

178 4136 318 4207 Mane.
341 4138 425 4203 Xlll.
465 4139 519 4204 34.
548 4138 637 4205 Siout
659 4137 765 4218 homo,
783 4144 843 4228 qui
865 4163 999 4229 peregre
1020 4141 1090 4226 agit,
1111 4137 1220 4206 relicta
1240 4143 1245 4184 ³

96 4239 192 4308 domo
219 4264 291 4319 sua,
319 4239 469 4328 deditque
491 4243 592 4332 servis
614 4245 680 4307 suis
702 4253 904 4328 potestatem,
931 4264 1082 4308 acanum
1105 4243 1220 4328 cuique

5 4431 15 4444 h
96 4365 185 4432 opus,
207 4357 238 4412 et
258 4347 385 4412 ianitori
405 4345 574 4423 inundavit,
597 4355 632 4410 ut
652 4345 808 4432 vigilaret,
854 4345 914 4410 -35,
947 4343 1085 4432 Vigilate
1107 4343 1218 4462 igitpra
1275 4437 1286 4463 ιι
1355 4429 1361 4446 Ι
