2830 4772
179 201 236 268 Μ
394 199 506 264 SECT.
526 201 604 262 xlx.
643 215 769 265 cuanrt
787 215 899 264 rassin
915 216 958 262 rr
977 215 1071 262 nona

180 351 248 416 tiam
273 349 311 415 illi
335 351 465 428 abstulit,
491 363 524 412 ut
546 372 606 413 non
631 364 776 433 reputaret
799 353 829 414 in
851 351 912 432 ipso
931 361 1093 426 momento,
1109 368 1140 410 se
1157 348 1212 412 bae
1233 350 1303 432 lege

179 429 293 490 mbsum
321 449 381 492 esse
407 425 518 488 bumani
546 427 658 509 generis
685 429 905 519 redemptorem:
940 427 1024 490 sicuti
1049 426 1139 508 gratis
1170 426 1304 488 anxietas
1384 435 1385 438 ’

180 525 262 585 saepe
279 503 424 588 caliginem
444 501 531 566 oculis
549 503 680 580 obducit,
702 525 740 566 ne
764 503 845 566 simul
867 504 896 564 in
915 515 1040 564 mentem
1058 502 1170 566 veniant
1189 503 1302 564 omnia.

181 577 215 642 ln
239 602 361 656 summa,
387 579 454 640 nibil
477 579 588 640 absurdi
611 593 667 654 est,
703 581 727 644 si
755 577 785 640 in
810 581 942 672 precibus
965 601 1025 640 non
1049 600 1157 659 semper
1186 581 1307 640 occurit

180 675 310 736 praesens
329 655 456 716 omnium
474 675 568 718 rerum
587 656 719 732 attentio,
741 669 773 718 ut
790 657 934 716 distinctus
952 657 1026 716 ordo
1044 665 1184 716 teneatur.
1207 655 1303 730 Quod

180 754 250 794 vero
275 731 349 812 apud
372 733 500 794 Marcum
525 731 654 794 Christum
677 733 771 794 omnia
793 735 857 794 Deo
918 730 1021 792 ssibilia
1044 751 1103 792 esse
1125 730 1207 804 dicit,
1239 753 1304 790 uon

151 877 155 887 q
180 807 236 868 bue
254 817 362 886 spectat
380 819 413 868 ut
431 807 588 889 potentiam
605 808 666 870 eius
683 832 748 869 cum
767 809 880 868 immuta
902 807 930 868 ili
947 808 1067 868 veritate
1089 829 1121 866 ac
1141 809 1303 868 constantia

180 881 210 942 iu
230 893 372 944 certamen
395 885 565 960 committat,
589 885 639 948 sed
657 885 720 966 quia
737 885 809 946 nibil
829 895 887 944 erat
905 882 964 964 spei
980 883 1027 958 (ut
1045 884 1075 942 in
1095 882 1179 944 rebus
1197 882 1300 964 deplo-

180 957 246 1020 ratis
263 959 324 1018 beri
342 957 428 1042 solet)
447 961 477 1022 in
496 961 553 1022 Dei
575 961 707 1022 virtutem
732 983 763 1022 se
783 961 882 1022 reiicit.
919 961 1022 1020 Pocula·
1045 958 1091 1020 vel
1115 961 1220 1018 calicia
1244 980 1301 1018 no-
1385 993 1386 1034 q

180 1035 256 1096 mine'
275 1031 341 1102 alibi
362 1035 467 1098 dictum
489 1051 533 1099 est
556 1037 648 1098 notari
666 1037 731 1098 net
745 1035 960 1120 providentiam,
982 1055 1053 1115 quae
1071 1034 1185 1125 siugulis
1204 1033 1300 1096 erucis
1385 1045 1386 1076 ³

181 1121 212 1172 et
229 1109 416 1174 afflictionum
434 1135 593 1176 mensuram
611 1113 763 1194 dispensat,
818 1113 898 1174 rinde
916 1133 947 1172 ac
966 1111 1162 1204 paterfamilias
1181 1111 1300 1172 demen-

181 1209 243 1250 sum
264 1187 366 1268 cuique
384 1211 466 1252 servo
485 1189 666 1273 assignatae
685 1190 759 1252 iuter
792 1189 883 1250 'beros
902 1199 1047 1266 portiones
1066 1186 1211 1247 distribuit.
1235 1187 1271 1248 V
1267 1209 1300 1246 c-

181 1275 338 1326 runtamen
356 1288 413 1326 ιιοιι
430 1271 508 1328 sicut
525 1289 588 1348 ego.
640 1265 771 1328 Videmus
791 1277 822 1326 ut
841 1265 966 1326 Christus
984 1263 1077 1324 statim
1094 1263 1128 1322 ab
1148 1262 1213 1344 ipsis
1235 1283 1298 1322 car-

183 1339 293 1402 ceribus
312 1341 447 1406 aliectnm
466 1365 547 1404 suum
567 1342 710 1418 cobibeat,
733 1363 818 1422 seque
835 1341 927 1422 ipsum
945 1351 1052 1400 mature
1070 1351 1154 1434 cogat
1172 1339 1202 1398 in
1221 1337 1297 1398 ordi-

183 1436 258 1497 nem.
297 1418 355 1480 Sed
373 1419 492 1500 primum
511 1419 555 1482 bic
579 1420 675 1499 quaeri
693 1430 801 1501 potest,
849 1415 971 1480 uomodo
990 1415 1025 1474 ab
1045 1437 1122 1476 omni
1140 1415 1209 1476 vitio
1230 1435 1297 1496 pura

182 1491 270 1556 luerit
287 1493 346 1556 eius
366 1493 508 1570 voluntas,
532 1517 603 1575 quae
625 1510 719 1557 tamen
743 1517 806 1558 cum
859 1491 1051 1554 eivoluntate
1073 1512 1134 1552 non
1157 1511 1299 1572 congrue·
1386 1523 1387 1534 ι

182 1567 238 1630 bat
277 1571 349 1632 Nam
368 1569 490 1650 siunica
509 1572 577 1632 boni
597 1583 660 1632 eta
697 1573 725 1632 ui
746 1569 843 1656 regula
862 1579 905 1630 est
929 1568 984 1629 Dei
1003 1567 1144 1644 voluutas,
1169 1567 1299 1648 sequitur

182 1644 299 1708 affectus
316 1667 425 1720 omnm,
444 1647 492 1728 qui
509 1648 545 1712 ab
565 1669 598 1708 ea
615 1648 677 1710 dissi
698 1660 757 1722 ent,
776 1669 836 1710 esse
854 1645 977 1708 vitiosos.
997 1645 1180 1724 Respondco,
1221 1665 1300 1702 uam-

183 1721 224 1782 vis
241 1719 309 1784 baec
328 1743 394 1784 vera
412 1723 449 1782 sit
467 1725 619 1796 rectitudo,
648 1725 770 1786 formare
791 1735 904 1784 nostros
927 1741 1024 1782 omnes
1050 1719 1168 1780 allectus
1244 1718 1301 1778 Dei

182 1795 344 1872 arbitrium,
367 1819 427 1860 esse
445 1809 540 1860 tamen
559 1801 695 1880 quandam
719 1801 848 1880 obliquae
872 1795 1048 1860 dissensionis
1071 1797 1206 1876 speciem,
1229 1816 1300 1875 quae

183 1869 262 2006 culpa
282 1883 367 1946 caret,
384 1871 485 1934 necin
504 1887 649 1955 peccalum
664 1877 830 1957 imputatur:
850 1873 1080 1956 quemadmodum
1099 1873 1123 1932 si
1141 1869 1202 1951 quis
1219 1883 1300 1930 tran-

203 1945 297 2006 urium
318 1959 347 2008 et
365 1947 516 2010 florentem
534 1946 675 2012 Ecclesiae
694 1964 795 2014 statum
815 1962 938 2034 expetat,
957 1947 981 2010 si
1000 1947 1093 2029 cupiat
1109 1947 1247 2008 aerumnis
1267 1947 1301 2006 li-

204 2032 296 2084 eratus
318 2043 378 2086 esse
396 2025 458 2085 Dei·
475 2026 559 2100 lilios,
586 2026 705 2089 sublatas
726 2049 742 2090 e
761 2029 853 2089 medio
878 2046 976 2088 omnes
997 2023 1222 2105 superstitiones,
1251 2044 1299 2084 re-

182 2117 305 2182 pressam
329 2099 480 2182 impiorum
503 2101 646 2168 libidinem
669 2124 706 2164 ne
729 2105 795 2185 quid
818 2114 948 2166 noceant.
991 2101 1070 2160 llaec
1091 2121 1177 2178 quum
1196 2121 1249 2180 per
1268 2119 1299 2160 se

182 2185 261 2238 recta
279 2175 348 2256 sint,
376 2177 431 2238 rite
451 2191 570 2315 possunt
592 2181 752 2244 euletibus
776 2179 880 2262 expeti,
907 2175 1031 2260 quamvis
1053 2175 1131 2236 aliter
1149 2173 1295 2265 Deoupla-

184 2263 259 2329 ceat,
279 2253 328 2334 qui
346 2253 406 2316 vult
424 2255 458 2316 Fr
470 2255 525 2318 ium
545 2279 624 2318 ιιιιιιιι
643 2277 763 2352 regnare
786 2257 862 2318 inter
882 2255 990 2330 bostes,
1015 2273 1074 2316 suos
1096 2249 1296 2340 erercerrUsub

183 2350 280 2406 cruce,
300 2330 365 2394 fidei
383 2343 413 2394 et
422 2331 566 2418 Evangelii
586 2335 732 2398 victoriam
750 2332 896 2396 contrariis
913 2331 1031 2393 Satanae
1048 2325 1295 2390 machinationibus

182 2403 321 2472 illustrari.
359 2408 495 2472 Videmus
514 2423 547 2470 ut
569 2409 614 2491 pia
633 2409 688 2472 siut
706 2424 785 2483 vota,
809 2429 880 2492 quae
898 2407 929 2468 in
947 2405 1069 2488 speciem
1085 2425 1102 2466 a
1117 2399 1171 2464 Dei
1188 2400 1292 2462 volun-

183 2495 239 2546 tate
260 2485 350 2548 disere
406 2497 433 2562 t,
456 2487 520 2568 quia
543 2507 602 2548 nou
622 2500 719 2548 exacte
742 2507 853 2568 semper
871 2483 917 2546 vel
941 2482 1100 2564 scrupulose
1117 2478 1228 2539 anobis
1246 2477 1293 2537 iu-

183 2557 256 2642 quiri
274 2557 333 2620 vult
382 2581 446 2638 eus,
466 2563 531 2644 quid
550 2563 768 2645 statuerit'ipse,
794 2563 842 2624 sed
861 2561 937 2642 quod
955 2580 1007 2641 pro
1029 2579 1123 2620 sensus
1141 2555 1230 2616 nostri
1249 2575 1296 2616 ca·

183 2645 234 2714 l’lu
253 2633 378 2712 0Pl³bll⁸
403 2649 460 2707 ⁸⁵22
493 2639 613 2720 flagitari
637 2660 654 2700 a
677 2662 707 2702 se
730 2639 875 2722 permittit.
917 2635 1052 2698 Nondum
1073 2645 1168 2694 tamen
1183 2653 1297 2714 prorsus

183 2706 333 2797 solutanest
351 2712 488 2788 quaestio:
513 2735 576 2774 nam
595 2737 681 2794 quum
700 2738 791 2796 nuper
809 2715 913 2774 dictum
932 2712 1028 2786 fuerit,
1059 2721 1137 2770 recte
1157 2707 1295 2789 composi·

184 2795 229 2874 ιρι
248 2781 332 2844 iussae
351 2805 450 2847 omnes
472 2787 577 2850 Cbristi
594 2789 730 2864 allectus,
749 2791 890 2872 quomodo
911 2810 988 2850 nunc
1008 2809 1037 2848 se
1056 2786 1148 2867 ipsum
1168 2784 1299 2868 corrigit?

184 2881 225 2922 arc
245 2861 320 2920 enim
340 2859 475 2924 allectum
494 2887 575 2925 suum
594 2865 698 2948 subigit
716 2867 747 2928 in
766 2865 933 2945 obsequium
952 2863 1007 2926 Dei
1025 2861 1101 2944 quasi
1117 2861 1233 2922 modum
1253 2883 1299 2922 er-

185 2935 308 3000 eesserit.
354 2935 441 3000 Certe
460 2939 489 3000 in
539 2943 611 3002 rimo
631 2955 700 3016 mh
720 2965 819 3012 nona
859 2953 919 3002 aret
941 2939 1046 3022 placida
1069 2938 1113 2999 illa
1136 2937 1297 3011 moderatio,

185 3035 268 3096 quam
287 3013 356 3075 dixi:
376 3012 440 3095 quia
459 2961 621 3082 Mediatoris
641 3017 737 3080 officio
764 2963 895 3156 defcidqi,
919 3029 1052 3098 quantum
1072 3015 1102 3074 iu
1124 3034 1154 3075 se
1174 3026 1228 3086 est,
1254 3034 1297 3074 re·

184 3091 246 3152 nuit
264 3112 297 3154 ac
319 3091 467 3154 detrectat.
507 3093 690 3173 Respondes,
715 3097 745 3156 in
769 3118 806 3158 eo
825 3096 854 3156 ni
876 3095 893 3156 il
912 3093 997 3156 luisse
1014 3091 1075 3156 vitii
1093 3091 1169 3172 quod
1187 3089 1295 3150 obiecto

185 3167 283 3229 mortis
303 3178 430 3242 terrore,
453 3169 534 3230 simul
558 3169 650 3232 oblata
669 3184 712 3234 est
731 3172 834 3255 caligo,
864 3185 896 3231 ut
916 3171 974 3231 aliis
993 3167 1121 3230 omnibus
1138 3165 1244 3226 'omissis
1263 3163 1295 3223 ad

184 3253 284 3332 voltu}
309 3241 375 3305 sstud
397 3245 546 3326 prosiliret.
597 3245 697 3330 Neque
721 3249 766 3330 bic
790 3248 927 3310 subtiliter
950 3247 1088 3327 disputare
1113 3260 1222 3304 necesse
1247 3253 1296 3315 est,

186 3337 221 3378 ³¹¹
240 3317 279 3376 ¹¹1¹
298 3317 437 3402 obrepere
456 3322 583 3403 potuerit
601 3324 694 3386 salutis
712 3338 825 3386 nostrae
850 3321 971 3384 oblivio:
996 3321 1042 3403 qui
1065 3320 1119 3380 boc
1138 3339 1223 3380 unum
1241 3316 1297 3379 sul-

187 3389 271 3482 ficere
294 3393 377 3456 nobis
401 3397 500 3474 debet,
532 3401 670 3480 quuma'n
695 3402 792 3462 mortis
816 3400 1040 3481 deprecationem
1064 3406 1235 3476 erumperet,
1263 3393 1296 3454 de

186 3466 244 3528 alus
264 3489 324 3528 uon
345 3471 483 3552 cogitasse
501 3497 572 3556 quae
591 3478 664 3538 viam
683 3477 852 3539 clausissent.
891 3475 923 3538 Si
942 3475 1003 3557 quis
1024 3471 1155 3554 excipiat,
1183 3469 1297 3552 primum

187 3553 297 3636 mptum
320 3543 418 3625 (quem
442 3549 546 3610 frenari
566 3565 713 3632 antequam
737 3551 847 3634 longius
874 3561 1034 3614 excurreret
1053 3548 1204 3643 oportuit),
1242 3567 1297 3606 non

188 3621 271 3682 luisse
290 3631 475 3700 temperatum
495 3637 528 3688 ut
546 3627 673 3690 decebat:
692 3629 867 3708 respondeo,
891 3649 950 3689 non
969 3647 1102 3710 possem
1121 3627 1173 3685 bac
1191 3635 1297 3684 naturae

186 3709 299 3789 nostrae
319 3699 501 3790 corruptione
520 3703 641 3784 perspici
658 3703 820 3785 affectuum
832 3703 975 3766 servorem
994 3725 1059 3766 cum
1073 3699 1218 3784 temperie,
1236 3719 1298 3779 qua-

186 3775 220 3838 bs
238 3796 269 3838 ιιι
287 3774 400 3838 Cbrtsto
420 3774 486 3850 suit,
516 3780 564 3840 sod
591 3783 664 3843 bunc
683 3779 803 3860 dandum
830 3803 890 3842 esse
914 3780 1052 3842 bonorem
1073 3777 1145 3838 Filio
1167 3777 1237 3851 Dei,
1264 3796 1298 3835 ue

186 3871 250 3915 eum
268 3851 445 3916 aestimemus
465 3875 499 3914 ex
517 3855 608 3919 nobis.
648 3857 720 3918 Nam
739 3857 778 3918 sic
802 3857 830 3918 in
850 3856 932 3918 nobis
951 3866 1078 3920 aestuant
1095 3874 1193 3914 omnes
1213 3851 1297 3912 carnis

174 3927 319 4000 'dffeciuss
345 3940 379 3988 tlt
397 3929 541 4012 prosiliant
560 3932 591 3996 iu
611 3933 828 4007 contumaciam,
852 3933 897 3993 vel
916 3933 1012 3995 saltem
1031 3929 1133 4012 aliquid
1151 3928 1234 3990 saccis
1253 3929 1296 3988 ba-

185 4003 273 4092 beant
292 4005 452 4070 admixtum.
509 4007 557 4068 Sic
577 4021 668 4084 autem
693 4021 723 4070 et
742 4009 845 4072 doloris
871 4021 900 4070 et
921 4021 1015 4078 ‚metus
1033 4008 1148 4070 fervore
1170 4005 1298 4064 aestuavit

187 4075 331 4153 Cbrrstus,
351 4092 384 4140 ut
402 4102 433 4143 se
453 4094 547 4144 tamen
565 4084 739 4148 continuerit
757 4087 787 4147 in
807 4107 855 4154 sua
874 4105 1026 4160 mensura„
1054 4085 1117 4144 Imo
1137 4081 1218 4144 sicuti
1236 4079 1298 4141 varii

187 4164 284 4237 cantus
305 4155 427 4246 etinter
445 4178 475 4220 se
498 4157 686 4237 discrepantes
712 4161 782 4240 adep
806 4161 874 4222 nihil
897 4159 1040 4224 desonam
1061 4159 1177 4230 babent,
1202 4167 1233 4216 ut
1249 4177 1297 4236 po-

186 4233 242 4308 ¹l¹¹⁸
262 4248 431 4294 ⁰⁰¹¹C¹¹¹¹¹³m
450 4249 617 4308 suavemque
636 4231 816 4308 harmoniam.
829 4235 992 4309 conficiant,
1021 4235 1062 4308 ita
1078 4235 1108 4294 iu
1129 4233 1240 4308 Cbristo
1258 4233 1299 4290 in-

187 4313 266 4370 ⁸tbt¹e
291 4303 404 4368 essoris,
418 4305 595 4384 symmetriae
625 4307 858 4389 exemplaqinqer,
879 4309 940 4394 Dei.
952 4323 990 4398 ‘gr
1007 4311 1158 4396 pomiflua,
1177 4307 1299 4370 votum.
