2790 4764
153 252 156 261 '
192 259 233 324 88
420 257 531 325 Siiffl'.
550 256 632 343 XIV.
670 271 842 322 mucuns
859 271 901 318 nr
921 269 1098 321 mouns.

194 407 239 492 gir
256 407 413 470 accendere
431 429 491 468 non
510 405 692 484 dubitaverit,
718 407 857 472 discamus
878 405 937 484 eim
954 428 1034 471 erem
1052 404 1099 484 lc,
1119 423 1182 469 non
1199 423 1319 490 magno·

194 503 264 566 pere
284 485 437 553 curandum
457 505 516 548 esse
534 494 567 550 ut
588 484 718 548 omnum
735 484 867 568 placeant
884 483 960 548 tacu
976 506 1009 547 ac
1028 428 1103 546 ‹l'cta
1119 491 1222 550 nostra.
1264 480 1321 548 Di-

195 557 295 641 scipuli
312 571 407 620 nmen
426 560 477 638 (ut
493 559 609 622 rudibus
629 572 659 622 et
679 560 799 624 indoctis
817 580 880 623 mos
900 559 960 641 est)
979 559 1122 624 Christmn
1140 556 1323 622 incommode

197 646 228 697 et
245 656 394 718 perperam
410 635 596 718 respondisse,
617 657 651 698 ex
670 647 775 699 eventu
792 636 886 698 miuus
902 637 1031 698 secundo
1051 634 1215 698 couiieirmt
1252 633 1323 694 Huc

198 711 275 774 enim
297 721 404 792 spectat
427 733 526 775 eorum
548 712 718 791 admonitio,
744 723 778 774 ut
802 711 931 775 christus
956 712 1081 794 asperim
1104 711 1210 772 dictum
1229 709 1325 771 corri-

197 788 293 872 gendo
315 786 443 854 offensos
465 788 574 850 animos
598 788 689 854 lenire
711 789 830 852 studeat.
868 789 935 850 Hoc
953 787 1014 851 iere
1033 786 1160 858 sollerme
1181 790 1225 850 ot
1242 785 1326 848 infir·-

197 863 264 936 mis‚
294 863 406 926 sinistre
428 865 556 938 iudicare¹
576 864 613 926 de
635 864 777 940 doctrina,
809 871 895 946 quarti
915 862 1014 928 vident
1030 863 1133 956 iniquis
1152 875 1182 924 et
1199 861 1327 925 adversis

190 939 310 1000 'auribus
336 941 433 1032 accipi.
490 941 529 1002 Et
552 952 631 1002 certe
654 939 809 1032 optandum
833 952 917 1015 esset,
942 961 1003 1001 eam
1021 937 1128 1022 placide
1148 951 1178 1000 et
1196 939 1257 1000 sine
1278 937 1328 1000 oi-

120 1073 123 1085 ,
197 1014 278 1076 sensa
294 1016 410 1098 probarr
428 1017 554 1082 omnium
573 1016 721 1111 suffragiis,
741 1019 790 1080 sed
810 1017 873 1098 qnia
890 1015 1170 1078 multorum·meutes
1189 1027 1329 1077 exonerat

141 1145 145 1156 .
197 1091 295 1169 Satan
315 1103 345 1154 et
364 1094 449 1156 corda
467 1093 551 1154 etiam
569 1093 600 1154 in
617 1093 724 1156 rabiem
742 1094 879 1170 accendit,
889 1092 998 1169 'inultm
1019 1092 1102 1156 etiarn
1119 1091 1222 1165 aninum
1235 1091 1328 1152 bruto

199 1180 316 1249 stupore
335 1167 450 1238 obrutas
467 1181 561 1246 tenet,
579 1167 641 1232 fieri
659 1191 719 1232 non
737 1181 884 1253 potestat
902 1169 1033 1230 omuibus
1050 1167 1138 1250 sapiat
1154 1179 1233 1233 recta
1250 1167 1330 1230 salu-
1362 1227 1363 1234 ,

197 1244 234 1305 tis
253 1243 395 1308 doctrina:
417 1245 583 1330 praesertim
601 1267 671 1310 vero
692 1245 847 1329 exasperari
864 1245 966 1306 mirum
984 1267 1045 1308 non
1064 1255 1115 1320 est,
1135 1243 1183 1326 qui
1203 1241 1330 1304 malitiae

200 1332 231 1381 et
249 1322 443 1384 contumaciae
460 1322 536 1386 virus
553 1323 629 1384 intus
647 1323 756 1386 forent
794 1323 894 1384 Danda
932 1322 1025 1384 uidem
1043 1331 1206 1402 operaest,
1272 1319 1330 1380 oad

198 1395 308 1472 licebit,
333 1417 370 1460 ne
390 1417 444 1478 qua
462 1419 497 1460 eu
515 1410 612 1462 nostra
631 1399 753 1463 docendi
769 1399 880 1460 radone
900 1421 918 1462 o
946 1397 1022 1462 cusia
1041 1408 1183 1474 nascatur,
1208 1418 1221 1458 s
1276 1417 1331 1457 ex-

199 1483 309 1562 tremae
332 1473 456 1535 insaniae
474 1474 563 1549 foret,
595 1473 668 1540 velle
688 1473 771 1539 nohis
790 1475 955 1556 prudentius
974 1474 1129 1551 moderari,
1153 1493 1235 1556 quarn
1254 1472 1329 1534 edo-

200 1560 240 1608 ctr
258 1569 353 1608 sumus
375 1571 392 1610 a
412 1549 527 1611 coelesti
545 1571 589 1610 ma
611 1550 689 1624 'stro
727 1551 863 1610 Videmus
879 1563 972 1614 autem
1010 1563 1044 1612 ut
1063 1571 1097 1614 ex
1116 1548 1330 1614 eiussermonc

199 1635 309 1704 sumpta
335 1623 422 1688 luerit
444 1625 479 1686 ab
503 1569 642 1706 improhis
666 1638 695 1687 et
717 1625 856 1708 perversis
878 1595 1044 1688 bominibus
1059 1625 1179 1690 scandali
1201 1624 1329 1688 occasio:

198 1699 258 1768 imo
276 1700 411 1838 yidpmus,
428 1700 555 1838 ppbillam
574 1701 695 1768 scandat
712 1702 845 1786 speciem,
864 1723 936 1784 quae
953 1702 1078 1790 maligue
1097 1711 1329 1778 conmactaerat,

198 1797 245 1838 sus
285 1797 301 1838 e
338 1797 353 1836 e
393 1797 409 1837 c
483 1789 565 1838 uerrt

190 1867 196 1878 '
247 1797 322 1915 qu13.
377 1857 454 1912 mnia
468 1856 621 1932 plantatio
640 1864 696 1914 eto.
737 1853 818 1930 Quia
831 1852 923 1914 minus
941 1871 1080 1944 prospero
1097 1853 1244 1918 doctrinm
1261 1874 1329 1917 tuc-

199 1945 281 1992 cessu
301 1927 442 1990 munerati
466 1939 547 1992 erant
571 1928 677 1991 debiles
696 1928 795 2006 animi,
819 1928 951 2010 Christus
965 1927 1031 1990 burc
1052 1927 1128 1990 malo
1146 1929 1254 1992 mederi
1269 1949 1330 1990 ¹vo·

200 2002 261 2076 luit
303 2003 371 2066 Hoc
390 2017 483 2068 autem
501 2005 655 2068 remedium
675 2005 802 2080 adhibet,
825 2025 886 2066 non
906 2004 1058 2083 essequod
1075 2005 1228 2066 turbentur
1246 2005 1328 2080 boui,

199 2077 246 2140 vel
265 2079 357 2142 minus
375 2079 531 2143 honorifice
550 2081 585 2144 de
603 2081 732 2144 doctriua
750 2081 859 2142 sentiae
899 2079 1024 2162 quamvis
1042 2080 1134 2144 multis
1153 2081 1183 2142 in
1203 2090 1331 2143 mortem

200 2157 290 2218 cedat
328 2155 434 2219 Inscite
452 2155 499 2219 hic
518 2155 597 2219 locus
615 2157 766 2238 exponitur
785 2177 801 2217 a
823 2093 997 2248 quihusdam,
1024 2156 1101 2238 quod
1119 2156 1330 2218 ombia'homi—

200 2253 269 2293 uum
287 2232 435 2318 figmenta,
459 2244 489 2295 et
511 2234 575 2314 quic
615 2233 642 2294 id
660 2255 696 2295 ex
715 2251 766 2296 ore
784 2233 841 2294 Des
858 2231 1022 2313 profectum
1040 2252 1101 2292 non
1120 2243 1171 2305 est,
1191 2231 1272 2294 evelli
1293 2253 1330 2294 ac

200 2309 296 2390 perire
314 2321 457 2392 oporteat:
480 2331 546 2372 nam
565 2332 580 2372 a
617 2309 748 2383 homines
766 2309 860 2394 potius
882 2306 1010 2368 Christus
1029 2307 1159 2389 respexit,
1177 2328 1209 2368 ac
1228 2327 1331 2368 sensus

201 2397 259 2462 est,
277 2385 381 2450 anirum
399 2409 461 2448 non
481 2407 550 2463 esse,
569 2387 593 2448 si
613 2386 742 2468 reprobis
760 2383 906 2448 mortifera
926 2395 968 2445 est
986 2381 1078 2445 salutis
1098 2383 1240 2457 doctrina,
1257 2385 1330 2464 quia

201 2483 314 2548 semper
335 2463 366 2524 in
391 2464 519 2539 exitium,
552 2463 597 2526 cui
621 2463 718 2525 devoti
737 2473 815 2537 sunt,
841 2459 1010 2553 praecipites
1028 2459 1187 2527 feruntur.¹
1227 2459 1330 2534 Quare

200 2537 339 2616 plantatos
358 2540 414 2601 Dei
433 2563 519 2603 manu
531 2539 672 2622 intellige,
691 2539 738 2632 qui
758 2549 878 2622 gratuita
898 2536 956 2599 eius
975 2535 1135 2616 adoptione
1145 2535 1176 2595 in
1194 2535 1329 2598 arborem

201 2611 276 2675 uitae
293 2613 371 2675 insiti
388 2629 468 2692 suut,
491 2616 572 2678 sicuti
594 2627 623 2678 et
641 2617 741 2679 lesaras
758 2625 927 2686 renovatam⁴
942 2611 1048 2674 Christi
1066 2611 1155 2696 gratia
1173 2609 1328 2676 Ecclesiam

200 2699 286 2749 vocat
304 2709 423 2772 germen
442 2713 457 2751 a
476 2693 603 2754 Domino
623 2691 778 2776 plantatum
802 2691 875 2767 (les.
895 2693 947 2764 60,
971 2688 1048 2768 at).
1095 2689 1188 2750 Porro
1209 2687 1273 2769 quia
1292 2710 1326 2766 ea

200 2761 260 2822 sola
280 2763 338 2824 Dei
357 2763 497 2828 electione
517 2780 560 2828 est
578 2767 662 2842 salus,
681 2765 820 2848 reprobos
839 2765 933 2846 perire
951 2785 1068 2828 necesse
1086 2775 1137 2842 est,
1157 2785 1270 2845 quocun
1310 2785 1327 2826 c

199 2836 229 2899 id
246 2838 295 2900 fiat
312 2840 409 2900 modo:
430 2862 490 2902 non
509 2843 584 2933 quod
603 2845 681 2902 Deus
699 2840 831 2902 innoxios
851 2851 881 2902 et
899 2841 978 2901 omni
998 2841 1079 2923 culpa
1096 2861 1199 2902 vacuos
1217 2861 1269 2922 per
1288 2853 1326 2916 at,

141 2939 142 2948 ¹
200 2915 250 2976 sed
270 2913 333 2998 quia
351 2915 405 2998 ipsi
416 2930 539 2999 ‘propria
558 2917 662 2978 malitia
682 2915 813 2997 quiequid
831 2915 956 2978 oblatum
975 2928 1031 2992 est,
1053 2915 1206 2998 quamlibet
1224 2917 1260 2980 sit
1280 2939 1326 2977 sa-

198 2989 303 3067 lutare,
331 2991 363 3052 in
382 2993 496 3054 esitium
515 3015 597 3054 suum
620 3003 801 3056 convertunt.
859 2993 903 3052 lta
920 2991 953 3052 fit
971 3003 1004 3052 ut
1025 3005 1126 3074 sponte
1165 2992 1327 3054 ereuntibus

114 3115 122 3138 ,
199 3065 385 3153 Evangelium
404 3069 478 3130 odor
495 3069 533 3132 sit
551 3069 650 3130 mortis
668 3069 700 3130 iu
718 3079 849 3143 mortem,
866 3079 940 3130 teste
958 3067 1047 3129 Paulo
1067 3069 1121 3148 (II.
1144 3071 1238 3144 omi,
1253 3070 1325 3146 ln).

199 3144 261 3206 Etsi
282 3146 356 3206 enim
377 3145 508 3210 omnihus
527 3145 694 3207 in'salntem
713 3144 885 3227 proponitur
912 3141 988 3206 bunc
1006 3155 1102 3206 tamen
1121 3145 1245 3206 fructum
1263 3166 1325 3207 nou

188 3221 312 3302 profert
330 3221 382 3285 nisi
401 3223 431 3283 in
452 3221 554 3284 electis.
596 3222 659 3302 Fidi
679 3222 761 3284 etiam
781 3233 811 3283 et
830 3187 915 3302 prohi
935 3221 1059 3282 doctoris
1079 3232 1144 3298 est,
1156 3221 1197 3286 sic
1214 3231 1325 3303 tempe-

131 3296 139 3312 *
198 3315 263 3357 rare
281 3298 345 3378 quic
386 3298 412 3359 'd
430 3299 542 3360 adducit
559 3299 591 3359 iu
609 3299 740 3372 medinm,
759 3309 792 3358 nt
810 3297 941 3360 omnibus
959 3297 1057 3379 prosit,
1077 3298 1126 3358 sed
1145 3296 1255 3378 quoties
1274 3297 1326 3358 ali-

197 3380 244 3432 ter
263 3395 347 3436 succe
368 3375 403 3448 't,
432 3373 613 3438 consolemur
633 3395 687 3437 uos
712 3374 819 3438 Christi
840 3393 987 3456 responso.
1031 3371 1133 3435 Pulcre
1156 3385 1250 3436 autem
1274 3395 1325 3434 ex-

197 3445 295 3527 primit
318 3449 482 3527 similitudo,
512 3473 621 3514 causam
649 3451 724 3514 exitii
747 3471 817 3512 non·
832 3471 892 3512 esse
909 3449 940 3512 in
958 3449 1099 3526 doctrina,
1118 3451 1168 3510 sed
1185 3449 1324 3532 reprobos

198 3521 248 3602 qui
271 3523 376 3587 nullam
398 3526 429 3588 in
451 3530 517 3590 Deo
536 3529 659 3596 radicem
677 3527 796 3604 habent,
820 3525 1004 3606 obiectasibi
1022 3524 1164 3600 doctriua,
1190 3545 1324 3604 evomere
1375 3541 1376 3544 ’

199 3597 342 3661 occultum
365 3623 521 3682 venenum,
551 3617 584 3665 ut
605 3604 659 3666 sibi
681 3616 804 3666 mortem
828 3603 1000 3678 accelerent,
1028 3602 1073 3662 cui
1096 3601 1151 3662 iarn
1175 3615 1256 3663 erant
1275 3604 1324 3664 ad-

198 3674 275 3739 dicti.
319 3679 401 3739 Adde
426 3682 503 3760 qnod
526 3679 700 3764 hypocritas,
726 3681 774 3764 qui
796 3677 980 3741 videaturad
998 3689 1110 3762 tempus
1128 3678 1215 3740 instar
1233 3679 1323 3741 bona.-
1357 3707 1361 3716 ¹

149 3765 151 3773 ’
197 3773 261 3814 rum
277 3751 410 3814 arborum
429 3755 555 3836 plantati,
569 3757 733 3836 specialiter
752 3756 882 3818 Christus
899 3754 1036 3838 designat
1087 3755 1219 3836 Epicurei
1238 3757 1322 3832 enim,

197 3828 246 3910 qui
271 3849 364 3892 crasso
389 3841 419 3892 et
442 3831 539 3908 infami
560 3833 623 3906 Dei
647 3844 814 3914 contemptu
841 3841 908 3894 sunt
930 3829 1081 3908 notabiles,
1110 3851 1170 3892 non
1193 3833 1322 3895 dicentur

182 3904 312 3986 proprie
337 3905 440 3969 similes
465 3929 526 3970 esse
550 3909 710 3985 arboribus,
739 3908 842 3971 sedin
867 3907 967 3990 quibus
990 3907 1079 3988 aliqua
1100 3907 1190 3968 inanis
1213 3908 1322 3989 pietatis

196 3982 304 4061 species
324 3983 435 4045 emicat:
473 3983 556 4046 Tales
576 3997 658 4049 eraut
677 3985 798 4060 scribae,
824 3985 874 4066 qni
894 3983 926 4043 in
945 3982 1070 4045 Ecclesia
1088 3984 1145 4046 Dei
1163 4005 1224 4044 non
1243 4007 1322 4046 secus
1371 4002 1374 4014 ‘⁴

196 4075 229 4115 ac
248 4059 325 4120 cedri
345 4060 375 4120 iu
388 4059 498 4124 Libano
518 4053 691 4142 eminebant:
712 4081 769 4152 qm
787 4059 876 4142 magis
894 4059 1013 4121 absurda
1032 4059 1121 4122 videri
1138 4072 1253 4141 poterat
1272 4082 1322 4126 co-

195 4151 259 4193 rum
283 4135 415 4199 deiectio.
475 4137 569 4198 Porro
593 4157 679 4218 quum
701 4137 798 4197 arene
819 4147 919 4216 posset
938 4133 1082 4212 Christus,
1106 4137 1208 4198 merito
1227 4138 1321 4218 perire

196 4206 245 4296 qui
264 4209 381 4275 salutem
398 4213 516 4298 indigue
533 4225 679 4305 respuunt,
698 4211 780 4272 altius
800 4211 973 4286 conscendit
992 4230 1025 4272 ac
1044 4232 1202 4292 quenquam
1220 4235 1321 4296 perpe-

196 4285 248 4336 tuo
266 4296 404 4351 stannum
421 4301 517 4376 negat,
535 4289 589 4350 misr
609 4289 687 4350 cuius
700 4286 778 4358 ¹salus
795 4285 827 4348 in
845 4287 902 4348 Dei
921 4286 1060 4350 electione
1078 4287 1131 4348 fixa
1150 4299 1201 4350 est.
1227 4290 1338 4365 .Qni-=

196 4347 248 4412 lm
270 4361 368 4460 verbis!
389 4367 493 4431 diserte
516 4364 658 4448 exprirnit,
682 4365 801 4448 primam
820 4361 914 4426 salutis
933 4373 1048 4454 nostrae
1070 4362 1211 4447 originem
1230 4365 1320 4429 fluere
