<?xml version="1.0" encoding="UTF-8"?>
<!DOCTYPE html PUBLIC "-//W3C//DTD XHTML 1.0 Transitional//EN"
    "http://www.w3.org/TR/xhtml1/DTD/xhtml1-transitional.dtd">
<html xmlns="http://www.w3.org/1999/xhtml" xml:lang="en" lang="en">
 <head>
  <title>
</title>
<meta http-equiv="Content-Type" content="text/html;charset=utf-8" />
  <meta name='ocr-system' content='tesseract 3.04.00' />
  <meta name='ocr-capabilities' content='ocr_page ocr_carea ocr_par ocr_line ocrx_word'/>
</head>
<body>
  <div class='ocr_page' id='page_1' title='image "./novumtestamentu00calvgoog_0181.png"; bbox 0 0 2804 4762; ppageno 0'>
   <div class='ocr_carea' id='block_1_1' title="bbox 143 269 1020 356">
    <p class='ocr_par' dir='ltr' id='par_1_1' title="bbox 143 269 1020 356">
     <span class='ocr_line' id='line_1_1' title="bbox 143 269 1020 356; baseline -0.009 0"><span class='ocrx_word' id='word_1_1' title='bbox 143 269 148 279; x_wconf 44' lang='grc'><em>“</em></span> <span class='ocrx_word' id='word_1_2' title='bbox 165 292 222 356; x_wconf 75' lang='lat'><strong>172</strong></span> <span class='ocrx_word' id='word_1_3' title='bbox 433 284 548 349; x_wconf 75' lang='lat' dir='ltr'><strong>SECT.</strong></span> <span class='ocrx_word' id='word_1_4' title='bbox 563 285 643 346; x_wconf 72' lang='lat' dir='ltr'><strong>xvi</strong></span> <span class='ocrx_word' id='word_1_5' title='bbox 682 299 758 346; x_wconf 75' lang='lat' dir='ltr'><strong>trra</strong></span> <span class='ocrx_word' id='word_1_6' title='bbox 776 301 809 346; x_wconf 77' lang='lat' dir='ltr'><strong>ns</strong></span> <span class='ocrx_word' id='word_1_7' title='bbox 829 297 1020 348; x_wconf 75' lang='lat' dir='ltr'><strong>musanen.</strong></span> 
     </span>
    </p>
   </div>
   <div class='ocr_carea' id='block_1_2' title="bbox 164 415 1288 830">
    <p class='ocr_par' dir='ltr' id='par_1_2' title="bbox 164 415 1288 830">
     <span class='ocr_line' id='line_1_2' title="bbox 165 415 1287 532; baseline -0.007 -22"><span class='ocrx_word' id='word_1_8' title='bbox 165 441 341 510; x_wconf 84' lang='lat' dir='ltr'><strong>novissimo</strong></span> <span class='ocrx_word' id='word_1_9' title='bbox 363 437 441 530; x_wconf 87' lang='lat' dir='ltr'><strong>dare</strong></span> <span class='ocrx_word' id='word_1_10' title='bbox 462 439 544 502; x_wconf 86' lang='lat' dir='ltr'><strong>sicut</strong></span> <span class='ocrx_word' id='word_1_11' title='bbox 565 444 597 500; x_wconf 86' lang='lat' dir='ltr'><strong>ct</strong></span> <span class='ocrx_word' id='word_1_12' title='bbox 618 433 686 501; x_wconf 82' lang='lat' dir='ltr'><strong>nbi.</strong></span> <span class='ocrx_word' id='word_1_13' title='bbox 734 435 784 499; x_wconf 82' lang='lat'><strong>15.</strong></span> <span class='ocrx_word' id='word_1_14' title='bbox 813 437 866 500; x_wconf 79' lang='lat' dir='ltr'><strong>Ao</strong></span> <span class='ocrx_word' id='word_1_15' title='bbox 891 460 960 532; x_wconf 80' lang='lat' dir='ltr'><strong>pon</strong></span> <span class='ocrx_word' id='word_1_16' title='bbox 985 438 1060 504; x_wconf 89' lang='lat' dir='ltr'><strong>licet</strong></span> <span class='ocrx_word' id='word_1_17' title='bbox 1085 415 1177 516; x_wconf 72' lang='lat' dir='ltr'><strong>mitit·</strong></span> <span class='ocrx_word' id='word_1_18' title='bbox 1200 437 1287 524; x_wconf 91' lang='lat' dir='ltr'><strong>qnod</strong></span> 
     </span>
     <span class='ocr_line' id='line_1_3' title="bbox 164 535 1288 626; baseline -0.004 -18"><span class='ocrx_word' id='word_1_19' title='bbox 164 543 241 608; x_wconf 83' lang='lat' dir='ltr'><strong>volo</strong></span> <span class='ocrx_word' id='word_1_20' title='bbox 264 541 369 606; x_wconf 84' lang='lat' dir='ltr'><strong>lacere</strong></span> <span class='ocrx_word' id='word_1_21' title='bbox 391 541 425 602; x_wconf 95' lang='lat' dir='ltr'><strong>in</strong></span> <span class='ocrx_word' id='word_1_22' title='bbox 444 535 540 603; x_wconf 88' lang='lat' dir='ltr'><strong>rebus</strong></span> <span class='ocrx_word' id='word_1_23' title='bbox 562 540 659 602; x_wconf 85' lang='lat' dir='ltr'><strong>rucis?</strong></span> <span class='ocrx_word' id='word_1_24' title='bbox 691 557 732 600; x_wconf 90' lang='lat' dir='ltr'><strong>au</strong></span> <span class='ocrx_word' id='word_1_25' title='bbox 754 536 868 602; x_wconf 87' lang='lat' dir='ltr'><strong>oculus</strong></span> <span class='ocrx_word' id='word_1_26' title='bbox 891 549 965 608; x_wconf 87' lang='lat' dir='ltr'><strong>tuus</strong></span> <span class='ocrx_word' id='word_1_27' title='bbox 986 541 1089 606; x_wconf 76' lang='lat' dir='ltr'><strong>nialus</strong></span> <span class='ocrx_word' id='word_1_28' title='bbox 1111 549 1172 620; x_wconf 92' lang='lat' dir='ltr'><strong>cst,</strong></span> <span class='ocrx_word' id='word_1_29' title='bbox 1202 539 1288 626; x_wconf 90' lang='lat' dir='ltr'><strong>quod</strong></span> 
     </span>
     <span class='ocr_line' id='line_1_4' title="bbox 165 639 1287 732; baseline -0.004 -20"><span class='ocrx_word' id='word_1_30' title='bbox 165 666 224 732; x_wconf 83' lang='lat' dir='ltr'><strong>cgo</strong></span> <span class='ocrx_word' id='word_1_31' title='bbox 245 641 352 708; x_wconf 88' lang='lat' dir='ltr'><strong>bonus</strong></span> <span class='ocrx_word' id='word_1_32' title='bbox 373 642 450 706; x_wconf 81' lang='lat' dir='ltr'><strong>airu?</strong></span> <span class='ocrx_word' id='word_1_33' title='bbox 490 639 541 704; x_wconf 83' lang='lat' dir='ltr'><strong>lo.</strong></span> <span class='ocrx_word' id='word_1_34' title='bbox 563 639 618 704; x_wconf 86' lang='lat' dir='ltr'><strong>Sic</strong></span> <span class='ocrx_word' id='word_1_35' title='bbox 638 639 806 704; x_wconf 88' lang='lat' dir='ltr'><strong>novissimi</strong></span> <span class='ocrx_word' id='word_1_36' title='bbox 828 649 920 704; x_wconf 88' lang='lat' dir='ltr'><strong>erunt</strong></span> <span class='ocrx_word' id='word_1_37' title='bbox 941 645 1043 730; x_wconf 80' lang='lat' dir='ltr'><strong>primi,</strong></span> <span class='ocrx_word' id='word_1_38' title='bbox 1065 655 1098 709; x_wconf 90' lang='lat' dir='ltr'><strong>ot</strong></span> <span class='ocrx_word' id='word_1_39' title='bbox 1118 645 1212 731; x_wconf 82' lang='lat' dir='ltr'><strong>primi</strong></span> <span class='ocrx_word' id='word_1_40' title='bbox 1230 663 1287 710; x_wconf 88' lang='lat' dir='ltr'><strong>no·</strong></span> 
     </span>
     <span class='ocr_line' id='line_1_5' title="bbox 165 739 1099 830; baseline -0.004 -16"><span class='ocrx_word' id='word_1_41' title='bbox 165 746 299 814; x_wconf 72' lang='lat' dir='ltr'><strong>nissimi:</strong></span> <span class='ocrx_word' id='word_1_42' title='bbox 328 739 418 808; x_wconf 90' lang='lat' dir='ltr'><strong>multi</strong></span> <span class='ocrx_word' id='word_1_43' title='bbox 440 744 523 808; x_wconf 88' lang='lat' dir='ltr'><strong>euim</strong></span> <span class='ocrx_word' id='word_1_44' title='bbox 544 750 620 807; x_wconf 86' lang='lat' dir='ltr'><strong>sunt</strong></span> <span class='ocrx_word' id='word_1_45' title='bbox 639 743 759 822; x_wconf 84' lang='lat' dir='ltr'><strong>vocati,</strong></span> <span class='ocrx_word' id='word_1_46' title='bbox 780 744 875 830; x_wconf 88' lang='lat' dir='ltr'><strong>pauci</strong></span> <span class='ocrx_word' id='word_1_47' title='bbox 895 764 974 810; x_wconf 86' lang='lat' dir='ltr'><strong>vero</strong></span> <span class='ocrx_word' id='word_1_48' title='bbox 996 743 1099 818; x_wconf 83' lang='lat' dir='ltr'><strong>electi,</strong></span> 
     </span>
    </p>
   </div>
   <div class='ocr_carea' id='block_1_3' title="bbox 69 945 1387 4405">
    <p class='ocr_par' dir='ltr' id='par_1_3' title="bbox 69 945 1388 4405">
     <span class='ocr_line' id='line_1_6' title="bbox 172 945 1386 1045; baseline 0.002 -23"><span class='ocrx_word' id='word_1_49' title='bbox 172 1015 179 1022; x_wconf 91' lang='lat'><em>.</em></span> <span class='ocrx_word' id='word_1_50' title='bbox 241 969 340 1044; x_wconf 88' lang='lat' dir='ltr'><strong>Quum</strong></span> <span class='ocrx_word' id='word_1_51' title='bbox 362 963 431 1027; x_wconf 86' lang='lat' dir='ltr'><strong>baec</strong></span> <span class='ocrx_word' id='word_1_52' title='bbox 453 961 584 1044; x_wconf 87' lang='lat' dir='ltr'><strong>parabola</strong></span> <span class='ocrx_word' id='word_1_53' title='bbox 607 962 676 1024; x_wconf 86' lang='lat' dir='ltr'><strong>nihil</strong></span> <span class='ocrx_word' id='word_1_54' title='bbox 698 957 773 1027; x_wconf 87' lang='lat' dir='ltr'><strong>aliud</strong></span> <span class='ocrx_word' id='word_1_55' title='bbox 796 965 847 1038; x_wconf 88' lang='lat' dir='ltr'><strong>sit,</strong></span> <span class='ocrx_word' id='word_1_56' title='bbox 873 985 957 1045; x_wconf 88' lang='lat' dir='ltr'><strong>quam</strong></span> <span class='ocrx_word' id='word_1_57' title='bbox 975 962 1120 1045; x_wconf 77' lang='lat' dir='ltr'><strong>proximae</strong></span> <span class='ocrx_word' id='word_1_58' title='bbox 1137 945 1306 1027; x_wconf 82' lang='lat' dir='ltr'><strong>sententiae·</strong></span> <span class='ocrx_word' id='word_1_59' title='bbox 1385 967 1386 1004; x_wconf 78' lang='lat' dir='ltr'><strong>l</strong></span> 
     </span>
     <span class='ocr_line' id='line_1_7' title="bbox 165 1042 1301 1126; baseline -0.004 -19"><span class='ocrx_word' id='word_1_60' title='bbox 165 1043 352 1119; x_wconf 84' lang='lat' dir='ltr'><strong>confirmatio,</strong></span> <span class='ocrx_word' id='word_1_61' title='bbox 370 1045 469 1102; x_wconf 81' lang='lat' dir='ltr'><strong>Ermrt</strong></span> <span class='ocrx_word' id='word_1_62' title='bbox 479 1043 570 1121; x_wconf 81' lang='lat' dir='ltr'><strong>primi</strong></span> <span class='ocrx_word' id='word_1_63' title='bbox 583 1046 744 1115; x_wconf 71' lang='lat' dir='ltr'><strong>novissimi,</strong></span> <span class='ocrx_word' id='word_1_64' title='bbox 764 1066 841 1106; x_wconf 89' lang='lat' dir='ltr'><strong>nunc</strong></span> <span class='ocrx_word' id='word_1_65' title='bbox 855 1042 1003 1104; x_wconf 85' lang='lat' dir='ltr'><strong>videndum</strong></span> <span class='ocrx_word' id='word_1_66' title='bbox 1017 1042 1163 1126; x_wconf 89' lang='lat' dir='ltr'><strong>quomodo</strong></span> <span class='ocrx_word' id='word_1_67' title='bbox 1176 1043 1301 1123; x_wconf 88' lang='lat' dir='ltr'><strong>aptanda</strong></span> 
     </span>
     <span class='ocr_line' id='line_1_8' title="bbox 166 1117 1300 1202; baseline -0.005 -16"><span class='ocrx_word' id='word_1_68' title='bbox 166 1123 212 1186; x_wconf 84' lang='lat' dir='ltr'><strong>sit.</strong></span> <span class='ocrx_word' id='word_1_69' title='bbox 262 1122 384 1199; x_wconf 79' lang='lat' dir='ltr'><strong>Quidam</strong></span> <span class='ocrx_word' id='word_1_70' title='bbox 402 1120 570 1200; x_wconf 82' lang='lat' dir='ltr'>interpretes</span> <span class='ocrx_word' id='word_1_71' title='bbox 588 1117 660 1180; x_wconf 89' lang='lat' dir='ltr'><strong>hanc</strong></span> <span class='ocrx_word' id='word_1_72' title='bbox 679 1142 818 1184; x_wconf 85' lang='lat' dir='ltr'><strong>summam</strong></span> <span class='ocrx_word' id='word_1_73' title='bbox 834 1118 983 1202; x_wconf 67' lang='lat' dir='ltr'><strong>colligunt,</strong></span> <span class='ocrx_word' id='word_1_74' title='bbox 1011 1118 1154 1198; x_wconf 78' lang='lat' dir='ltr'><strong>quianon</strong></span> <span class='ocrx_word' id='word_1_75' title='bbox 1173 1139 1300 1198; x_wconf 87' lang='lat' dir='ltr'><strong>operum</strong></span> 
     </span>
     <span class='ocr_line' id='line_1_9' title="bbox 103 1193 1299 1278; baseline -0.009 -14"><span class='ocrx_word' id='word_1_76' title='bbox 103 1229 108 1245; x_wconf 71' lang='lat'>=</span> <span class='ocrx_word' id='word_1_77' title='bbox 165 1199 273 1264; x_wconf 78' lang='lat' dir='ltr'><strong>meritis</strong></span> <span class='ocrx_word' id='word_1_78' title='bbox 298 1195 451 1278; x_wconf 89' lang='lat' dir='ltr'><strong>acquiritur</strong></span> <span class='ocrx_word' id='word_1_79' title='bbox 473 1193 602 1273; x_wconf 80' lang='lat' dir='ltr'><strong>coelestis</strong></span> <span class='ocrx_word' id='word_1_80' title='bbox 627 1196 803 1274; x_wconf 79' lang='lat' dir='ltr'><strong>haereditas,</strong></span> <span class='ocrx_word' id='word_1_81' title='bbox 818 1196 868 1258; x_wconf 90' lang='lat' dir='ltr'><strong>sed</strong></span> <span class='ocrx_word' id='word_1_82' title='bbox 925 1196 976 1258; x_wconf 85' lang='lat' dir='ltr'><strong>atis</strong></span> <span class='ocrx_word' id='word_1_83' title='bbox 999 1195 1127 1268; x_wconf 88' lang='lat' dir='ltr'><strong>donatur,</strong></span> <span class='ocrx_word' id='word_1_84' title='bbox 1149 1193 1299 1272; x_wconf 86' lang='lat' dir='ltr'><strong>aequalem</strong></span> 
     </span>
     <span class='ocr_line' id='line_1_10' title="bbox 165 1269 1307 1356; baseline -0.005 -20"><span class='ocrx_word' id='word_1_85' title='bbox 165 1276 230 1338; x_wconf 80' lang='lat' dir='ltr'><strong>iore</strong></span> <span class='ocrx_word' id='word_1_86' title='bbox 249 1276 375 1338; x_wconf 88' lang='lat' dir='ltr'><strong>omnium</strong></span> <span class='ocrx_word' id='word_1_87' title='bbox 394 1272 521 1356; x_wconf 87' lang='lat' dir='ltr'><strong>gloriam.</strong></span> <span class='ocrx_word' id='word_1_88' title='bbox 560 1274 600 1334; x_wconf 80' lang='lat' dir='ltr'><strong>At</strong></span> <span class='ocrx_word' id='word_1_89' title='bbox 621 1273 648 1332; x_wconf 90' lang='lat' dir='ltr'><strong>ui</strong></span> <span class='ocrx_word' id='word_1_90' title='bbox 667 1273 728 1333; x_wconf 81' lang='lat' dir='ltr'><strong>no&#39;n</strong></span> <span class='ocrx_word' id='word_1_91' title='bbox 748 1275 870 1355; x_wconf 85' lang='lat' dir='ltr'><strong>disputat</strong></span> <span class='ocrx_word' id='word_1_92' title='bbox 906 1272 1026 1343; x_wconf 65' lang='lat' dir='ltr'><strong>&#39;hristus</strong></span> <span class='ocrx_word' id='word_1_93' title='bbox 1047 1269 1146 1332; x_wconf 77' lang='lat' dir='ltr'><strong>uelde</strong></span> <span class='ocrx_word' id='word_1_94' title='bbox 1164 1269 1307 1330; x_wconf 85' lang='lat' dir='ltr'><strong>coelestis·</strong></span> 
     </span>
     <span class='ocr_line' id='line_1_11' title="bbox 166 1293 1305 1434; baseline -0.011 -20"><span class='ocrx_word' id='word_1_95' title='bbox 166 1352 274 1434; x_wconf 79' lang='lat' dir='ltr'><strong>gloriae</strong></span> <span class='ocrx_word' id='word_1_96' title='bbox 287 1350 464 1432; x_wconf 78' lang='lat' dir='ltr'><strong>aequalitate,</strong></span> <span class='ocrx_word' id='word_1_97' title='bbox 483 1347 528 1410; x_wconf 87' lang='lat' dir='ltr'><strong>vel</strong></span> <span class='ocrx_word' id='word_1_98' title='bbox 545 1347 582 1410; x_wconf 89' lang='lat' dir='ltr'><strong>dc</strong></span> <span class='ocrx_word' id='word_1_99' title='bbox 599 1293 696 1410; x_wconf 72' lang='lat' dir='ltr'><strong>intuso</strong></span> <span class='ocrx_word' id='word_1_100' title='bbox 715 1350 829 1431; x_wconf 91' lang='lat' dir='ltr'><strong>piorum</strong></span> <span class='ocrx_word' id='word_1_101' title='bbox 847 1361 932 1411; x_wconf 85' lang='lat' dir='ltr'><strong>statu:</strong></span> <span class='ocrx_word' id='word_1_102' title='bbox 952 1348 1000 1409; x_wconf 88' lang='lat' dir='ltr'><strong>sed</strong></span> <span class='ocrx_word' id='word_1_103' title='bbox 1018 1348 1074 1408; x_wconf 92' lang='lat' dir='ltr'><strong>hoc</strong></span> <span class='ocrx_word' id='word_1_104' title='bbox 1092 1357 1200 1408; x_wconf 86' lang='lat' dir='ltr'><strong>tautmu</strong></span> <span class='ocrx_word' id='word_1_105' title='bbox 1224 1365 1305 1424; x_wconf 75' lang='lat' dir='ltr'><strong>pro--¹</strong></span> 
     </span>
     <span class='ocr_line' id='line_1_12' title="bbox 166 1420 1298 1507; baseline -0.011 -17"><span class='ocrx_word' id='word_1_106' title='bbox 166 1429 289 1502; x_wconf 84' lang='lat' dir='ltr'><strong>nuntiat,</strong></span> <span class='ocrx_word' id='word_1_107' title='bbox 308 1447 416 1488; x_wconf 89' lang='lat' dir='ltr'><strong>causam</strong></span> <span class='ocrx_word' id='word_1_108' title='bbox 436 1445 496 1486; x_wconf 88' lang='lat' dir='ltr'><strong>non</strong></span> <span class='ocrx_word' id='word_1_109' title='bbox 516 1445 576 1486; x_wconf 89' lang='lat' dir='ltr'><strong>csse</strong></span> <span class='ocrx_word' id='word_1_110' title='bbox 595 1445 646 1484; x_wconf 92' lang='lat' dir='ltr'><strong>cur</strong></span> <span class='ocrx_word' id='word_1_111' title='bbox 664 1425 824 1507; x_wconf 80' lang='lat' dir='ltr'>glorientur</span> <span class='ocrx_word' id='word_1_112' title='bbox 841 1425 886 1489; x_wconf 86' lang='lat' dir='ltr'><strong>vel</strong></span> <span class='ocrx_word' id='word_1_113' title='bbox 904 1425 963 1487; x_wconf 90' lang='lat' dir='ltr'><strong>aliis</strong></span> <span class='ocrx_word' id='word_1_114' title='bbox 985 1425 1134 1498; x_wconf 82' lang='lat' dir='ltr'><strong>insultent,</strong></span> <span class='ocrx_word' id='word_1_115' title='bbox 1152 1420 1200 1502; x_wconf 91' lang='lat' dir='ltr'><strong>qui</strong></span> <span class='ocrx_word' id='word_1_116' title='bbox 1217 1431 1298 1490; x_wconf 48' lang='lat' dir='ltr'><strong>tem&lt;</strong></span> 
     </span>
     <span class='ocr_line' id='line_1_13' title="bbox 167 1493 1304 1586; baseline -0.011 -20"><span class='ocrx_word' id='word_1_117' title='bbox 167 1514 320 1586; x_wconf 76' lang='lat' dir='ltr'><strong>poreauat</strong></span> <span class='ocrx_word' id='word_1_118' title='bbox 336 1495 455 1582; x_wconf 83' lang='lat' dir='ltr'><strong>priores,</strong></span> <span class='ocrx_word' id='word_1_119' title='bbox 474 1499 537 1580; x_wconf 87' lang='lat' dir='ltr'><strong>quia</strong></span> <span class='ocrx_word' id='word_1_120' title='bbox 549 1500 699 1576; x_wconf 77' lang='lat' dir='ltr'>Dominus,</span> <span class='ocrx_word' id='word_1_121' title='bbox 718 1503 828 1582; x_wconf 91' lang='lat' dir='ltr'><strong>quotics</strong></span> <span class='ocrx_word' id='word_1_122' title='bbox 846 1503 884 1564; x_wconf 92' lang='lat' dir='ltr'><strong>ita</strong></span> <span class='ocrx_word' id='word_1_123' title='bbox 904 1501 1050 1582; x_wconf 77' lang='lat' dir='ltr'>placuerit,</span> <span class='ocrx_word' id='word_1_124' title='bbox 1069 1519 1170 1562; x_wconf 81' lang='lat' dir='ltr'><strong>vocare</strong></span> <span class='ocrx_word' id='word_1_125' title='bbox 1187 1493 1304 1579; x_wconf 66' lang='lat' dir='ltr'><strong>poterit=</strong></span> 
     </span>
     <span class='ocr_line' id='line_1_14' title="bbox 166 1573 1387 1666; baseline -0.007 -23"><span class='ocrx_word' id='word_1_126' title='bbox 166 1601 237 1660; x_wconf 91' lang='lat' dir='ltr'><strong>quos</strong></span> <span class='ocrx_word' id='word_1_127' title='bbox 255 1573 330 1639; x_wconf 85' lang='lat' dir='ltr'><strong>visus</strong></span> <span class='ocrx_word' id='word_1_128' title='bbox 350 1586 392 1665; x_wconf 70' lang='lat' dir='ltr'><strong>est</strong></span> <span class='ocrx_word' id='word_1_129' title='bbox 409 1576 444 1636; x_wconf 91' lang='lat' dir='ltr'><strong>ad</strong></span> <span class='ocrx_word' id='word_1_130' title='bbox 463 1588 572 1666; x_wconf 84' lang='lat' dir='ltr'><strong>tempus</strong></span> <span class='ocrx_word' id='word_1_131' title='bbox 590 1574 745 1658; x_wconf 82' lang='lat' dir='ltr'><strong>negligere,</strong></span> <span class='ocrx_word' id='word_1_132' title='bbox 764 1598 813 1640; x_wconf 89' lang='lat' dir='ltr'><strong>eos</strong></span> <span class='ocrx_word' id='word_1_133' title='bbox 833 1600 869 1638; x_wconf 90' lang='lat' dir='ltr'><strong>ue</strong></span> <span class='ocrx_word' id='word_1_134' title='bbox 887 1577 969 1638; x_wconf 78' lang='lat' dir='ltr'><strong>vela</strong></span> <span class='ocrx_word' id='word_1_135' title='bbox 1006 1599 1073 1638; x_wconf 82' lang='lat' dir='ltr'><strong>uere</strong></span> <span class='ocrx_word' id='word_1_136' title='bbox 1091 1577 1137 1638; x_wconf 89' lang='lat' dir='ltr'><strong>vel</strong></span> <span class='ocrx_word' id='word_1_137' title='bbox 1152 1573 1305 1658; x_wconf 72' lang='lat' dir='ltr'><strong>praeferre·</strong></span> <span class='ocrx_word' id='word_1_138' title='bbox 1386 1595 1387 1598; x_wconf 45' lang='lat'>¹</span> 
     </span>
     <span class='ocr_line' id='line_1_15' title="bbox 165 1599 1300 1746; baseline 0.001 -31"><span class='ocrx_word' id='word_1_139' title='bbox 165 1654 307 1737; x_wconf 88' lang='lat' dir='ltr'><strong>prioribus</strong></span> <span class='ocrx_word' id='word_1_140' title='bbox 327 1651 388 1712; x_wconf 84' lang='lat' dir='ltr'><strong>ittn.</strong></span> <span class='ocrx_word' id='word_1_141' title='bbox 438 1651 470 1712; x_wconf 87' lang='lat' dir='ltr'><strong>si</strong></span> <span class='ocrx_word' id='word_1_142' title='bbox 488 1671 550 1739; x_wconf 82' lang='lat' dir='ltr'><strong>qurs</strong></span> <span class='ocrx_word' id='word_1_143' title='bbox 569 1663 667 1738; x_wconf 73' lang='lat' dir='ltr'><strong>exacte</strong></span> <span class='ocrx_word' id='word_1_144' title='bbox 685 1651 806 1746; x_wconf 73' lang='lat' dir='ltr'><strong>singular</strong></span> <span class='ocrx_word' id='word_1_145' title='bbox 815 1599 905 1712; x_wconf 71' lang='lat' dir='ltr'><strong>buius</strong></span> <span class='ocrx_word' id='word_1_146' title='bbox 923 1674 991 1732; x_wconf 89' lang='lat' dir='ltr'><strong>para</strong></span> <span class='ocrx_word' id='word_1_147' title='bbox 1012 1653 1074 1714; x_wconf 88' lang='lat' dir='ltr'><strong>ulae</strong></span> <span class='ocrx_word' id='word_1_148' title='bbox 1112 1663 1185 1714; x_wconf 87' lang='lat' dir='ltr'><strong>artes</strong></span> <span class='ocrx_word' id='word_1_149' title='bbox 1204 1651 1300 1712; x_wconf 82' lang='lat' dir='ltr'><strong>discu-</strong></span> 
     </span>
     <span class='ocr_line' id='line_1_16' title="bbox 131 1673 1110 1808; baseline -0.005 -18"><span class='ocrx_word' id='word_1_150' title='bbox 131 1793 139 1804; x_wconf 61' lang='grc'>,</span> <span class='ocrx_word' id='word_1_151' title='bbox 165 1744 228 1792; x_wconf 85' lang='lat' dir='ltr'><strong>tere</strong></span> <span class='ocrx_word' id='word_1_152' title='bbox 250 1727 333 1802; x_wconf 81' lang='lat' dir='ltr'><strong>velit,</strong></span> <span class='ocrx_word' id='word_1_153' title='bbox 355 1728 451 1807; x_wconf 82' lang='lat' dir='ltr'><strong>inepta</strong></span> <span class='ocrx_word' id='word_1_154' title='bbox 475 1737 529 1786; x_wconf 88' lang='lat' dir='ltr'><strong>ent</strong></span> <span class='ocrx_word' id='word_1_155' title='bbox 551 1743 609 1786; x_wconf 86' lang='lat' dir='ltr'><strong>etus</strong></span> <span class='ocrx_word' id='word_1_156' title='bbox 633 1725 789 1788; x_wconf 85' lang='lat' dir='ltr'><strong>curiosrtas.</strong></span> <span class='ocrx_word' id='word_1_157' title='bbox 832 1727 910 1789; x_wconf 87' lang='lat' dir='ltr'><strong>Nihil</strong></span> <span class='ocrx_word' id='word_1_158' title='bbox 930 1749 962 1788; x_wconf 91' lang='lat' dir='ltr'><strong>er</strong></span> <span class='ocrx_word' id='word_1_159' title='bbox 982 1749 1001 1787; x_wconf 94' lang='lat' dir='ltr'><strong>o</strong></span> <span class='ocrx_word' id='word_1_160' title='bbox 1020 1673 1110 1808; x_wconf 55' lang='lat' dir='ltr'><strong>ampl?</strong></span> 
     </span>
     <span class='ocr_line' id='line_1_17' title="bbox 165 1799 1299 1882; baseline -0.003 -19"><span class='ocrx_word' id='word_1_161' title='bbox 165 1807 241 1880; x_wconf 87' lang='lat' dir='ltr'><strong>dum,</strong></span> <span class='ocrx_word' id='word_1_162' title='bbox 260 1824 342 1882; x_wconf 89' lang='lat' dir='ltr'><strong>quam</strong></span> <span class='ocrx_word' id='word_1_163' title='bbox 361 1803 437 1881; x_wconf 90' lang='lat' dir='ltr'><strong>quod</strong></span> <span class='ocrx_word' id='word_1_164' title='bbox 455 1801 567 1860; x_wconf 79' lang='lat' dir='ltr'><strong>tradere</strong></span> <span class='ocrx_word' id='word_1_165' title='bbox 585 1799 690 1861; x_wconf 80' lang='lat' dir='ltr'><strong>Christi</strong></span> <span class='ocrx_word' id='word_1_166' title='bbox 709 1802 856 1862; x_wconf 87' lang='lat' dir='ltr'><strong>consilium</strong></span> <span class='ocrx_word' id='word_1_167' title='bbox 874 1802 938 1862; x_wconf 86' lang='lat' dir='ltr'><strong>suit.</strong></span> <span class='ocrx_word' id='word_1_168' title='bbox 998 1823 1066 1862; x_wconf 90' lang='lat' dir='ltr'><strong>orro</strong></span> <span class='ocrx_word' id='word_1_169' title='bbox 1085 1823 1144 1862; x_wconf 86' lang='lat' dir='ltr'><strong>ram</strong></span> <span class='ocrx_word' id='word_1_170' title='bbox 1168 1801 1299 1874; x_wconf 86' lang='lat' dir='ltr'><strong>diximus,</strong></span> 
     </span>
     <span class='ocr_line' id='line_1_18' title="bbox 164 1875 1298 1959; baseline -0.009 -18"><span class='ocrx_word' id='word_1_171' title='bbox 164 1903 224 1941; x_wconf 91' lang='lat' dir='ltr'><strong>non</strong></span> <span class='ocrx_word' id='word_1_172' title='bbox 243 1879 297 1940; x_wconf 91' lang='lat' dir='ltr'><strong>alio</strong></span> <span class='ocrx_word' id='word_1_173' title='bbox 317 1899 381 1937; x_wconf 84' lang='lat' dir='ltr'><strong>erun</strong></span> <span class='ocrx_word' id='word_1_174' title='bbox 400 1886 539 1955; x_wconf 81' lang='lat' dir='ltr'><strong>spectasse</strong></span> <span class='ocrx_word' id='word_1_175' title='bbox 557 1895 640 1954; x_wconf 89' lang='lat' dir='ltr'><strong>quam</strong></span> <span class='ocrx_word' id='word_1_176' title='bbox 659 1888 691 1935; x_wconf 91' lang='lat' dir='ltr'><strong>ut</strong></span> <span class='ocrx_word' id='word_1_177' title='bbox 708 1897 773 1936; x_wconf 91' lang='lat' dir='ltr'><strong>suos</strong></span> <span class='ocrx_word' id='word_1_178' title='bbox 792 1878 827 1936; x_wconf 89' lang='lat' dir='ltr'><strong>ad</strong></span> <span class='ocrx_word' id='word_1_179' title='bbox 839 1877 1016 1959; x_wconf 86' lang='lat' dir='ltr'><strong>pergendmn</strong></span> <span class='ocrx_word' id='word_1_180' title='bbox 1035 1876 1177 1936; x_wconf 87' lang='lat' dir='ltr'><strong>continuis</strong></span> <span class='ocrx_word' id='word_1_181' title='bbox 1195 1875 1298 1935; x_wconf 89' lang='lat' dir='ltr'><strong>stimu-</strong></span> 
     </span>
     <span class='ocr_line' id='line_1_19' title="bbox 163 1951 1299 2030; baseline -0.007 -12"><span class='ocrx_word' id='word_1_182' title='bbox 163 1955 197 2018; x_wconf 88' lang='lat' dir='ltr'><strong>lis</strong></span> <span class='ocrx_word' id='word_1_183' title='bbox 216 1955 353 2017; x_wconf 83' lang='lat' dir='ltr'><strong>incitaret</strong></span> <span class='ocrx_word' id='word_1_184' title='bbox 399 1951 522 2025; x_wconf 85' lang='lat' dir='ltr'><strong>Scimus,</strong></span> <span class='ocrx_word' id='word_1_185' title='bbox 545 1951 694 2030; x_wconf 83' lang='lat' dir='ltr'><strong>segnitiem</strong></span> <span class='ocrx_word' id='word_1_186' title='bbox 718 1953 779 2013; x_wconf 87' lang='lat' dir='ltr'><strong>lere</strong></span> <span class='ocrx_word' id='word_1_187' title='bbox 804 1972 838 2012; x_wconf 83' lang='lat' dir='ltr'><strong>er</strong></span> <span class='ocrx_word' id='word_1_188' title='bbox 861 1953 946 2012; x_wconf 85' lang='lat' dir='ltr'><strong>nimia</strong></span> <span class='ocrx_word' id='word_1_189' title='bbox 967 1951 1067 2012; x_wconf 83' lang='lat' dir='ltr'><strong>fiducia</strong></span> <span class='ocrx_word' id='word_1_190' title='bbox 1086 1951 1184 2012; x_wconf 75' lang='lat' dir='ltr'><strong>nascit·</strong></span> <span class='ocrx_word' id='word_1_191' title='bbox 1200 1951 1240 2010; x_wconf 87' lang='lat' dir='ltr'><strong>ita</strong></span> <span class='ocrx_word' id='word_1_192' title='bbox 1264 1951 1299 2010; x_wconf 90' lang='lat' dir='ltr'><strong>fit</strong></span> 
     </span>
     <span class='ocr_line' id='line_1_20' title="bbox 163 2026 1299 2109; baseline 0 -21"><span class='ocrx_word' id='word_1_193' title='bbox 163 2027 401 2109; x_wconf 62' lang='lat' dir='ltr'><strong>ut,multi‚·quasi</strong></span> <span class='ocrx_word' id='word_1_194' title='bbox 419 2026 508 2090; x_wconf 86' lang='lat' dir='ltr'><strong>stadio</strong></span> <span class='ocrx_word' id='word_1_195' title='bbox 528 2027 729 2103; x_wconf 84' lang='lat' dir='ltr'><strong>consecto„iu</strong></span> <span class='ocrx_word' id='word_1_196' title='bbox 748 2028 843 2108; x_wconf 86' lang='lat' dir='ltr'><strong>medio</strong></span> <span class='ocrx_word' id='word_1_197' title='bbox 862 2050 945 2093; x_wconf 89' lang='lat' dir='ltr'><strong>cursu</strong></span> <span class='ocrx_word' id='word_1_198' title='bbox 963 2027 1117 2094; x_wconf 67' lang='lat' dir='ltr'><strong>desideant,</strong></span> <span class='ocrx_word' id='word_1_199' title='bbox 1160 2026 1231 2091; x_wconf 89' lang='lat' dir='ltr'><strong>Ideo</strong></span> <span class='ocrx_word' id='word_1_200' title='bbox 1251 2026 1299 2088; x_wconf 91' lang='lat' dir='ltr'><strong>iu-</strong></span> 
     </span>
     <span class='ocr_line' id='line_1_21' title="bbox 163 2103 1299 2240; baseline -0.007 -68"><span class='ocrx_word' id='word_1_201' title='bbox 163 2109 215 2173; x_wconf 88' lang='lat' dir='ltr'><strong>bet</strong></span> <span class='ocrx_word' id='word_1_202' title='bbox 232 2129 286 2184; x_wconf 80' lang='lat' dir='ltr'><strong>nos</strong></span> <span class='ocrx_word' id='word_1_203' title='bbox 305 2105 406 2166; x_wconf 87' lang='lat' dir='ltr'><strong>Paulus</strong></span> <span class='ocrx_word' id='word_1_204' title='bbox 425 2124 496 2185; x_wconf 87' lang='lat' dir='ltr'><strong>quae</strong></span> <span class='ocrx_word' id='word_1_205' title='bbox 514 2124 530 2163; x_wconf 95' lang='lat' dir='ltr'><strong>a</strong></span> <span class='ocrx_word' id='word_1_206' title='bbox 550 2114 634 2240; x_wconf 61' lang='lat' dir='ltr'><strong>tergo</strong></span> <span class='ocrx_word' id='word_1_207' title='bbox 653 2116 721 2176; x_wconf 82' lang='lat' dir='ltr'><strong>sunt</strong></span> <span class='ocrx_word' id='word_1_208' title='bbox 740 2103 877 2180; x_wconf 85' lang='lat' dir='ltr'><strong>oblivisci,</strong></span> <span class='ocrx_word' id='word_1_209' title='bbox 895 2116 929 2165; x_wconf 90' lang='lat' dir='ltr'><strong>ut</strong></span> <span class='ocrx_word' id='word_1_210' title='bbox 948 2104 1114 2187; x_wconf 81' lang='lat' dir='ltr'><strong>cogitantes,</strong></span> <span class='ocrx_word' id='word_1_211' title='bbox 1157 2104 1199 2172; x_wconf 61' lang='lat' dir='ltr'><strong>fd</strong></span> <span class='ocrx_word' id='word_1_212' title='bbox 1213 2103 1299 2172; x_wconf 89' lang='lat' dir='ltr'><strong>nobis</strong></span> 
     </span>
     <span class='ocr_line' id='line_1_22' title="bbox 164 2125 1297 2266; baseline -0.006 -20"><span class='ocrx_word' id='word_1_213' title='bbox 164 2187 254 2250; x_wconf 88' lang='lat' dir='ltr'><strong>adhue</strong></span> <span class='ocrx_word' id='word_1_214' title='bbox 273 2183 311 2245; x_wconf 89' lang='lat' dir='ltr'><strong>sit</strong></span> <span class='ocrx_word' id='word_1_215' title='bbox 330 2181 485 2253; x_wconf 89' lang='lat' dir='ltr'><strong>residuum,</strong></span> <span class='ocrx_word' id='word_1_216' title='bbox 508 2199 596 2240; x_wconf 90' lang='lat' dir='ltr'><strong>nosa</strong></span> <span class='ocrx_word' id='word_1_217' title='bbox 633 2192 748 2242; x_wconf 88' lang='lat' dir='ltr'><strong>strenue</strong></span> <span class='ocrx_word' id='word_1_218' title='bbox 767 2182 935 2242; x_wconf 89' lang='lat' dir='ltr'><strong>currendum</strong></span> <span class='ocrx_word' id='word_1_219' title='bbox 952 2193 1093 2242; x_wconf 85' lang='lat' dir='ltr'><strong>acuamus.</strong></span> <span class='ocrx_word' id='word_1_220' title='bbox 1133 2125 1234 2266; x_wconf 42' lang='lat' dir='ltr'><strong>lirrba</strong></span> <span class='ocrx_word' id='word_1_221' title='bbox 1245 2190 1297 2253; x_wconf 73' lang='lat' dir='ltr'><strong>¹ta-</strong></span> 
     </span>
     <span class='ocr_line' id='line_1_23' title="bbox 164 2255 1274 2344; baseline -0.009 -20"><span class='ocrx_word' id='word_1_222' title='bbox 164 2285 233 2324; x_wconf 88' lang='lat' dir='ltr'><strong>meu</strong></span> <span class='ocrx_word' id='word_1_223' title='bbox 251 2279 419 2344; x_wconf 85' lang='lat' dir='ltr'><strong>percurrere</strong></span> <span class='ocrx_word' id='word_1_224' title='bbox 438 2255 508 2316; x_wconf 89' lang='lat' dir='ltr'><strong>nihil</strong></span> <span class='ocrx_word' id='word_1_225' title='bbox 530 2256 659 2333; x_wconf 81' lang='lat' dir='ltr'><strong>nocebit,</strong></span> <span class='ocrx_word' id='word_1_226' title='bbox 682 2269 716 2318; x_wconf 90' lang='lat' dir='ltr'><strong>ut</strong></span> <span class='ocrx_word' id='word_1_227' title='bbox 735 2257 833 2318; x_wconf 82' lang='lat' dir='ltr'><strong>clarius</strong></span> <span class='ocrx_word' id='word_1_228' title='bbox 851 2255 1200 2319; x_wconf 82' lang='lat' dir='ltr'><strong>inde-eluceat&#39;doetrina.</strong></span> <span class='ocrx_word' id='word_1_229' title='bbox 1229 2269 1231 2278; x_wconf 81' lang='grc'>’</span> <span class='ocrx_word' id='word_1_230' title='bbox 1271 2295 1274 2304; x_wconf 67' lang='lat'>=</span> 
     </span>
     <span class='ocr_line' id='line_1_24' title="bbox 179 2335 1297 2416; baseline -0.01 -14"><span class='ocrx_word' id='word_1_231' title='bbox 179 2350 180 2361; x_wconf 62' lang='lat'>¹</span> <span class='ocrx_word' id='word_1_232' title='bbox 241 2336 342 2402; x_wconf 88' lang='lat' dir='ltr'><strong>lllatth.</strong></span> <span class='ocrx_word' id='word_1_233' title='bbox 358 2337 385 2398; x_wconf 93' lang='lat' dir='ltr'><strong>l.</strong></span> <span class='ocrx_word' id='word_1_234' title='bbox 424 2335 504 2396; x_wconf 79' lang='lat' dir='ltr'><strong>Nam</strong></span> <span class='ocrx_word' id='word_1_235' title='bbox 519 2337 619 2400; x_wconf 80' lang='lat' dir='ltr'><strong>,simile</strong></span> <span class='ocrx_word' id='word_1_236' title='bbox 637 2344 824 2416; x_wconf 76' lang='lat' dir='ltr'><strong>est&#39;regnutn</strong></span> <span class='ocrx_word' id='word_1_237' title='bbox 842 2337 994 2396; x_wconf 78' lang='lat' dir='ltr'><strong>coelorum.</strong></span> <span class='ocrx_word' id='word_1_238' title='bbox 1033 2336 1138 2395; x_wconf 86' lang='lat' dir='ltr'><strong>Sensus</strong></span> <span class='ocrx_word' id='word_1_239' title='bbox 1158 2343 1208 2407; x_wconf 92' lang='lat' dir='ltr'><strong>est,</strong></span> <span class='ocrx_word' id='word_1_240' title='bbox 1228 2353 1297 2392; x_wconf 89' lang='lat' dir='ltr'><strong>eau-</strong></span> 
     </span>
     <span class='ocr_line' id='line_1_25' title="bbox 166 2406 1296 2492; baseline -0.012 -13"><span class='ocrx_word' id='word_1_241' title='bbox 166 2418 231 2484; x_wconf 86' lang='lat' dir='ltr'><strong>dem</strong></span> <span class='ocrx_word' id='word_1_242' title='bbox 251 2437 311 2478; x_wconf 90' lang='lat' dir='ltr'><strong>esse</strong></span> <span class='ocrx_word' id='word_1_243' title='bbox 329 2412 468 2474; x_wconf 88' lang='lat' dir='ltr'><strong>rationem</strong></span> <span class='ocrx_word' id='word_1_244' title='bbox 486 2409 595 2473; x_wconf 85' lang='lat' dir='ltr'><strong>divinae</strong></span> <span class='ocrx_word' id='word_1_245' title='bbox 614 2410 783 2484; x_wconf 83' lang='lat' dir='ltr'><strong>vocationis,</strong></span> <span class='ocrx_word' id='word_1_246' title='bbox 805 2411 862 2471; x_wconf 90' lang='lat' dir='ltr'><strong>acsi</strong></span> <span class='ocrx_word' id='word_1_247' title='bbox 876 2411 1018 2492; x_wconf 73' lang='lat' dir='ltr'><strong>quispiam</strong></span> <span class='ocrx_word' id='word_1_248' title='bbox 1029 2408 1180 2490; x_wconf 86' lang='lat' dir='ltr'><strong>operarios</strong></span> <span class='ocrx_word' id='word_1_249' title='bbox 1199 2406 1234 2468; x_wconf 92' lang='lat' dir='ltr'><strong>ad</strong></span> <span class='ocrx_word' id='word_1_250' title='bbox 1252 2408 1296 2468; x_wconf 79' lang='lat' dir='ltr'><strong>&#39;vi-</strong></span> 
     </span>
     <span class='ocr_line' id='line_1_26' title="bbox 165 2484 1297 2569; baseline -0.007 -16"><span class='ocrx_word' id='word_1_251' title='bbox 165 2515 237 2554; x_wconf 90' lang='lat' dir='ltr'><strong>neae</strong></span> <span class='ocrx_word' id='word_1_252' title='bbox 255 2513 322 2552; x_wconf 90' lang='lat' dir='ltr'><strong>suae</strong></span> <span class='ocrx_word' id='word_1_253' title='bbox 342 2489 478 2554; x_wconf 89' lang='lat' dir='ltr'><strong>culturam</strong></span> <span class='ocrx_word' id='word_1_254' title='bbox 497 2507 579 2547; x_wconf 87' lang='lat' dir='ltr'><strong>mane</strong></span> <span class='ocrx_word' id='word_1_255' title='bbox 599 2499 680 2548; x_wconf 88' lang='lat' dir='ltr'><strong>certo</strong></span> <span class='ocrx_word' id='word_1_256' title='bbox 701 2487 795 2569; x_wconf 91' lang='lat' dir='ltr'><strong>pretio</strong></span> <span class='ocrx_word' id='word_1_257' title='bbox 815 2488 1000 2562; x_wconf 85' lang='lat' dir='ltr'><strong>conduceret,</strong></span> <span class='ocrx_word' id='word_1_258' title='bbox 1024 2485 1093 2546; x_wconf 89' lang='lat' dir='ltr'><strong>alios</strong></span> <span class='ocrx_word' id='word_1_259' title='bbox 1112 2484 1213 2545; x_wconf 89' lang='lat' dir='ltr'><strong>deinde</strong></span> <span class='ocrx_word' id='word_1_260' title='bbox 1230 2484 1297 2556; x_wconf 78' lang='lat' dir='ltr'><strong>stub-</strong></span> 
     </span>
     <span class='ocr_line' id='line_1_27' title="bbox 164 2561 1296 2646; baseline -0.009 -17"><span class='ocrx_word' id='word_1_261' title='bbox 164 2571 293 2630; x_wconf 86' lang='lat' dir='ltr'><strong>mitteret</strong></span> <span class='ocrx_word' id='word_1_262' title='bbox 318 2567 378 2626; x_wconf 88' lang='lat' dir='ltr'><strong>sine</strong></span> <span class='ocrx_word' id='word_1_263' title='bbox 403 2565 548 2645; x_wconf 86' lang='lat' dir='ltr'><strong>pactione,</strong></span> <span class='ocrx_word' id='word_1_264' title='bbox 575 2564 676 2644; x_wconf 87' lang='lat' dir='ltr'><strong>quibus</strong></span> <span class='ocrx_word' id='word_1_265' title='bbox 698 2577 795 2625; x_wconf 66' lang='lat' dir='ltr'><strong>umen</strong></span> <span class='ocrx_word' id='word_1_266' title='bbox 819 2583 916 2646; x_wconf 83' lang='lat' dir='ltr'><strong>parem</strong></span> <span class='ocrx_word' id='word_1_267' title='bbox 937 2561 1096 2624; x_wconf 86' lang='lat' dir='ltr'><strong>mercedem</strong></span> <span class='ocrx_word' id='word_1_268' title='bbox 1118 2561 1296 2643; x_wconf 80' lang='lat' dir='ltr'><strong>rependeret.</strong></span> 
     </span>
     <span class='ocr_line' id='line_1_28' title="bbox 165 2639 1297 2724; baseline -0.007 -20"><span class='ocrx_word' id='word_1_269' title='bbox 165 2646 261 2724; x_wconf 73' lang='lat' dir='ltr'><strong>Regna</strong></span> <span class='ocrx_word' id='word_1_270' title='bbox 280 2654 373 2702; x_wconf 89' lang='lat' dir='ltr'><strong>autem</strong></span> <span class='ocrx_word' id='word_1_271' title='bbox 392 2643 537 2702; x_wconf 78' lang='lat' dir='ltr'><strong>coelorum</strong></span> <span class='ocrx_word' id='word_1_272' title='bbox 554 2641 619 2702; x_wconf 89' lang='lat' dir='ltr'><strong>ideo</strong></span> <span class='ocrx_word' id='word_1_273' title='bbox 639 2642 778 2724; x_wconf 81' lang='lat' dir='ltr'><strong>meminit,</strong></span> <span class='ocrx_word' id='word_1_274' title='bbox 796 2642 860 2721; x_wconf 87' lang='lat' dir='ltr'><strong>quia</strong></span> <span class='ocrx_word' id='word_1_275' title='bbox 877 2639 1049 2720; x_wconf 82' lang='lat' dir='ltr'><strong>spiritualem</strong></span> <span class='ocrx_word' id='word_1_276' title='bbox 1063 2639 1150 2699; x_wconf 86' lang='lat' dir='ltr'><strong>vitam</strong></span> <span class='ocrx_word' id='word_1_277' title='bbox 1168 2650 1297 2699; x_wconf 82' lang='lat' dir='ltr'><strong>terrenae</strong></span> 
     </span>
     <span class='ocr_line' id='line_1_29' title="bbox 165 2715 1295 2798; baseline -0.009 -18"><span class='ocrx_word' id='word_1_278' title='bbox 165 2725 319 2797; x_wconf 85' lang='lat' dir='ltr'><strong>comparat,</strong></span> <span class='ocrx_word' id='word_1_279' title='bbox 339 2716 469 2796; x_wconf 85' lang='lat' dir='ltr'><strong>vitaeque</strong></span> <span class='ocrx_word' id='word_1_280' title='bbox 479 2729 633 2776; x_wconf 80' lang='lat' dir='ltr'><strong>aeternae·</strong></span> <span class='ocrx_word' id='word_1_281' title='bbox 658 2716 791 2776; x_wconf 89' lang='lat' dir='ltr'><strong>raemium</strong></span> <span class='ocrx_word' id='word_1_282' title='bbox 811 2719 956 2795; x_wconf 88' lang='lat' dir='ltr'><strong>pecuniae,</strong></span> <span class='ocrx_word' id='word_1_283' title='bbox 975 2738 1029 2798; x_wconf 90' lang='lat' dir='ltr'><strong>qua</strong></span> <span class='ocrx_word' id='word_1_284' title='bbox 1049 2715 1177 2776; x_wconf 87' lang='lat' dir='ltr'><strong>homines</strong></span> <span class='ocrx_word' id='word_1_285' title='bbox 1199 2733 1295 2794; x_wconf 90' lang='lat' dir='ltr'><strong>operas</strong></span> 
     </span>
     <span class='ocr_line' id='line_1_30' title="bbox 163 2739 1296 2872; baseline -0.008 -18"><span class='ocrx_word' id='word_1_286' title='bbox 163 2793 218 2855; x_wconf 84' lang='lat' dir='ltr'><strong>sibi</strong></span> <span class='ocrx_word' id='word_1_287' title='bbox 237 2789 381 2872; x_wconf 70' lang='lat' dir='ltr'><strong>praestitas</strong></span> <span class='ocrx_word' id='word_1_288' title='bbox 400 2782 614 2852; x_wconf 61' lang='lat' dir='ltr'><strong>munerantur*</strong></span> <span class='ocrx_word' id='word_1_289' title='bbox 628 2739 747 2872; x_wconf 42' lang='lat' dir='ltr'><strong>¹iuncum</strong></span> <span class='ocrx_word' id='word_1_290' title='bbox 767 2793 843 2853; x_wconf 88' lang='lat' dir='ltr'><strong>hunc</strong></span> <span class='ocrx_word' id='word_1_291' title='bbox 881 2794 973 2854; x_wconf 89' lang='lat' dir='ltr'><strong>uidam</strong></span> <span class='ocrx_word' id='word_1_292' title='bbox 991 2789 1130 2852; x_wconf 80' lang='lat' dir='ltr'><strong>subtiliter</strong></span> <span class='ocrx_word' id='word_1_293' title='bbox 1148 2790 1296 2869; x_wconf 88' lang='lat' dir='ltr'><strong>accipiunt,</strong></span> 
     </span>
     <span class='ocr_line' id='line_1_31' title="bbox 163 2863 1295 2944; baseline -0.008 -13"><span class='ocrx_word' id='word_1_294' title='bbox 163 2869 221 2931; x_wconf 89' lang='lat' dir='ltr'><strong>acsi</strong></span> <span class='ocrx_word' id='word_1_295' title='bbox 242 2868 419 2927; x_wconf 87' lang='lat' dir='ltr'><strong>discerneret</strong></span> <span class='ocrx_word' id='word_1_296' title='bbox 443 2867 571 2928; x_wconf 78' lang='lat' dir='ltr'><strong>Christus</strong></span> <span class='ocrx_word' id='word_1_297' title='bbox 594 2867 712 2928; x_wconf 88' lang='lat' dir='ltr'><strong>ludaeos</strong></span> <span class='ocrx_word' id='word_1_298' title='bbox 736 2888 752 2927; x_wconf 91' lang='lat' dir='ltr'><strong>a</strong></span> <span class='ocrx_word' id='word_1_299' title='bbox 776 2867 864 2928; x_wconf 88' lang='lat' dir='ltr'><strong>Gen&#39;</strong></span> <span class='ocrx_word' id='word_1_300' title='bbox 884 2891 927 2928; x_wconf 89' lang='lat' dir='ltr'><strong>us.</strong></span> <span class='ocrx_word' id='word_1_301' title='bbox 966 2870 1085 2938; x_wconf 86' lang='lat' dir='ltr'><strong>Iudaeos</strong></span> <span class='ocrx_word' id='word_1_302' title='bbox 1109 2867 1183 2927; x_wconf 85' lang='lat' dir='ltr'><strong>euim</strong></span> <span class='ocrx_word' id='word_1_303' title='bbox 1207 2863 1295 2944; x_wconf 88' lang='lat' dir='ltr'><strong>prima</strong></span> 
     </span>
     <span class='ocr_line' id='line_1_32' title="bbox 163 2939 1294 3025; baseline -0.011 -16"><span class='ocrx_word' id='word_1_304' title='bbox 163 2945 237 3008; x_wconf 90' lang='lat' dir='ltr'><strong>bora</strong></span> <span class='ocrx_word' id='word_1_305' title='bbox 255 2945 352 3008; x_wconf 87' lang='lat' dir='ltr'><strong>dicunt</strong></span> <span class='ocrx_word' id='word_1_306' title='bbox 369 2939 452 3000; x_wconf 84' lang='lat' dir='ltr'><strong>luisse</strong></span> <span class='ocrx_word' id='word_1_307' title='bbox 470 2954 550 3021; x_wconf 86' lang='lat' dir='ltr'><strong>pacta</strong></span> <span class='ocrx_word' id='word_1_308' title='bbox 568 2943 699 3002; x_wconf 91' lang='lat' dir='ltr'><strong>mercede</strong></span> <span class='ocrx_word' id='word_1_309' title='bbox 717 2955 843 3017; x_wconf 86' lang='lat' dir='ltr'><strong>vocatos,</strong></span> <span class='ocrx_word' id='word_1_310' title='bbox 862 2945 926 3025; x_wconf 90' lang='lat' dir='ltr'><strong>quia</strong></span> <span class='ocrx_word' id='word_1_311' title='bbox 941 2944 1082 3013; x_wconf 84' lang='lat' dir='ltr'><strong>Dominus</strong></span> <span class='ocrx_word' id='word_1_312' title='bbox 1099 2944 1183 3004; x_wconf 85' lang='lat' dir='ltr'><strong>vitam</strong></span> <span class='ocrx_word' id='word_1_313' title='bbox 1201 2951 1294 3000; x_wconf 89' lang='lat' dir='ltr'><strong>aeter-</strong></span> 
     </span>
     <span class='ocr_line' id='line_1_33' title="bbox 162 3015 1291 3112; baseline -0.009 -29"><span class='ocrx_word' id='word_1_314' title='bbox 162 3043 229 3090; x_wconf 78' lang='lat' dir='ltr'><strong>nam</strong></span> <span class='ocrx_word' id='word_1_315' title='bbox 250 3019 301 3082; x_wconf 92' lang='lat' dir='ltr'><strong>sub</strong></span> <span class='ocrx_word' id='word_1_316' title='bbox 322 3015 487 3079; x_wconf 90' lang='lat' dir='ltr'><strong>conditione</strong></span> <span class='ocrx_word' id='word_1_317' title='bbox 505 3015 558 3078; x_wconf 91' lang='lat' dir='ltr'><strong>illis</strong></span> <span class='ocrx_word' id='word_1_318' title='bbox 577 3017 718 3108; x_wconf 83' lang='lat' dir='ltr'><strong>promisit,</strong></span> <span class='ocrx_word' id='word_1_319' title='bbox 742 3019 764 3080; x_wconf 90' lang='lat' dir='ltr'><strong>si</strong></span> <span class='ocrx_word' id='word_1_320' title='bbox 782 3019 891 3112; x_wconf 79' lang='lat' dir='ltr'><strong>Legem</strong></span> <span class='ocrx_word' id='word_1_321' title='bbox 909 3019 1073 3102; x_wconf 87' lang='lat' dir='ltr'><strong>implerent:</strong></span> <span class='ocrx_word' id='word_1_322' title='bbox 1104 3020 1134 3078; x_wconf 92' lang='lat' dir='ltr'><strong>in</strong></span> <span class='ocrx_word' id='word_1_323' title='bbox 1152 3015 1291 3078; x_wconf 88' lang='lat' dir='ltr'><strong>Gentibus</strong></span> 
     </span>
     <span class='ocr_line' id='line_1_34' title="bbox 162 3091 1292 3178; baseline -0.007 -21"><span class='ocrx_word' id='word_1_324' title='bbox 162 3111 256 3158; x_wconf 88' lang='lat' dir='ltr'><strong>autern</strong></span> <span class='ocrx_word' id='word_1_325' title='bbox 274 3093 406 3166; x_wconf 83' lang='lat' dir='ltr'><strong>vocandis</strong></span> <span class='ocrx_word' id='word_1_326' title='bbox 418 3091 529 3160; x_wconf 78' lang='lat' dir='ltr'><strong>¹nullam</strong></span> <span class='ocrx_word' id='word_1_327' title='bbox 548 3092 811 3174; x_wconf 75' lang='lat' dir='ltr'><strong>fuissepactionem</strong></span> <span class='ocrx_word' id='word_1_328' title='bbox 830 3097 1034 3178; x_wconf 77' lang='lat' dir='ltr'><strong>interpositam,</strong></span> <span class='ocrx_word' id='word_1_329' title='bbox 1054 3093 1151 3156; x_wconf 89' lang='lat' dir='ltr'><strong>saltem</strong></span> <span class='ocrx_word' id='word_1_330' title='bbox 1166 3113 1292 3174; x_wconf 89' lang='lat' dir='ltr'><strong>operum,</strong></span> 
     </span>
     <span class='ocr_line' id='line_1_35' title="bbox 163 3167 1293 3255; baseline -0.006 -23"><span class='ocrx_word' id='word_1_331' title='bbox 163 3174 227 3252; x_wconf 88' lang='lat' dir='ltr'><strong>quia</strong></span> <span class='ocrx_word' id='word_1_332' title='bbox 251 3172 338 3255; x_wconf 81' lang='lat' dir='ltr'><strong>gratis</strong></span> <span class='ocrx_word' id='word_1_333' title='bbox 365 3168 458 3231; x_wconf 84' lang='lat' dir='ltr'><strong>oblata</strong></span> <span class='ocrx_word' id='word_1_334' title='bbox 480 3167 533 3252; x_wconf 86' lang='lat' dir='ltr'><strong>illis</strong></span> <span class='ocrx_word' id='word_1_335' title='bbox 557 3169 612 3230; x_wconf 84' lang='lat' dir='ltr'><strong>fuit</strong></span> <span class='ocrx_word' id='word_1_336' title='bbox 636 3169 666 3230; x_wconf 91' lang='lat' dir='ltr'><strong>iu</strong></span> <span class='ocrx_word' id='word_1_337' title='bbox 690 3173 808 3234; x_wconf 81' lang='lat' dir='ltr'><strong>Christo</strong></span> <span class='ocrx_word' id='word_1_338' title='bbox 831 3174 912 3236; x_wconf 87' lang='lat' dir='ltr'><strong>salus.</strong></span> <span class='ocrx_word' id='word_1_339' title='bbox 950 3175 1008 3236; x_wconf 87' lang='lat' dir='ltr'><strong>Sed</strong></span> <span class='ocrx_word' id='word_1_340' title='bbox 1031 3175 1206 3253; x_wconf 86' lang='lat' dir='ltr'><strong>importunae</strong></span> <span class='ocrx_word' id='word_1_341' title='bbox 1230 3177 1293 3228; x_wconf 92' lang='lat' dir='ltr'><strong>sunt</strong></span> 
     </span>
     <span class='ocr_line' id='line_1_36' title="bbox 162 3245 1295 3342; baseline -0.001 -37"><span class='ocrx_word' id='word_1_342' title='bbox 162 3267 261 3314; x_wconf 89' lang='lat' dir='ltr'><strong>omnes</strong></span> <span class='ocrx_word' id='word_1_343' title='bbox 287 3246 447 3308; x_wconf 90' lang='lat' dir='ltr'><strong>huiusmodi</strong></span> <span class='ocrx_word' id='word_1_344' title='bbox 470 3248 609 3328; x_wconf 83' lang='lat' dir='ltr'><strong>argutiae,</strong></span> <span class='ocrx_word' id='word_1_345' title='bbox 637 3246 700 3325; x_wconf 87' lang='lat' dir='ltr'><strong>qnia</strong></span> <span class='ocrx_word' id='word_1_346' title='bbox 724 3248 874 3310; x_wconf 87' lang='lat' dir='ltr'><strong>discrimen</strong></span> <span class='ocrx_word' id='word_1_347' title='bbox 898 3251 930 3312; x_wconf 90' lang='lat' dir='ltr'><strong>in</strong></span> <span class='ocrx_word' id='word_1_348' title='bbox 951 3262 1037 3342; x_wconf 75' lang='lat' dir='ltr'><strong>pacto</strong></span> <span class='ocrx_word' id='word_1_349' title='bbox 1064 3248 1179 3328; x_wconf 77' lang='lat' dir='ltr'><strong>minime</strong></span> <span class='ocrx_word' id='word_1_350' title='bbox 1200 3245 1295 3306; x_wconf 82' lang='lat' dir='ltr'><strong>statuit</strong></span> 
     </span>
     <span class='ocr_line' id='line_1_37' title="bbox 161 3315 1297 3407; baseline -0.001 -25"><span class='ocrx_word' id='word_1_351' title='bbox 161 3321 389 3407; x_wconf 71' lang='lat' dir='ltr'><strong>Dominus,sed</strong></span> <span class='ocrx_word' id='word_1_352' title='bbox 408 3333 519 3384; x_wconf 87' lang='lat' dir='ltr'><strong>tautum</strong></span> <span class='ocrx_word' id='word_1_353' title='bbox 538 3321 568 3380; x_wconf 90' lang='lat' dir='ltr'><strong>in</strong></span> <span class='ocrx_word' id='word_1_354' title='bbox 587 3335 724 3402; x_wconf 88' lang='lat' dir='ltr'><strong>tempore,</strong></span> <span class='ocrx_word' id='word_1_355' title='bbox 747 3327 822 3404; x_wconf 92' lang='lat' dir='ltr'><strong>qnod</strong></span> <span class='ocrx_word' id='word_1_356' title='bbox 842 3327 888 3407; x_wconf 88' lang='lat' dir='ltr'><strong>qui</strong></span> <span class='ocrx_word' id='word_1_357' title='bbox 908 3327 998 3388; x_wconf 76' lang='lat' dir='ltr'><strong>ultimi</strong></span> <span class='ocrx_word' id='word_1_358' title='bbox 1017 3325 1067 3387; x_wconf 88' lang='lat' dir='ltr'><strong>suh</strong></span> <span class='ocrx_word' id='word_1_359' title='bbox 1088 3343 1232 3406; x_wconf 89' lang='lat' dir='ltr'><strong>vesperam</strong></span> <span class='ocrx_word' id='word_1_360' title='bbox 1251 3315 1297 3402; x_wconf 59' lang='lat' dir='ltr'><strong>in-v</strong></span> 
     </span>
     <span class='ocr_line' id='line_1_38' title="bbox 183 3399 1295 3484; baseline 0 -27"><span class='ocrx_word' id='word_1_361' title='bbox 183 3399 253 3459; x_wconf 88' lang='lat' dir='ltr'><strong>ressl</strong></span> <span class='ocrx_word' id='word_1_362' title='bbox 279 3409 355 3457; x_wconf 84' lang='lat' dir='ltr'><strong>sunt·</strong></span> <span class='ocrx_word' id='word_1_363' title='bbox 374 3400 405 3457; x_wconf 93' lang='lat' dir='ltr'><strong>in</strong></span> <span class='ocrx_word' id='word_1_364' title='bbox 434 3399 560 3481; x_wconf 78' lang='lat' dir='ltr'><strong>vineam,</strong></span> <span class='ocrx_word' id='word_1_365' title='bbox 595 3399 712 3460; x_wconf 89' lang='lat' dir='ltr'><strong>candem</strong></span> <span class='ocrx_word' id='word_1_366' title='bbox 744 3423 808 3464; x_wconf 88' lang='lat' dir='ltr'><strong>cum</strong></span> <span class='ocrx_word' id='word_1_367' title='bbox 839 3403 936 3484; x_wconf 86' lang='lat' dir='ltr'><strong>prirnis</strong></span> <span class='ocrx_word' id='word_1_368' title='bbox 955 3403 1100 3484; x_wconf 72' lang='lat' dir='ltr'><strong>&#39;accipiant</strong></span> <span class='ocrx_word' id='word_1_369' title='bbox 1119 3400 1295 3461; x_wconf 85' lang='lat' dir='ltr'><strong>mercedem.</strong></span> 
     </span>
     <span class='ocr_line' id='line_1_39' title="bbox 108 3417 1295 3563; baseline 0.001 -29"><span class='ocrx_word' id='word_1_370' title='bbox 108 3497 112 3509; x_wconf 88' lang='lat'><strong>·</strong></span> <span class='ocrx_word' id='word_1_371' title='bbox 162 3417 302 3563; x_wconf 41' lang='lat' dir='ltr'><strong>Quamvis</strong></span> <span class='ocrx_word' id='word_1_372' title='bbox 321 3474 398 3533; x_wconf 81' lang='lat' dir='ltr'><strong>enim</strong></span> <span class='ocrx_word' id='word_1_373' title='bbox 414 3476 493 3535; x_wconf 87' lang='lat' dir='ltr'><strong>Deus</strong></span> <span class='ocrx_word' id='word_1_374' title='bbox 510 3473 578 3552; x_wconf 82' lang='lat' dir='ltr'><strong>olim</strong></span> <span class='ocrx_word' id='word_1_375' title='bbox 597 3475 706 3537; x_wconf 89' lang='lat' dir='ltr'><strong>Iudaeis</strong></span> <span class='ocrx_word' id='word_1_376' title='bbox 725 3479 885 3540; x_wconf 87' lang='lat' dir='ltr'><strong>mercedem</strong></span> <span class='ocrx_word' id='word_1_377' title='bbox 905 3499 1023 3560; x_wconf 91' lang='lat' dir='ltr'><strong>operum</strong></span> <span class='ocrx_word' id='word_1_378' title='bbox 1042 3480 1073 3538; x_wconf 92' lang='lat' dir='ltr'><strong>in</strong></span> <span class='ocrx_word' id='word_1_379' title='bbox 1090 3479 1169 3560; x_wconf 88' lang='lat' dir='ltr'><strong>Lege</strong></span> <span class='ocrx_word' id='word_1_380' title='bbox 1189 3475 1295 3558; x_wconf 87' lang='lat' dir='ltr'><strong>promi-</strong></span> 
     </span>
     <span class='ocr_line' id='line_1_40' title="bbox 139 3550 1374 3634; baseline -0.002 -22"><span class='ocrx_word' id='word_1_381' title='bbox 139 3550 239 3626; x_wconf 81' lang='lat' dir='ltr'><strong>&#39;serit,</strong></span> <span class='ocrx_word' id='word_1_382' title='bbox 259 3569 359 3609; x_wconf 83' lang='lat' dir='ltr'><strong>sumus</strong></span> <span class='ocrx_word' id='word_1_383' title='bbox 379 3561 487 3624; x_wconf 69' lang='lat' dir='ltr'><strong>minen,</strong></span> <span class='ocrx_word' id='word_1_384' title='bbox 512 3551 566 3610; x_wconf 91' lang='lat' dir='ltr'><strong>hoc</strong></span> <span class='ocrx_word' id='word_1_385' title='bbox 585 3552 705 3624; x_wconf 77' lang='lat' dir='ltr'><strong>caruisse</strong></span> <span class='ocrx_word' id='word_1_386' title='bbox 725 3552 846 3628; x_wconf 83' lang='lat' dir='ltr'><strong>ellectu,</strong></span> <span class='ocrx_word' id='word_1_387' title='bbox 865 3555 929 3634; x_wconf 86' lang='lat' dir='ltr'><strong>quia</strong></span> <span class='ocrx_word' id='word_1_388' title='bbox 948 3576 1034 3626; x_wconf 85' lang='lat' dir='ltr'><strong>nemo</strong></span> <span class='ocrx_word' id='word_1_389' title='bbox 1055 3555 1171 3619; x_wconf 85' lang='lat' dir='ltr'><strong>salutem</strong></span> <span class='ocrx_word' id='word_1_390' title='bbox 1189 3551 1294 3614; x_wconf 88' lang='lat' dir='ltr'><strong>meritis</strong></span> <span class='ocrx_word' id='word_1_391' title='bbox 1372 3616 1374 3620; x_wconf 54' lang='grc'><strong>,</strong></span> 
     </span>
     <span class='ocr_line' id='line_1_41' title="bbox 102 3625 1295 3720; baseline -0.001 -32"><span class='ocrx_word' id='word_1_392' title='bbox 102 3699 113 3708; x_wconf 49' lang='grc'><strong>,</strong></span> <span class='ocrx_word' id='word_1_393' title='bbox 163 3627 219 3688; x_wconf 90' lang='lat' dir='ltr'><strong>suis</strong></span> <span class='ocrx_word' id='word_1_394' title='bbox 237 3645 371 3714; x_wconf 79' lang='lat' dir='ltr'><strong>unquam</strong></span> <span class='ocrx_word' id='word_1_395' title='bbox 391 3625 509 3720; x_wconf 72' lang='lat' dir='ltr'><strong>adeptup</strong></span> <span class='ocrx_word' id='word_1_396' title='bbox 530 3638 581 3687; x_wconf 78' lang='lat' dir='ltr'><strong>cst.</strong></span> <span class='ocrx_word' id='word_1_397' title='bbox 622 3627 683 3689; x_wconf 84' lang='lat' dir='ltr'><strong>Cur</strong></span> <span class='ocrx_word' id='word_1_398' title='bbox 708 3650 778 3715; x_wconf 84' lang='lat' dir='ltr'><strong>ergo</strong></span> <span class='ocrx_word' id='word_1_399' title='bbox 804 3630 893 3708; x_wconf 87' lang='lat' dir='ltr'><strong>(dicet</strong></span> <span class='ocrx_word' id='word_1_400' title='bbox 912 3630 1063 3713; x_wconf 82' lang='lat' dir='ltr'><strong>quispiam)</strong></span> <span class='ocrx_word' id='word_1_401' title='bbox 1088 3629 1224 3712; x_wconf 87' lang='lat' dir='ltr'><strong>pactionis</strong></span> <span class='ocrx_word' id='word_1_402' title='bbox 1249 3651 1295 3688; x_wconf 83' lang='lat' dir='ltr'><strong>ex·</strong></span> 
     </span>
     <span class='ocr_line' id='line_1_42' title="bbox 162 3702 1295 3842; baseline -0.001 -77"><span class='ocrx_word' id='word_1_403' title='bbox 162 3724 259 3842; x_wconf 71' lang='lat' dir='ltr'><strong>ppesse</strong></span> <span class='ocrx_word' id='word_1_404' title='bbox 286 3713 416 3762; x_wconf 86' lang='lat' dir='ltr'><strong>mennon</strong></span> <span class='ocrx_word' id='word_1_405' title='bbox 440 3702 584 3780; x_wconf 68' lang='lat' dir='ltr'><strong>bhrrstus,</strong></span> <span class='ocrx_word' id='word_1_406' title='bbox 615 3704 651 3764; x_wconf 88' lang='lat' dir='ltr'><strong>de</strong></span> <span class='ocrx_word' id='word_1_407' title='bbox 676 3707 774 3786; x_wconf 87' lang='lat' dir='ltr'><strong>prir&#39;nis</strong></span> <span class='ocrx_word' id='word_1_408' title='bbox 799 3707 932 3787; x_wconf 88' lang='lat' dir='ltr'><strong>loquens,</strong></span> <span class='ocrx_word' id='word_1_409' title='bbox 963 3709 993 3767; x_wconf 91' lang='lat' dir='ltr'><strong>in</strong></span> <span class='ocrx_word' id='word_1_410' title='bbox 1017 3708 1074 3769; x_wconf 89' lang='lat' dir='ltr'><strong>aliis</strong></span> <span class='ocrx_word' id='word_1_411' title='bbox 1100 3727 1169 3776; x_wconf 83' lang='lat' dir='ltr'><strong>vero</strong></span> <span class='ocrx_word' id='word_1_412' title='bbox 1195 3705 1295 3766; x_wconf 76' lang='lat' dir='ltr'><strong>tacuit?</strong></span> 
     </span>
     <span class='ocr_line' id='line_1_43' title="bbox 194 3779 1295 3864; baseline 0.001 -23"><span class='ocrx_word' id='word_1_413' title='bbox 194 3801 275 3862; x_wconf 89' lang='lat' dir='ltr'><strong>empe</strong></span> <span class='ocrx_word' id='word_1_414' title='bbox 297 3790 330 3839; x_wconf 91' lang='lat' dir='ltr'><strong>ut</strong></span> <span class='ocrx_word' id='word_1_415' title='bbox 350 3779 481 3864; x_wconf 80' lang='lat' dir='ltr'><strong>doceret,</strong></span> <span class='ocrx_word' id='word_1_416' title='bbox 500 3780 568 3840; x_wconf 87' lang='lat' dir='ltr'><strong>sine</strong></span> <span class='ocrx_word' id='word_1_417' title='bbox 590 3781 752 3861; x_wconf 70' lang='lat' dir='ltr'><strong>cuiusquam</strong></span> <span class='ocrx_word' id='word_1_418' title='bbox 768 3783 875 3844; x_wconf 81' lang='lat' dir='ltr'><strong>&#39;iniuria</strong></span> <span class='ocrx_word' id='word_1_419' title='bbox 897 3787 1046 3864; x_wconf 85' lang='lat' dir='ltr'><strong>postremis</strong></span> <span class='ocrx_word' id='word_1_420' title='bbox 1069 3783 1166 3845; x_wconf 87' lang='lat' dir='ltr'><strong>haberi</strong></span> <span class='ocrx_word' id='word_1_421' title='bbox 1189 3793 1295 3844; x_wconf 87' lang='lat' dir='ltr'><strong>tautum</strong></span> 
     </span>
     <span class='ocr_line' id='line_1_44' title="bbox 162 3851 1295 3943; baseline -0.001 -27"><span class='ocrx_word' id='word_1_422' title='bbox 162 3851 297 3938; x_wconf 74' lang='lat' dir='ltr'><strong>lionoris‘,</strong></span> <span class='ocrx_word' id='word_1_423' title='bbox 317 3854 374 3916; x_wconf 91' lang='lat' dir='ltr'><strong>acsi</strong></span> <span class='ocrx_word' id='word_1_424' title='bbox 394 3854 428 3931; x_wconf 84' lang='lat' dir='ltr'><strong>ab</strong></span> <span class='ocrx_word' id='word_1_425' title='bbox 448 3855 530 3916; x_wconf 88' lang='lat' dir='ltr'><strong>initio</strong></span> <span class='ocrx_word' id='word_1_426' title='bbox 550 3861 643 3940; x_wconf 73' lang='lat' dir='ltr'><strong>uocati</strong></span> <span class='ocrx_word' id='word_1_427' title='bbox 663 3870 769 3935; x_wconf 77' lang='lat' dir='ltr'><strong>essent:</strong></span> <span class='ocrx_word' id='word_1_428' title='bbox 791 3881 860 3922; x_wconf 88' lang='lat' dir='ltr'><strong>nam</strong></span> <span class='ocrx_word' id='word_1_429' title='bbox 878 3863 994 3943; x_wconf 77' lang='lat' dir='ltr'><strong>proprie</strong></span> <span class='ocrx_word' id='word_1_430' title='bbox 1012 3861 1167 3942; x_wconf 88' lang='lat' dir='ltr'><strong>loquendo,</strong></span> <span class='ocrx_word' id='word_1_431' title='bbox 1179 3856 1295 3934; x_wconf 62' lang='lat' dir='ltr'><strong>&#39;agnini</strong></span> 
     </span>
     <span class='ocr_line' id='line_1_45' title="bbox 164 3925 1294 4020; baseline 0.001 -28"><span class='ocrx_word' id='word_1_432' title='bbox 164 3935 312 4014; x_wconf 85' lang='lat' dir='ltr'><strong>quicquam</strong></span> <span class='ocrx_word' id='word_1_433' title='bbox 336 3933 435 4010; x_wconf 89' lang='lat' dir='ltr'><strong>debet,</strong></span> <span class='ocrx_word' id='word_1_434' title='bbox 461 3931 577 4012; x_wconf 89' lang='lat' dir='ltr'><strong>iureque</strong></span> <span class='ocrx_word' id='word_1_435' title='bbox 601 3955 653 3996; x_wconf 85' lang='lat' dir='ltr'><strong>suo</strong></span> <span class='ocrx_word' id='word_1_436' title='bbox 682 3936 768 4018; x_wconf 83' lang='lat' dir='ltr'><strong>erigit</strong></span> <span class='ocrx_word' id='word_1_437' title='bbox 793 3958 809 3996; x_wconf 88' lang='lat' dir='ltr'><strong>a</strong></span> <span class='ocrx_word' id='word_1_438' title='bbox 831 3937 925 4014; x_wconf 84' lang='lat' dir='ltr'><strong>nobis&#39;,</strong></span> <span class='ocrx_word' id='word_1_439' title='bbox 953 3961 1024 4020; x_wconf 93' lang='lat' dir='ltr'><strong>quos</strong></span> <span class='ocrx_word' id='word_1_440' title='bbox 1044 3937 1097 4000; x_wconf 90' lang='lat' dir='ltr'><strong>sibi</strong></span> <span class='ocrx_word' id='word_1_441' title='bbox 1119 3937 1203 3996; x_wconf 89' lang='lat' dir='ltr'><strong>habet</strong></span> <span class='ocrx_word' id='word_1_442' title='bbox 1221 3925 1294 4012; x_wconf 85' lang='lat' dir='ltr'><strong>addi-</strong></span> 
     </span>
     <span class='ocr_line' id='line_1_46' title="bbox 166 4009 1293 4096; baseline 0 -29"><span class='ocrx_word' id='word_1_443' title='bbox 166 4021 240 4084; x_wconf 86' lang='lat' dir='ltr'><strong>ctos,</strong></span> <span class='ocrx_word' id='word_1_444' title='bbox 266 4031 449 4090; x_wconf 89' lang='lat' dir='ltr'><strong>quaecunque</strong></span> <span class='ocrx_word' id='word_1_445' title='bbox 468 4009 600 4080; x_wconf 64' lang='lat' dir='ltr'><strong>injnoltis</strong></span> <span class='ocrx_word' id='word_1_446' title='bbox 619 4011 671 4070; x_wconf 87' lang='lat' dir='ltr'><strong>sita</strong></span> <span class='ocrx_word' id='word_1_447' title='bbox 689 4025 755 4071; x_wconf 92' lang='lat' dir='ltr'><strong>sunt</strong></span> <span class='ocrx_word' id='word_1_448' title='bbox 774 4013 916 4095; x_wconf 85' lang='lat' dir='ltr'><strong>obsequia.</strong></span> <span class='ocrx_word' id='word_1_449' title='bbox 960 4016 1017 4075; x_wconf 87' lang='lat' dir='ltr'><strong>Sed</strong></span> <span class='ocrx_word' id='word_1_450' title='bbox 1036 4015 1098 4094; x_wconf 88' lang='lat' dir='ltr'><strong>quia</strong></span> <span class='ocrx_word' id='word_1_451' title='bbox 1116 4011 1202 4096; x_wconf 83' lang='lat' dir='ltr'><strong>gratis</strong></span> <span class='ocrx_word' id='word_1_452' title='bbox 1223 4031 1293 4072; x_wconf 85' lang='lat' dir='ltr'><strong>mer-</strong></span> 
     </span>
     <span class='ocr_line' id='line_1_47' title="bbox 166 4085 1292 4172; baseline 0.005 -32"><span class='ocrx_word' id='word_1_453' title='bbox 166 4085 263 4170; x_wconf 84' lang='lat' dir='ltr'><strong>cedum</strong></span> <span class='ocrx_word' id='word_1_454' title='bbox 288 4087 370 4168; x_wconf 85' lang='lat' dir='ltr'><strong>nohis</strong></span> <span class='ocrx_word' id='word_1_455' title='bbox 394 4085 497 4162; x_wconf 85' lang='lat' dir='ltr'><strong>olsert,</strong></span> <span class='ocrx_word' id='word_1_456' title='bbox 512 4133 513 4142; x_wconf 58' lang='grc'>,</span> <span class='ocrx_word' id='word_1_457' title='bbox 528 4085 631 4147; x_wconf 82' lang='lat' dir='ltr'><strong>dicitrn</strong></span> <span class='ocrx_word' id='word_1_458' title='bbox 656 4109 755 4168; x_wconf 85' lang='lat' dir='ltr'><strong>operas</strong></span> <span class='ocrx_word' id='word_1_459' title='bbox 784 4091 837 4150; x_wconf 91' lang='lat' dir='ltr'><strong>sibi</strong></span> <span class='ocrx_word' id='word_1_460' title='bbox 864 4091 968 4172; x_wconf 85' lang='lat' dir='ltr'><strong>alioqui</strong></span> <span class='ocrx_word' id='word_1_461' title='bbox 997 4091 1102 4151; x_wconf 87' lang='lat' dir='ltr'><strong>debitas</strong></span> <span class='ocrx_word' id='word_1_462' title='bbox 1128 4091 1292 4150; x_wconf 86' lang='lat' dir='ltr'><strong>conducere.</strong></span> 
     </span>
     <span class='ocr_line' id='line_1_48' title="bbox 165 4156 1293 4250; baseline 0.012 -39"><span class='ocrx_word' id='word_1_463' title='bbox 165 4156 242 4218; x_wconf 79' lang='lat' dir='ltr'><strong>ltine</strong></span> <span class='ocrx_word' id='word_1_464' title='bbox 259 4161 291 4230; x_wconf 81' lang='lat' dir='ltr'><strong>fit</strong></span> <span class='ocrx_word' id='word_1_465' title='bbox 310 4177 341 4223; x_wconf 92' lang='lat' dir='ltr'><strong>nt</strong></span> <span class='ocrx_word' id='word_1_466' title='bbox 362 4165 445 4236; x_wconf 86' lang='lat' dir='ltr'><strong>etiarn</strong></span> <span class='ocrx_word' id='word_1_467' title='bbox 463 4163 601 4246; x_wconf 78' lang='lat' dir='ltr'><strong>mercedis</strong></span> <span class='ocrx_word' id='word_1_468' title='bbox 621 4167 738 4234; x_wconf 84' lang='lat' dir='ltr'><strong>nomine</strong></span> <span class='ocrx_word' id='word_1_469' title='bbox 758 4165 903 4248; x_wconf 77' lang='lat' dir='ltr'><strong>dignetur,</strong></span> <span class='ocrx_word' id='word_1_470' title='bbox 927 4191 1007 4250; x_wconf 86' lang='lat' dir='ltr'><strong>quarn</strong></span> <span class='ocrx_word' id='word_1_471' title='bbox 1031 4168 1116 4250; x_wconf 89' lang='lat' dir='ltr'><strong>gratis</strong></span> <span class='ocrx_word' id='word_1_472' title='bbox 1140 4167 1227 4242; x_wconf 87' lang='lat' dir='ltr'><strong>donat</strong></span> <span class='ocrx_word' id='word_1_473' title='bbox 1247 4183 1293 4230; x_wconf 62' lang='lat' dir='ltr'><strong>co,-</strong></span> 
     </span>
     <span class='ocr_line' id='line_1_49' title="bbox 128 4239 1295 4324; baseline -0.002 -25"><span class='ocrx_word' id='word_1_474' title='bbox 128 4284 130 4289; x_wconf 80' lang='lat'><em>·</em></span> <span class='ocrx_word' id='word_1_475' title='bbox 166 4247 274 4292; x_wconf 77' lang='lat' dir='ltr'><strong>¹&#39;⁰¹1³m·</strong></span> <span class='ocrx_word' id='word_1_476' title='bbox 313 4240 407 4302; x_wconf 91' lang='lat' dir='ltr'><strong>Porro</strong></span> <span class='ocrx_word' id='word_1_477' title='bbox 428 4252 460 4302; x_wconf 90' lang='lat' dir='ltr'><strong>nt</strong></span> <span class='ocrx_word' id='word_1_478' title='bbox 479 4241 654 4317; x_wconf 75' lang='lat' dir='ltr'><strong>ostenderet,</strong></span> <span class='ocrx_word' id='word_1_479' title='bbox 675 4239 781 4302; x_wconf 89' lang='lat' dir='ltr'><strong>nullam</strong></span> <span class='ocrx_word' id='word_1_480' title='bbox 798 4245 880 4306; x_wconf 90' lang='lat' dir='ltr'><strong>nobis</strong></span> <span class='ocrx_word' id='word_1_481' title='bbox 900 4267 960 4306; x_wconf 91' lang='lat' dir='ltr'><strong>esse</strong></span> <span class='ocrx_word' id='word_1_482' title='bbox 979 4267 1086 4318; x_wconf 87' lang='lat' dir='ltr'><strong>causam</strong></span> <span class='ocrx_word' id='word_1_483' title='bbox 1107 4239 1295 4324; x_wconf 84' lang='lat' dir='ltr'><strong>expostulandi</strong></span> 
     </span>
     <span class='ocr_line' id='line_1_50' title="bbox 69 4311 1295 4405; baseline 0.007 -38"><span class='ocrx_word' id='word_1_484' title='bbox 69 4343 72 4368; x_wconf 52' lang='grc' dir='ltr'><strong>μ</strong></span> <span class='ocrx_word' id='word_1_485' title='bbox 168 4319 230 4358; x_wconf 77' lang='grc'><strong>111111</strong></span> <span class='ocrx_word' id='word_1_486' title='bbox 251 4311 332 4386; x_wconf 85' lang='lat' dir='ltr'><strong>Deo,</strong></span> <span class='ocrx_word' id='word_1_487' title='bbox 352 4317 375 4374; x_wconf 89' lang='lat' dir='ltr'><strong>si</strong></span> <span class='ocrx_word' id='word_1_488' title='bbox 394 4318 510 4382; x_wconf 77' lang='lat' dir='ltr'><strong>honoris</strong></span> <span class='ocrx_word' id='word_1_489' title='bbox 530 4319 890 4405; x_wconf 73' lang='lat' dir='ltr'><strong>socios-nobis‘adiungat,</strong></span> <span class='ocrx_word' id='word_1_490' title='bbox 907 4322 955 4402; x_wconf 92' lang='lat' dir='ltr'><strong>qui</strong></span> <span class='ocrx_word' id='word_1_491' title='bbox 974 4322 1061 4401; x_wconf 86' lang='lat' dir='ltr'><strong>longo</strong></span> <span class='ocrx_word' id='word_1_492' title='bbox 1080 4317 1226 4380; x_wconf 82' lang='lat' dir='ltr'><strong>interuallo</strong></span> <span class='ocrx_word' id='word_1_493' title='bbox 1245 4338 1295 4377; x_wconf 89' lang='lat' dir='ltr'><strong>nos</strong></span> 
     </span>
    </p>
   </div>
   <div class='ocr_carea' id='block_1_4' title="bbox 168 4383 1295 4474">
    <p class='ocr_par' dir='ltr' id='par_1_4' title="bbox 168 4383 1295 4474">
     <span class='ocr_line' id='line_1_51' title="bbox 168 4383 1295 4474; baseline 0.008 -24"><span class='ocrx_word' id='word_1_494' title='bbox 168 4383 278 4450; x_wconf 58' lang='lat' dir='ltr'><strong>“lutati</strong></span> <span class='ocrx_word' id='word_1_495' title='bbox 298 4401 373 4465; x_wconf 85' lang='lat' dir='ltr'><strong>sunt,</strong></span> <span class='ocrx_word' id='word_1_496' title='bbox 393 4393 601 4468; x_wconf 77' lang='lat' dir='ltr'><strong>simibtudinem</strong></span> <span class='ocrx_word' id='word_1_497' title='bbox 617 4407 758 4460; x_wconf 86' lang='lat' dir='ltr'><strong>mutuatus</strong></span> <span class='ocrx_word' id='word_1_498' title='bbox 778 4411 823 4462; x_wconf 85' lang='lat' dir='ltr'><strong>est</strong></span> <span class='ocrx_word' id='word_1_499' title='bbox 841 4421 875 4466; x_wconf 76' lang='lat' dir='ltr'><strong>er</strong></span> <span class='ocrx_word' id='word_1_500' title='bbox 892 4401 1032 4474; x_wconf 78' lang='lat' dir='ltr'><strong>coanuuui</strong></span> <span class='ocrx_word' id='word_1_501' title='bbox 1047 4396 1193 4459; x_wconf 89' lang='lat' dir='ltr'><strong>hominum</strong></span> <span class='ocrx_word' id='word_1_502' title='bbox 1207 4413 1295 4468; x_wconf 80' lang='lat' dir='ltr'><strong>more.</strong></span> 
     </span>
    </p>
   </div>
   <div class='ocr_carea' id='block_1_5' title="bbox 0 0 1406 4762">
    <p class='ocr_par' dir='ltr' id='par_1_5' title="bbox 0 0 1406 4762">
     <span class='ocr_line' id='line_1_52' title="bbox 0 0 1406 4762; baseline 0 0"><span class='ocrx_word' id='word_1_503' title='bbox 0 0 1406 4762; x_wconf 95' lang='lat' dir='ltr'><strong> </strong></span> 
     </span>
    </p>
   </div>
   <div class='ocr_carea' id='block_1_6' title="bbox 1091 1739 1388 1817">
    <p class='ocr_par' dir='ltr' id='par_1_6' title="bbox 1091 1739 1388 1817">
     <span class='ocr_line' id='line_1_53' title="bbox 1091 1739 1388 1817; baseline -0.003 -31"><span class='ocrx_word' id='word_1_504' title='bbox 1091 1750 1138 1817; x_wconf 39' lang='lat' dir='ltr'><strong>,rus</strong></span> <span class='ocrx_word' id='word_1_505' title='bbox 1158 1747 1301 1805; x_wconf 85' lang='lat' dir='ltr'><strong>quaereu-</strong></span> <span class='ocrx_word' id='word_1_506' title='bbox 1384 1739 1388 1760; x_wconf 69' lang='grc'><strong>1</strong></span> 
     </span>
    </p>
   </div>
  </div>
 </body>
</html>
