2790 4764
171 233 226 292 tte
379 251 383 256 ·
439 227 556 289 *SEC'L
577 228 642 288 XV.
686 243 774 288 tusus
795 242 836 288 nn
856 243 1024 292 omotnom.
1079 287 1084 298 ,

170 383 239 444 taric
258 379 354 442 cmcis'
368 377 526 440 tolerantia.
566 376 733 460 Abnegatio
751 370 820 442 baec
839 378 895 442 late
915 392 1003 461 patet,
1022 392 1055 442 ut
1073 379 1180 448 scilicet
1199 404 1304 446 renun-

170 461 273 520 tiantes
294 456 413 537 proprio
437 447 465 514 in
489 454 568 527 enio,
599 466 630 514 et
654 454 785 517 omnibus
809 457 899 518 carno
922 455 1073 520 affectibus
1096 458 1190 522 valere
1214 459 1303 535 iussis,

188 533 257 594 arati
276 533 361 594 sinam
380 532 410 592 in
430 531 459 590 ni
490 531 548 590 lum
566 530 670 614 redigi,
689 532 776 592 modo
796 529 826 592 in
845 533 928 594 nobis
947 536 1025 596 vivat
1043 555 1076 598 ac
1095 547 1199 618 regnet
1216 536 1303 598 Deus.

167 557 294 686 icium,
322 628 405 698 quana
430 625 519 668 coeco
543 627 640 668 autore
663 609 707 668 sui
733 608 897 670 naturaliter
925 609 1053 691 impliciti
1082 611 1141 673 sint
1168 611 1306 705 homines,

119 719 121 726 ·
169 699 304 778 quantum
316 683 377 775 ⁸sulti
395 683 482 775 dediti
501 684 567 756 sint
587 683 685 763 quanti
703 706 734 745 se
752 684 1004 776 ipsosaestiment
1029 686 1133 769 'Atqui
1151 688 1176 750 si
1194 689 1304 773 ingredi

169 782 345 902 ttttttd
360 757 1305 926 litt?lllttlt‚telllllttt'tt‘tttttttlltt

168 913 285 978 mando:
305 927 334 976 et
351 911 524 1006 subigendos
536 912 679 1004 progredi.
707 914 754 975 De
773 935 859 974 eruce
874 916 1005 975 tollendo
1024 916 1088 977 ideo
1108 919 1305 994 concionatur,

169 993 242 1084 quia,
262 991 316 1054 etsi
334 990 529 1052 communtbus
548 1010 666 1051 maserns
685 991 845 1072 promiscue
864 991 990 1054 subiecta
1010 1003 1054 1054 est
1071 991 1219 1054 hominum
1237 995 1304 1072 vita,
1330 1005 1341 1014 '

169 1091 233 1151 quta
251 1081 347 1130 tamen
387 1065 544 1129 eculiariter
560 1067 638 1127 Deus
657 1085 724 1128 suos
744 1080 865 1143 exercet,
885 1081 918 1129 ut
937 1067 1099 1131 conformes
1118 1071 1216 1132 reddat
1234 1069 1305 1133 ima-

169 1145 230 1229 gini
247 1145 313 1206 Filii
331 1167 389 1220 snt,
413 1142 486 1204 hanc
506 1141 557 1204 illis
577 1141 671 1226 legem
689 1145 805 1226 proprie
824 1141 958 1206 dicinon
977 1147 1080 1206 mirum
1099 1157 1151 1207 est.
1189 1147 1303 1210 Deinde

188 1233 332 1306 uunquam
352 1223 430 1283 Deus
455 1241 540 1281 cruce
561 1231 663 1280 oneret
685 1232 744 1281 tam
766 1219 855 1283 malos
879 1243 962 1316 pram
985 1221 1092 1314 bonos,
1124 1243 1186 1283 non
1209 1235 1305 1286 tamen

166 1241 302 1362 iicontur
320 1319 435 1359 crucem
452 1296 566 1371 tollere,
586 1295 640 1356 nisi
659 1295 707 1376 qui
725 1295 859 1360 humeros
877 1298 1000 1360 libenter
1018 1297 1181 1360 subiiciunt:
1206 1321 1305 1381 quam·

98 1433 103 1443 „
169 1379 211 1440 sis
231 1377 306 1437 enirn
322 1375 405 1436 seror
424 1394 456 1434 ac
475 1371 655 1434 refractarius
677 1393 764 1453 equus
787 1397 926 1436 sessorem
949 1374 1097 1450 susnneat,
1122 1397 1184 1436 non
1206 1387 1305 1440 nmen

169 1475 234 1515 erno
253 1449 376 1532 suscipit.
424 1449 504 1509 Haec
522 1448 610 1531 igitur
628 1450 764 1530 patientia
784 1463 827 1512 est
844 1450 979 1526 fidelium,
1004 1471 1118 1514 crucem
1136 1451 1190 1513 sihi
1208 1452 1304 1536 impo-

167 1530 289 1611 positam
307 1527 402 1590 animo
421 1525 524 1588 subire.
570 1524 657 1618 Apud
675 1525 782 1586 Lucam
801 1527 911 1588 additur
933 1527 1068 1609 particula
1086 1531 1231 1609 quotidie,
1256 1531 1305 1591 cui

168 1606 264 1666 subest
284 1623 418 1686 magnum
436 1603 560 1683 pondus:
584 1601 722 1682 significat
741 1603 816 1664 enim
832 1602 972 1682 Christus,
991 1603 1098 1666 nullum
1116 1605 1230 1668 militiae
1247 1626 1304 1667 no-

168 1693 242 1742 strae
261 1679 325 1742 iore
342 1679 442 1752 linem,
468 1678 561 1738 donec
580 1698 596 1738 e
615 1679 722 1738 mundo
742 1699 880 1743 exeamus
931 1681 977 1742 Sit
1002 1682 1012 1740 i
1034 1681 1091 1744 ‘tur
1108 1681 1178 1746 haec
1196 1683 1303 1746 assidua

188 1759 278 1818 'orum
297 1755 457 1828 meditatio,
480 1753 529 1814 ubi
547 1753 673 1834 pluribus
691 1758 832 1816 aerumnis
851 1755 993 1836 perfuncti
1025 1759 1135 1834 uerint,
1155 1761 1196 1823 ,ad
1214 1780 1302 1822 noras

180 1833 298 1894 crendes
317 1853 348 1893 se
369 1852 478 1912 parare.
699 1893 702 1900 ‚

241 1911 288 1971 26.
330 1909 390 1987 Qui
408 1911 485 1968 enim
503 1907 627 1966 coluerit
648 1909 780 1964 ammam
798 1929 926 1967 servare.
967 1909 1115 1989 Aptissima
1135 1911 1301 1988 consolatio,

205 1985 243 2048 od
270 1985 324 2046 sibi
351 1986 437 2045 vitam
466 2003 534 2044 vere
561 1982 719 2073 acquirant,
750 1982 799 2063 qui
826 1996 929 2074 sponte
956 1997 1080 2046 mortem
1107 2009 1160 2068 pro
1185 1988 1302 2050 Christo

165 2085 185 2123 o
207 2075 287 2122 eunt:
316 2083 382 2122 nam
406 2057 1039 2142 Mncus‚d1sertehancmoriendi-causam
1065 2060 1192 2153 lidelilpus
1217 2085 1301 2147 prae-

166 2139 276 2200 seribit:
294 2137 364 2199 ideo
385 2149 412 2198 et
431 2138 462 2197 iu
480 2135 574 2196 serbis
593 2133 728 2196 Matthaei
749 2133 937 2198 subaudienda
957 2147 1007 2198 est
1046 2139 1094 2198 Fit
1112 2161 1188 2200 emm
1206 2162 1301 2223 saepe,

166 2229 199 2276 ut
216 2215 332 2275 ambitio
351 2213 398 2274 vel
416 2211 574 2294 desperatio
593 2211 627 2272 ad
641 2211 715 2272 vitae
734 2223 931 2292 contemptum
945 2213 1079 2293 profanos
1097 2213 1226 2278 homines
1243 2217 1301 2278 im-

166 2291 263 2374 pellat,
282 2291 331 2374 qni
349 2303 444 2350 tamen
463 2289 524 2378 sine
543 2286 675 2380 proiectu
693 2288 819 2348 animose
838 2290 872 2351 ad
890 2301 1013 2382 mortem
1033 2303 1195 2382 properant
1234 2292 1301 2371 Op-

165 2369 258 2450 posita
285 2369 372 2430 etiam
396 2377 578 2432 commmatio
602 2364 636 2424 ad
659 2363 840 2426 vellicandam
864 2365 954 2428 carnis
983 2387 1121 2450 :gneum
1146 2365 1301 2448 plurimum

162 2445 253 2522 ualet,
276 2467 363 2526 muru
381 2442 537 2526 praesentis
555 2441 628 2503 vitae
648 2440 764 2522 cupidos
786 2440 843 2504 hoc
867 2454 978 2504 tantum
996 2441 1136 2524 proficere
1154 2444 1299 2519 admonet,

165 2533 197 2580 ut
216 2544 277 2584 eam
296 2523 424 2601 perdant.
464 2520 518 2582 Est
535 2529 629 2579 numm
648 2516 792 2580 antithesis
811 2518 886 2581 inter
903 2529 961 2580 tem
983 2519 1088 2581 oralem
1107 2533 1137 2581 et
1155 2533 1299 2582 aeternam

164 2595 263 2672 vitam,
294 2598 381 2660 sicuti
400 2595 431 2656 in
454 2596 596 2658 decimum
619 2607 703 2676 caput
726 2595 886 2672 docuimus,
910 2617 950 2656 un
970 2617 986 2658 s
1008 2595 1114 2678 reliqna
1136 2608 1234 2678 petant
1255 2596 1299 2660 le·

164 2683 269 2734 stores.
627 2688 635 2700 ¹
1053 2683 1056 2697 “

238 2749 286 2810 26.
329 2749 411 2824 Quid
427 2752 504 2808 enim
518 2749 640 2826 prodest
660 2749 779 2804 ammae
796 2757 852 2808 etc.
896 2747 1011 2810 Nomen
1025 2753 1147 2812 ammae
1164 2747 1210 2810 laic
1226 2769 1296 2831 pro·
1393 2801 1394 2804 ,

163 2823 227 2904 prie
245 2823 394 2902 accipitur:
413 2825 548 2886 admonet
568 2825 643 2883 einim
664 2821 802 2896 Christus,
822 2824 965 2886 nonideo
985 2827 1106 2887 mentam
1126 2847 1185 2888 esse
1203 2826 1296 2886 homi-

163 2902 207 2962 nis
226 2899 360 2974 animam,
385 2909 419 2958 ut
441 2901 548 2958 mundo
572 2909 680 2956 tantum
704 2895 739 2956 ad
762 2918 867 2973 paucos
890 2900 948 2962 dies
973 2901 1096 2977 truatur,
1119 2903 1169 2966 sed
1191 2914 1223 2964 ut
1245 2923 1294 2964 sua

162 2977 275 3038 demum
293 2975 349 3036 illic
367 2984 480 3036 constet
497 2975 528 3036 in
547 2971 629 3032 coelo
648 2971 855 3034 immortalitas:
878 2976 934 3036 acsi
953 2976 1075 3052 dixisset,
1095 2977 1208 3052 Quanta
1226 2979 1295 3039 haee

161 3054 291 3116 socordia
310 3063 361 3126 est,
381 3063 409 3112 et
427 3071 511 3130 pram
528 3048 630 3110 brutus
646 3061 756 3130 stupor,
775 3052 853 3130 quod
872 3049 1001 3114 homines
1020 3055 1058 3116 ita
1075 3055 1129 3116 sibi
1147 3056 1293 3118 devinctos

161 3142 243 3190 tenet
264 3130 385 3190 mundus
412 3139 441 3188 et
464 3135 599 3206 occupat,
625 3137 738 3186 utnon
764 3127 905 3210 cogitent,
930 3150 1065 3210 quorsum
1087 3133 1146 3194 nati
1169 3133 1238 3208 siut,
1263 3143 1294 3192 et

161 3205 214 3264 sibi
233 3207 324 3265 datam
344 3227 404 3266 esse
423 3199 610 3264 immortalem
630 3202 758 3277 animam,
779 3216 813 3264 ut
834 3205 969 3270 conlecto
989 3218 1118 3270 terrenae
1136 3209 1209 3270 iitae
1228 3230 1293 3270 cur*

159 3279 251 3356 riculo
271 3283 301 3341 in
320 3281 408 3344 coelis
426 3287 566 3362 perpetuo
586 3278 700 3344 vivant?
735 3280 774 3339 Et
790 3275 905 3416 puidam
924 3281 1048 3344 fatentur
1067 3306 1179 3359 omnes,
1204 3284 1291 3366 pluris

160 3375 220 3416 esse
238 3359 359 3420 animam
377 3357 486 3418 eunctis
504 3355 601 3416 mundi
621 3355 722 3438 opibus
743 3367 771 3418 et
810 3357 904 3433 elisiis,
922 3359 972 3422 sed
992 3361 1099 3422 interca
1119 3383 1168 3422 eos
1188 3381 1292 3424 excoe-

148 3442 203 3490 ett
223 3435 314 3494 carnis
333 3455 439 3508 sensus,
460 3445 490 3492 ut
509 3434 612 3492 animas
631 3454 693 3494 suas
712 3434 743 3492 iu
763 3433 877 3495 exitium
896 3437 1018 3498 scientes
1033 3449 1066 3498 ac
1080 3438 1207 3500 volentes
1221 3459 1292 3518 pro-

157 3507 260 3567 iiciant.
299 3511 378 3602 Ergo
398 3531 436 3570 ne
454 3511 509 3570 suis
528 3508 666 3570 illecebris
686 3531 738 3569 nos
758 3513 877 3574 mundus
898 3511 1023 3588 fascinet,
1043 3513 1126 3575 nohis
1144 3516 1239 3576 veniat
1255 3515 1289 3576 in

156 3598 281 3646 mentem
297 3607 406 3648 ammae
425 3597 539 3647 nostrae
557 3589 736 3666 praestantia:
763 3609 835 3668 quae
858 3589 881 3649 si
905 3589 980 3650 serio
1000 3591 1182 3674 expenditur,
1208 3591 1291 3654 facile

155 3677 239 3723 vanas
258 3661 311 3722 iana
335 3663 473 3724 inationes
491 3673 622 3724 terrenae
642 3663 781 3723 felicitatis
801 3663 922 3726 discutit.

228 3741 276 3802 Ἠ.
341 3751 462 3798 ntorum
479 3751 526 3798 est
545 3744 630 3810 enim,
651 3752 685 3799 ut
697 3743 788 3819 filins
806 3742 932 3802 hominis
950 3747 1060 3802 veniat.
1101 3743 1169 3818 Quo
1189 3743 1290 3808 melius

152 3813 183 3874 in
204 3817 312 3877 animos
331 3828 465 3896 penetret
483 3817 615 3898 superior
632 3817 774 3892 doctrina,
800 3815 929 3880 loturum
953 3821 1018 3880 ante
1038 3819 1136 3882 oculos
1155 3821 1290 3886 iodicium

90 3899 92 3904 ’
151 3891 234 3971 ponit
254 3891 394 3957 Christus:
426 3913 491 3953 nans
515 3904 548 3953 ut
570 3892 686 3956 vilescat
708 3895 791 3956 nobis
815 3897 918 3958 caduca
936 3895 1006 3958 haec
1025 3896 1095 3971 vita,
1117 3898 1193 3958 serio
1213 3899 1289 3958 vitae

151 3969 280 4030 eoelestis
305 3989 389 4032 sensu
412 3970 492 4052 tangi
514 3990 568 4030 nos
591 3991 707 4032 necesse
721 3983 782 4031 est.
827 3972 1000 4036 Adiomento
1023 3985 1116 4034 autern
1141 3994 1214 4054 opus
1237 3974 1287 4035 ha-

149 4039 202 4105 bat
216 4047 320 4107 mentis
338 4059 455 4109 nostrae
474 4047 587 4108 tarditas
606 4059 635 4106 et
653 4047 795 4129 segnities,
811 4061 843 4110 ut
860 4049 891 4110 in
911 4048 1022 4112 coelum
1041 4050 1180 4130 respiciat.
1214 4051 1286 4112 Ideo
1392 4057 1393 4068 ¹

149 4117 242 4182 adeles
261 4125 296 4184 a‘d
315 4123 437 4186 tribunal
455 4143 536 4186 suum
554 4123 621 4184 citat
639 4123 776 4198 Christus,
795 4135 828 4185 ut
848 4125 964 4210 singulis
983 4127 1134 4188 momentis
1155 4127 1286 4210 cogitent

148 4213 208 4272 ntea
229 4197 281 4260 atta
305 4203 341 4262 de
365 4223 446 4264 causa
469 4225 500 4264 se
525 4199 634 4276 vivere,
661 4201 716 4261 nisi
739 4213 771 4260 ut
792 4202 916 4283 aspirent
937 4203 974 4264 ad
998 4204 1107 4266 beatam
1131 4204 1205 4264 illam
1236 4227 1285 4266 re·

146 4267 350 4360 dffltptt'enem,
373 4301 444 4361 quae
465 4299 518 4342 suo
541 4277 589 4337 die
612 4279 735 4357 pateliet.
772 4275 854 4344 *Huc
867 4292 960 4342 autem
985 4293 1095 4362 spectat
1115 4281 1283 4356 admonitio,

146 4351 177 4396 Μ
194 4363 329 4428 sciam„
339 4377 400 4417 non
418 4357 522 4418 surena
533 4375 584 4418 eos
597 4367 715 4430 certare,
735 4354 835 4436 quibua
849 4357 1007 4438 pretiosior
1018 4369 1061 4420 est
1073 4370 1123 4422 sua
1136 4360 1194 4422 rita
1210 4379 1284 4418 eon-

1350 267 1361 300 1
