2796 4774
414 288 418 299 s
482 212 559 291 (lat
598 210 700 316 illotae
718 213 842 292 mmm.)
1180 221 1219 284 81

72 383 75 388 ·
96 363 126 426 in
146 385 183 428 eo
202 383 303 446 parum
323 373 368 426 est
383 359 527 426 momenti.
559 363 633 426 -Huc
652 362 804 448 praecipue
819 365 968 442 attendxe
986 365 1137 443 convenit,
1157 389 1217 450 quo

29 465 30 470 ¹
96 461 153 501 nos
174 439 320 514 deducunt
341 439 546 524 Evangelistac‚
573 461 634 502 non
660 461 719 502 uno
743 439 789 502 vel
816 439 905 504 altero
928 441 1063 504 miraculo
1087 454 1217 512 testatam
1248 458 1253 469 ‘

29 573 30 576 ,
96 516 186 596 luisse
205 515 312 578 Christi
334 515 462 599 gloriam,
490 517 540 578 sed
557 515 690 578 refertam
710 515 796 580 luisse
808 519 1016 609 partem'illam
1034 519 1154 582 Iudaeae
1171 521 1226 582 in-·

96 590 222 654 numeris
246 592 304 653 eius
326 592 504 672 testimoniis,
532 613 654 673 quonam
678 592 755 657 fama
776 592 1018 682 Hierosolymam,
1046 605 1075 658 et
1097 597 1128 658 iu
1151 595 1216 658 alias

96 667 184 728 urbes
200 686 305 761 quaqua
321 689 430 742 uersus,
455 665 538 757 facile
556 689 669 732 manare
686 682 790 763 posset.
833 672 924 746 Unde·
936 671 1002 734 colli
1025 669 1107 748 mus,
1132 695 1216 753 quam

97 743 188 826 turpis
212 757 240 806 et
261 745 342 826 anapia
367 743 455 806 suerit
478 743 550 806 illane
573 745 665 828 gentis
688 746 875 840 ingratitudo,
898 769 969 842 quae
986 691 1217 830 adpraesentem

118 819 203 882 lorias
226 821 332 884 divinae
351 819 493 904 fulgorem
512 819 634 904 maligne
656 819 752 900 clausit
771 823 882 898 oculos,
904 845 963 886 rano
983 835 1117 905 quantum
1136 825 1166 886 in
1185 847 1216 888 se

96 840 245 958 intritum
269 897 448 982 exs'tinguere
468 908 570 958 conata
588 908 640 958 est.
677 900 763 960 Nunc
782 920 852 960 vero
871 914 1000 962 nostrum
1021 912 1079 974 est,
1107 901 1138 960 in
1161 899 1214 963 hac

94 984 173 1046 tanta
198 973 399 1036 miraculorum
428 971 566 1054 congerie
589 992 758 1054 agnoscere,
787 995 921 1067 quorsum
942 975 1056 1036 venerit
1078 975 1215 1054 Christus,

94 1070 195 1132 nempe
216 1061 248 1112 ut
270 1051 414 1116 medicum
436 1047 564 1110 sanandis
582 1049 713 1110 omndaus
733 1071 861 1112 omnium
880 1049 987 1118 morbis
1006 1072 1037 1112 se
1056 1063 1215 1130 praestaret.

92 1126 164 1188 Nam
189 1127 327 1188 memoria
356 1147 389 1188 re
411 1137 489 1186 eterc
518 1125 665 1199 convenit,
694 1125 772 1205 quod
800 1125 878 1218 prius
902 1121 936 1186 e'x
956 1125 1105 1215 ‚Propheta
1128 1127 1216 1189 lesaia
1278 1187 1290 1196 ,

92 1199 216 1280 (42,1.)
239 1201 357 1266 adduxit
416 1200 557 1274 althaeae,
584 1199 675 1282 ipsum
696 1201 825 1267 mandas
849 1199 1018 1294 corporibus
1040 1200 1217 1266 adumbrasse

63 1332 67 1350 Ι
91 1279 189 1370 aliquid
214 1280 323 1355 maius,
348 1277 431 1360 =quod
452 1277 559 1352 scilicet
586 1276 691 1338 animas
714 1287 827 1338 nostras
848 1290 956 1341 sanatatr
974 1278 1120 1354 restituat,
1148 1299 1219 1358 pro·

31 1391 32 1432 ;
91 1376 238 1438 praumque
262 1355 324 1418 eius
345 1375 447 1416 munus
468 1351 504 1414 sit
522 1347 676 1434 spirituales
695 1353 812 1416 morbos
830 1353 941 1416 tollere.
981 1351 1149 1436 Quanquam
1167 1376 1217 1415 au-

31 1437 32 1470 3
91 1443 147 1492 tem
163 1431 253 1494 hodie
272 1431 304 1494 in
323 1429 406 1491 terris
424 1449 486 1490 non
504 1441 645 1505 versatur,
665 1441 774 1491 certum
792 1439 886 1492 tamen
906 1442 960 1506 est,
983 1451 1061 1492 nunc
1081 1433 1112 1492 in
1133 1430 1219 1492 coelo'

30 1624 37 2089 l

30 3359 35 3422 l

91 1507 197 1598 pollere
220 1507 323 1568 iisdem
342 1503 438 1588 gratiis
456 1505 640 1585 praestandis,
701 1519 866 1590 arumtunc
883 1507 993 1568 visibile
1013 1507 1216 1568 documentum

31 1589 34 1599 '
92 1583 223 1646 exhabnit.
276 1582 354 1660 Quia
382 1591 479 1660 autem
501 1581 580 1642 omni
607 1603 672 1644 mor
692 1574 774 1664 onim
798 1603 906 1668 genere
924 1581 1081 1646 laboramus
1106 1605 1217 1720 omnes‘l

92 1659 179 1722 donec
197 1659 217 1718 i'
231 1681 262 1721 se
283 1679 339 1718 nos
357 1668 445 1733 sanet,
464 1657 524 1718 non
543 1659 629 1720 modo
647 1679 678 1721 se
698 1657 812 1740 quis'qaie
830 1673 959 1724 nostrum
971 1659 1016 1732 „itti
1034 1657 1148 1738 offerat,
1159 1682 1196 1721 se

91 1736 171 1798 etiam
186 1681 259 1798 alios
279 1733 389 1797 olferre
406 1733 521 1809 studeat,
541 1735 589 1814 qui
605 1733 689 1796 simili
706 1737 832 1798 remedio
851 1735 989 1820 indigent.
1123 1735 1126 1745 “

160 1815 210 1876 36.
244 1813 288 1873 tlt
304 1821 460 1895 tangerem
470 1813 636 1890 fimbriam.
676 1811 820 1875 Credibile
840 1825 891 1887 est,
910 1811 1110 1896 superstitione
1125 1811 1215 1894 aliqua

91 1885 174 1950 luisse
197 1887 368 1972 implicitos,
397 1909 484 1971 quum
505 1889 541 1948 ad
562 1899 670 1950 tactum
692 1889 777 1974 vestis
792 1889 1004 1974 ¹restringerent
1023 1889 1131 1950 Christi
1148 1911 1215 1973 gra-
1265 1917 1267 1923 ’

90 1963 168 2025 tiam:
199 1965 305 2036 saltem
318 1964 395 2024 illum
414 1963 578 2025 fraudabant
595 1963 712 2028 honoris
730 1965 773 2026 sui
792 1977 885 2058 parte,
909 1989 996 2048 quum
1015 1966 1084 2026 nihil
1102 1965 1215 2028 virtutis

55 2101 57 2108 ,
91 2055 238 2119 sperarent
257 2053 292 2104 ex
309 2039 426 2123 simplici
446 2041 504 2102 eius
522 2041 621 2103 verbo.
650 2041 708 2103 Sed
725 2063 763 2104 ne
782 2041 870 2104 lanum
888 2041 1027 2126 fumigans
1046 2042 1215 2125 exstinguat,
1280 2050 1285 2058 “

35 2133 38 2164 ἰ
91 2137 153 2177 sese
180 2118 376 2181 accommodat
403 2136 503 2178 eorum
525 2118 653 2178 ruditati:
691 2117 800 2180 interea
822 2139 883 2180 non
908 2130 951 2179 est
975 2118 1051 2212 quod
1074 2118 1140 2179 inde
1162 2117 1216 2178 sibi

34 2196 38 2213 l

91 2191 232 2272 placeantr
247 2195 296 2276 qui
314 2191 430 2277 gratiam
444 2192 501 2253 Dei
519 2193 550 2250 in
561 2191 657 2274 ligno,
676 2205 726 2254 aut
748 2193 839 2268 clavis,
858 2203 906 2253 aut
923 2193 1050 2256 vestibus
1070 2199 1216 2272 madescant,

91 2289 176 2348 quum
195 2271 300 2332 diserte
318 2269 487 2350 pronuntiet
505 2267 567 2326 Scri
588 2279 659 2341 tura,
673 2267 757 2328 nefas
776 2289 837 2329 esse
856 2265 1002 2347 quicquam
1021 2289 1098 2328 nunc
1119 2268 1217 2328 conci-
1318 2295 1323 2305 s

111 2366 159 2407 ere
178 2346 214 2407 de
233 2345 360 2419 Christo,
380 2343 434 2404 nisi
453 2289 592 2432 spirituali
611 2341 784 2422 coelestique
803 2343 870 2402 eius·
881 2341 977 2434 gloria
990 2343 1017 2402 di
1059 2363 1116 2400 um.
1154 2343 1231 2402 Το-·’

89 2364 175 2484 lirrata
193 2421 251 2482 fuit
268 2420 303 2481 ad
320 2429 378 2480 tem
397 2441 430 2479 us
450 2433 550 2480 eurum
568 2416 727 2490 infirmitas,
751 2417 799 2496 qui
817 2427 974 2476 nescientes
995 2417 1020 2478 C
1057 2415 1138 2478 istum
1157 2437 1221 2478 esse

89 2497 187 2558 Deum
213 2496 331 2576 propius
355 2440 397 2556 ad
410 2514 475 2553 erun
494 2493 629 2581 accedere
640 2503 787 2570 optarunt
835 2492 920 2554 Nunc
939 2513 1027 2573 quum
1045 2489 1133 2568 odore
1151 2514 1235 2576 gra-·

88 2573 240 2640 tiamsuae
268 2569 377 2631 coelum
402 2580 430 2629 et
451 2579 556 2626 terram
579 2588 616 2626 rm
638 2564 706 2640 leat,
736 2566 805 2642 fide,
833 2587 894 2628 non
918 2567 1045 2632 manibus
1064 2567 1215 2634 veterulis

87 2645 308 2758 apprehergdere
325 2641 416 2712 decet,
427 2663 509 2724 quam
530 2663 547 2705 e
566 2587 653 2706 coelis
671 2641 760 2706 offert
778 2640 902 2721 salutern.

423 2775 453 2824 l
664 2829 666 2836 s

145 2981 149 2992 ⁸
176 2971 293 3058 (134.)
335 2967 504 3040 ΜΑΤΤΗ.
526 2966 597 3035 XV.
649 2971 682 3037 vl.
721 2969 817 3034 Tunc
846 2961 1002 3038 accedunt
1033 2969 1074 3034 ad
1104 2969 1217 3046 Iesum,

94 3076 149 3162 qui
170 3074 212 3141 ab
230 3072 464 3168 Hierosolymis
486 3081 639 3156 venerant
660 3071 793 3138 scribae
813 3081 845 3139 et
865 3071 1040 3151 Pharisaei,
1062 3067 1215 3150 dicentes,

94 3177 124 3242 2.
146 3175 259 3264 Quare
280 3163 430 3263 discipuli
451 3177 496 3240 tui
509 3174 794 3263 ‘transgrediuntur
814 3173 1016 3241 traditionem
1038 3173 1218 3240 seniorum?

68 3299 70 3308 ’
94 3277 168 3345 Non
189 3281 281 3346 enim·
295 3277 432 3344 abluunt
451 3298 562 3344 manus
582 3291 672 3355 auaa‚'
702 3297 799 3364 quum
821 3297 936 3364 panem
958 3274 1067 3341 edunt.
1114 3275 1145 3340 3.
1175 3277 1218 3342 At

92 3381 148 3446 ille
168 3380 372 3470 respondens
395 3380 473 3445 dixit
494 3382 555 3461 eis,
584 3379 694 3466 Quare
716 3390 747 3446 et
767 3401 828 3446 vos
849 3375 1105 3466 transgredimini
1126 3399 1219 3466 prae-

31 3546 34 3559 ,
97 3471 224 3570 ceptum
252 3483 316 3549 Dei
349 3493 481 3570 propter
498 3481 714 3570 ‘'traditionem
745 3485 912 3548 venrant*
952 3481 982 3546 4.
1015 3481 1097 3548 Nam
1126 3482 1235 3551 Deus·

95 3583 255 3680 praecepit
276 3585 400 3667 dicens,
419 3586 561 3654 ,Honora
581 3589 701 3674 patre‘m
723 3593 755 3676 et
774 3594 919 3682 matrem:
951 3591 1000 3684 et,
1032 3584 1104 3674 Qui
1121 3585 1220 3666 male-
1301 3610 1306 3616 ·

99 3689 212 3756 dixerit
232 3693 317 3777 patri
340 3699 394 3756 aut
415 3692 524 3764 matri,
551 3698 654 3755 morte
674 3689 839 3754 moriatur.
890 3683 922 3752 5.
947 3683 1019 3759 Vos
1046 3697 1151 3753 autem
1172 3685 1235 3766 di-¹

30 3823 31 3878 3
98 3793 180 3874 citis,
205 3791 401 3878 Quicunque
422 3791 536 3858 dixerit
556 3793 639 3880 patri
659 3799 691 3856 et
707 3791 814 3870 matri,
841 3789 1006 3878 Quicquid
1028 3789 1147 3856 donia
1169 3807 1220 3850 me

31 3926 34 3989 a
99 3903 151 3976 est,
173 3893 234 3962 tibi
254 3893 412 3982 proderit:
435 3905 471 3972 et,
486 3907 553 3960 non
568 3890 747 3984 'honorabit
767 3900 889 3980 patrem
910 3915 1002 3960 suum
1023 3893 1075 3958 vel
1090 3899 1220 3954 matrem
1304 3938 1307 3943 .

98 4015 195 4064 suam.
239 3997 270 4062 6.
291 3997 402 4082 Itaque
422 3997 545 4064 irritum
567 3996 686 4061 fecistis
706 3987 910 4094 praeseptum
926 3997 990 4062 Dei
1011 4001 1143 4080 propter
1157 3997 1222 4052 tra·

31 4090 34 4175 l
99 4095 251 4164 ditionem
276 4087 422 4163 vestram.
476 4099 513 4190 7.,
539 4098 752 4186 Hypocritae‚
778 4107 866 4164 recte
891 4097 932 4164 dc
951 4094 1047 4160 vobis
1067 4089 1223 4177 praedixit

31 4217 32 4223 ¹
100 4199 224 4281 lesaias,
245 4199 366 4288 dicens,
414 4200 445 4293 83
477 4197 722 4290 Appropinqtiat
741 4199 818 4263 mihi
838 4195 980 4282 populus
993 4192 1053 4278 {hic
1074 4211 1132 4254 ore
1154 4212 1240 4270 mo,-
1345 4265 1351 4276 ¹

101 4312 141 4378 et,
163 4301 258 4382 labiis
275 4323 338 4382 'me
369 4302 523 4370 honorata
566 4325 625 4370 cor
658 4309 763 4368 autem
796 4285 1054 4374 ectum·pr⁰⁰ul
1088 4285 1178 4354 theat
1203 4309 1225 4352 a

127 4402 347 4454 coruscamen.
362 4401 476 4450 iniiam.
491 4401 530 4448 Er.
554 4401 599 4446 vol.
613 4399 643 4443 11.
879 4415 883 4424 ·
1006 4368 1047 4437 6.,
1081 4397 1084 4402 “
