2796 4774
173 283 214 348 to
382 279 495 349 SECT.
513 279 597 347 xm
634 291 803 354 motas
818 275 863 390 au
881 297 1087 354 ammonam
1157 373 1163 390 Ι

142 497 150 516 γ,
174 435 262 512 Quin
362 453 423 497 non
448 447 491 499 est
512 434 667 518 aequalium
687 438 874 522 comparatio:
896 437 984 536 longa
1006 420 1084 506 enim
1097 425 1305 503 'utuinisi

172 512 250 580 inter
285 511 410 574 ominem
425 511 542 596 impium
562 525 592 575 et
610 534 737 604 saeuum,
756 527 786 577 et
805 517 899 577 Deum
918 539 966 608 qui
984 519 1020 579 ad
1038 517 1306 652 clementiamipro-

193 590 287 661 endet,
306 589 356 654 sed
373 590 480 652 docere
496 589 589 650 voluit
610 589 752 666 Christus,
771 591 888 660 minime
905 593 1064 654 timendum
1085 615 1159 670 esse,
1179 615 1216 654 ne
1251 595 1306 654 de-

170 611 213 727 les
231 667 339 727 assidue
358 667 466 727 orando
485 667 598 727 Patrem
617 665 826 728 misericordiae
845 681 972 744 exorent,
992 691 1079 749 quum
1097 669 1226 730 homines
1240 691 1306 732 sae-

171 741 257 810 vitiae
276 741 386 802 deditos
405 764 454 802 sua
471 741 686 824 importunitate
706 755 819 836 cogant
862 745 951 806 Iudex
973 745 1125 806 sceleratus
1145 758 1175 806 et
1193 746 1305 808 ferrcus

171 819 273 884 viduae
289 817 477 902 flagitationes
492 818 569 880 serre
587 840 648 880 non
667 831 768 900 potuit,
826 819 833 834 '
873 821 987 882 demum
1006 820 1052 883 uel
1069 821 1174 882 invitus
1193 844 1306 882 annue-

171 906 231 958 ret:
252 893 396 974 quomodo
415 894 503 978 igitur
520 893 616 956 fructu
636 908 767 958 carerent
803 892 880 958 dett‘
924 917 1033 979 preces,
1052 898 1140 958 modo
1159 899 1217 958 sint
1231 899 1306 960 assi-

117 977 120 984 '
171 970 261 1034 duait
288 972 366 1054 Ergo
382 970 407 1032 si
426 993 480 1032 nos
493 971 615 1032 taedium
634 971 771 1049 debilitet,
791 971 860 1034 sile
901 995 934 1036 er
950 973 1079 1036 deliincti
1098 975 1304 1052 evanescinius,

171 1046 234 1124 vel,
257 1046 321 1128 quia
340 1045 472 1110 videntur
489 1049 589 1110 surdae
609 1069 670 1109 esse
687 1047 744 1110 Dei
766 1067 869 1124 aurem·
880 1049 1038 1137 humescit
1056 1051 1189 1132 precandi
1208 1051 1305 1126 ardor,

164 1134 324 1186 'immanius
337 1133 433 1185 tamen
447 1135 557 1186 certum
576 1122 640 1186 tore
657 1125 829 1206 proiectum,
848 1125 1060 1188 licetnondum
1078 1138 1218 1207 appareat.
1244 1128 1306 1186 At-

171 1221 228 1282 que
249 1197 303 1260 liac
319 1199 501 1282 persuasione
519 1221 584 1262 cum
603 1201 777 1282 impatientia
788 1214 893 1266 'nostra
910 1201 951 1267 ἡ
968 1201 1119 1280 luctemur,
1137 1213 1170 1263 ut
1187 1201 1306 1286 longior

171 1296 253 1343 moia
272 1276 372 1340 orandi
391 1295 503 1338 cursum
521 1295 581 1338 nou
599 1277 756 1360 abrumpat.
1169 1337 1171 1344 ,

189 1373 196 1386 “
247 1355 276 1416 ’1.
320 1355 402 1416 Daue
425 1363 526 1416 autem
549 1375 607 1420 uon
620 1353 734 1444 faciet.
778 1348 868 1416 ludex
889 1353 951 1433 ille,
973 1353 1165 1436 querimonis
1185 1373 1304 1446 prorsus

171 1425 347 1510 deploratam
367 1428 498 1492 Christus
517 1429 656 1511 depinxit,
680 1441 781 1515 utpote
799 1432 848 1511 qui
866 1453 927 1493 non
945 1443 1055 1493 tantuin
1074 1431 1252 1494 obduruisset
1270 1431 1304 1490 in

171 1504 233 1566 Dei
250 1516 415 1594 conspeetu,
432 1506 485 1572 aed
505 1525 619 1570 excusso
639 1507 723 1568 etiam
761 1507 851 1570 ullore
869 1507 1083 1570 nullamfamae
1102 1529 1197 1570 curam
1214 1507 1305 1569 halie-

171 1590 234 1656 ret,
257 1591 367 1670 aperuit
391 1582 505 1645 tandem
523 1581 623 1644 oculos
647 1585 682 1644 ad
706 1528 805 1646 viiliie
822 1579 961 1646 mmerias:
982 1585 1099 1647 minime
1117 1584 1306 1646 dubitandum

173 1667 230 1731 est,
282 1675 330 1726 uin
354 1657 475 1720 eundem
498 1657 783 1742 siticntpiofeciim
804 1660 914 1723 sensuri
936 1660 994 1722 sint
1036 1661 1126 1737 deles,
1153 1661 1239 1722 niodo
1264 1681 1306 1721 ne

171 1733 249 1814 apud
299 1754 364 1795 euin
386 1734 491 1800 instare
512 1734 650 1798 desinant.
694 1735 858 1798 Notandum
881 1757 951 1798 vero
973 1758 1030 1811 es,
1055 1740 1122 1798 duni
1144 1735 1305 1800 similitudi·
1334 1775 1337 1780 -

163 1813 240 1874 'uem
261 1811 456 1874 accommodat
479 1809 608 1874 Christus
631 1812 666 1874 ad
689 1829 775 1874 summ
793 1813 987 1896 propositum,
1011 1831 1077 1874 non·
1096 1813 1190 1876 iacere
1208 1815 1304 1888 Deum

172 1883 292 1946 similem
309 1907 398 1968 pravo
416 1897 446 1949 ct
463 1885 587 1950 humano
609 1887 708 1963 iudici,
730 1889 781 1955 sod
800 1910 910 1950 causam
927 1885 1016 1972 longe
1034 1889 1172 1950 diversam
1190 1893 1304 1966 notare,

173 1983 225 2022 cur
245 1959 340 2024 fideles
361 1983 429 2026 suos
452 1961 567 2027 diflerat
579 1963 616 2030 in
634 1963 753 2054 longum
764 1977 899 2056 tempus,
923 1985 978 2026 noc
997 1965 1143 2042 statimne
1161 1965 1221 2045 ipsa
1241 1986 1304 2024 ma-

172 2057 242 2128 ipim
259 2037 325 2122 ipsis
345 2039 484 2123 porrigat:
510 2059 613 2123 nempe
632 2063 696 2132 quia
713 2053 822 2136 patiens
841 2052 893 2102 est
934 2041 1033 2130 Quare
1058 2040 1082 2102 si
1106 2042 1218 2122 quando
1237 2041 1304 2104 diu·
1390 2043 1391 2046 ’

61 2193 64 2198 ,
172 2123 227 2182 uus
248 2136 332 2204 quam
350 2115 485 2179 vellemus
504 2117 539 2180 ad
557 2129 666 2178 nostras
685 2139 799 2179 iniurias
818 2119 896 2196 Deus
916 2128 1080 2194 conniveat,
1099 2118 1231 2192 sciamus,
1251 2137 1307 2198 pa-.

171 2201 257 2257 terno
278 2191 337 2253 eius
361 2193 478 2256 consilio
502 2193 631 2270 idacii,
652 2205 686 2256 ut
698 2205 757 2256 'nos
775 2193 810 2256 ad
828 2193 1006 2254 tolerantiam
1026 2205 1168 2254 exerceat:
1188 2206 1305 2273 tempo·-

171 2265 236 2332 ralis
266 2268 378 2352 quidem
405 2269 585 2332 dissimulatio
616 2270 804 2334 minimam
857 2289 873 2330 a
898 2281 947 2334 ‘est
974 2268 1113 2332 scelerum
1140 2269 1303 2350 impunitas.

174 2343 263 2436 Quod
282 2357 376 2409 autem
394 2347 543 2430 promittit,
563 2347 657 2408 Deum
676 2347 734 2410 cito
752 2348 801 2414 uin
832 2351 905 2409 ttam
924 2347 1078 2422 facturum,
1096 2347 1132 2408 ad
1154 2345 1212 2406 eius
1232 2365 1303 2427 pro-

59 2493 62 2506 ,
162 2423 323 2494 *audentiam
341 2423 447 2486 referri
465 2423 562 2486 debet:
586 2423 665 2506 quia,
688 2435 721 2487 ut
745 2445 838 2484 sumus
880 2421 1040 2501 raecipites,
1063 2443 1125 2485 non
1143 2421 1208 2483 satis
1226 2433 1304 2482 tem-

171 2496 281 2578 patrive
320 2521 353 2560 ro
374 2501 465 2563 carnis
483 2513 598 2562 nostrae
611 2523 701 2570 'sensu
719 2501 754 2562 ad
772 2500 853 2562 feren
919 2498 1057 2580 suppetias
1075 2499 1207 2580 accurrit.
1241 2500 1304 2557 Ve-

165 2594 236 2633 rum
255 2576 279 2636 si
296 2522 398 2644 lieret
415 2578 446 2640 in
466 2577 525 2642 eius
546 2577 695 2650 consilium
712 2589 878 2660 penetrare,
902 2575 1050 2655 sciremus,
1072 2567 1161 2658 proul
1179 2574 1303 2662 expedit,

192 2661 390 2729 romptum,et
413 2663 554 2714 maturum
577 2675 691 2744 semper
714 2655 772 2714 eius
797 2675 859 2714 esse
881 2651 1025 2732 auxilium,
1053 2672 1085 2712 ac
1103 2671 1141 2712 ne
1159 2667 1218 2709 uno
1239 2649 1303 2742 qui-

171 2669 238 2785 lcni
257 2737 405 2798 momento
424 2729 543 2804 tardare,
602 2729 632 2819 ln
652 2729 768 2812 singulis
787 2727 911 2794 articulis
930 2740 1043 2819 praesto
1062 2727 1107 2788 sit
1147 2727 1303 2802 Quaeritur

1389 2437 1392 2606 l

165 2809 281 2876 dunen,
304 2803 450 2880 qimmodo
475 2803 522 2865 liic
599 2817 668 2866 istius
692 2807 727 2867 ad
769 2805 898 2866 etendam
917 2805 1070 2865 vindictam
1088 2801 1237 2885 discipulos
1255 2801 1303 2862 iii-
1391 2817 1392 2820 ’

171 2875 283 2950 smnio,
309 2877 358 2968 qui
380 2876 447 2948 alibi
471 2880 528 2969 suis
548 2880 747 2972 persequutor
768 2902 800 2940 us
823 2879 899 2946 bane
916 2879 1028 2970 precari
1045 2879 1132 2970 iuliet.
1169 2881 1304 2959 Respon-

171 2951 240 3030 deo,
261 2951 405 3024 Christum
424 2955 460 3019 de
478 2957 601 3020 vindicta
619 2955 665 3018 hic
684 2955 836 3027 disserere,
860 2966 893 3015 nt
911 2953 981 3052 ni'lpil
1000 2956 1147 3018 doctrinae
1166 2975 1232 3015 suae
1251 2955 1302 3014 de-

85 3041 87 3046 ’
170 3041 265 3114 roget.
295 3031 374 3093 Deus
393 3053 425 3094 se
443 3031 566 3094 fidelium
584 3031 710 3094 ultorem
728 3032 792 3094 fore
810 3031 938 3109 affirmat,
958 3052 1019 3092 non
1037 3031 1209 3096 uthabenas
1227 3029 1322 3090 laxet·

172 3108 264 3168 carnis
284 3105 449 3186 affectibus,
469 3109 519 3170 sed
539 3121 572 3170 ut
590 3111 781 3192 persuadeat,
791 3129 882 3170 caram
903 3130 964 3170 esse
985 3119 1014 3170 et
1032 3109 1185 3190 pretiosam
1203 3127 1302 3167 eorum

171 3181 302 3260 salutem,
326 3197 355 3247 et
379 3184 436 3248 lioc
461 3197 574 3267 quoque
597 3189 683 3248 modo
706 3187 742 3248 ad
764 3185 894 3268 praesidii
914 3185 957 3246 sul
975 3184 1104 3246 fiduciam
1124 3205 1172 3246 eos
1190 3181 1299 3244 timei

124 3327 127 3330 ¹
171 3256 204 3316 si
224 3261 290 3322 odio
311 3261 388 3324 eruti
410 3274 439 3324 ct
457 3282 545 3342 pravo
564 3261 681 3326 ultionis
700 3263 802 3334 ardore
820 3261 885 3344 puri
905 3273 935 3324 et
952 3261 1047 3336 vacui,
1072 3271 1154 3327 recto
1174 3271 1203 3322 et
1222 3280 1301 3319 oom-

169 3333 410 3416 posito'Spiritus
434 3349 528 3415 motu,
559 3339 616 3408 Dei
639 3337 771 3404 auxilium
794 3339 960 3419 implorant,
989 3336 1097 3397 licitum
1123 3347 1151 3398 et
1165 3347 1300 3414 sanctini

171 3408 226 3470 ⁴urit
246 3417 345 3495 eorum
363 3418 471 3493 votum,
493 3426 522 3477 et
540 3417 634 3476 aDco
653 3417 715 3496 ipso
737 3415 907 3476 exaudietur.
946 3415 1055 3474 Verum
1074 3413 1138 3504 quia
1157 3411 1228 3475 nihil
1246 3411 1300 3471 dil-

169 3478 268 3548 ficilius
290 3499 339 3564 est,
360 3511 442 3568 qinni
463 3513 565 3554 exuere
585 3490 703 3552 vitiosos
719 3491 847 3568 aflectus,
867 3501 900 3549 ut
917 3509 1000 3569 puras
1021 3500 1050 3550 et
1068 3487 1182 3569 hquidas
1201 3510 1300 3570 preces

170 3560 233 3696 ἑαῖς
252 3563 400 3643 concipiat,
421 3569 573 3646 petendum
594 3579 637 3628 est
656 3589 671 3628 a
690 3567 831 3642 Domino,
850 3578 884 3626 ut
903 3565 988 3625 corda
1007 3575 1104 3624 nostra
1123 3563 1230 3646 Spiritu
1249 3585 1300 3628 suo

191 3635 273 3719 'rigat
297 3649 327 3699 et
349 3643 524 3702 moderetur:
555 3641 593 3702 ita
617 3644 680 3719 fiet,
708 3635 751 3702 ut'
768 3643 842 3706 iusta
863 3644 1028 3704 invocemus
1050 3641 1146 3702 Deum
1170 3641 1300 3719 ultorem,
1364 3649 1370 3662 ⁸

169 3711 285 3794 ipseque
302 3727 419 3796 rogatus
439 3718 520 3779 noliis
539 3721 718 3798 respondeat
1017 3739 1019 3748 ’
1182 3784 1185 3796 ,

182 3795 186 3812 “
244 3795 273 3860 8,
311 3791 408 3852 Ritu·
431 3793 558 3883 dpmi'iils
581 3817 673 3885 quum
695 3795 817 3856 venerit.
862 3791 925 3854 Hac
948 3793 1088 3884 sententia
1111 3795 1195 3856 docet
1215 3792 1300 3886 (iliri-

163 3875 227 3958 ptus
250 3887 316 3958 non·
333 3867 396 3936 iore
421 3889 536 3946 nurum,
565 3893 589 3932 si
613 3873 732 3964 posthac
749 3865 787 3962 ln
811 3869 868 3932 suis
891 3867 1137 3960 malis-tabescant
1162 3871 1299 3948 homines,

168 3943 489 4102 audititi&
509 3947 883 4092 tutti-talita,
900 3943 1300 4088 dedititii-⁰533?

168 4079 295 4186 lipimus.
322 4065 498 4159 lirassantur
514 4043 615 4177 passim
633 4101 758 4181 perfidia,
779 4097 934 4176 crudelitas,
949 4097 1078 4176 insidiae,
1088 4046 1299 4176 liiidmivio-

119 4197 122 4207 ‚
178 4183 262 4246 entia,
281 4173 356 4248 nulla
427 4174 519 4238 nitatis
539 4177 622 4252 ratio,
639 4175 733 4267 nullus
752 4177 1010 4268 pudorppaupercs
1029 4177 1298 4266 oppressi-gemunt,

167 4259 304 4310 vexantur
328 4271 412 4344 super
433 4263 504 4344 ⁰‚0l
530 4252 735 4342 contumeliose
760 4273 881 4330 innoxii,
909 4257 988 4316 Deus
1007 4255 1251 4344 interim'uidetur
1269 4257 1297 4321 iii

167 4317 250 4387 melu
276 4326 414 4397 donnus:
440 4327 506 4397 hinc
525 4321 577 4405 lit,
604 4342 637 4390 ut
661 4349 781 4406 coecum
804 4328 936 4408 sominae
958 4331 1107 4412 imperium
1130 4337 1298 4411 insaginatur

119 4425 122 4444 ι
168 4411 243 4462 mco.
261 4435 269 4444 ·
289 4401 420 4472 cuditis
432 4417 538 4488 auiam
558 4406 608 4472 liic
631 4408 781 4489 iunones,
805 4408 879 4474 iusti
903 4405 1033 4472 honines
1051 4403 1163 4476 testim
1181 4408 1296 4476 caduli

203 4535 220 4626 (ι
290 4545 301 4634 ν,
