2796 4774
183 179 243 244 406
320 175 433 240 SECT.
458 173 526 236 xit
564 187 688 238 enursrr
707 185 926 234 resurrrcrro
943 187 985 232 rr
1002 187 1161 250 mcersro.
1228 247 1230 252 ¹

185 331 279 392 draret
297 328 373 408 qood
391 325 474 410 paolo
493 333 559 405 post
576 321 650 384 dicet
668 323 769 395 Lucas,
787 342 903 404 rogasse
916 321 1065 397 Claristmn,
1084 345 1152 384 unm
1171 321 1241 403 qnid
1253 323 1294 384 br-

185 405 290 466 berent
309 403 402 466 edulii.
442 400 494 462 Est
511 411 605 460 autem
625 398 732 480 phrasis
751 399 894 472 bebraica,
920 403 1020 460 sedere
1036 418 1088 490 pro
1109 400 1256 480 quiescere
1272 400 1299 458 in

186 481 280 562 aliquo
294 481 369 542 loeo.
409 480 492 554 Quae
514 489 608 536 autem
633 476 758 556 sequitur
776 473 953 558 obiurgatio,
976 497 1061 558 magis
1079 476 1108 534 in
1129 477 1248 556 primam
1265 477 1300 534 ri-

187 560 296 620 siooem
318 579 399 636 quam
423 552 571 614 secundam
597 544 752 632 competit?
819 551 825 565 '

186 637 313 698 Domino
339 631 474 712 postridie
499 627 637 690 Patebatis
663 627 750 710 gavisi
778 574 888 690 inerint
912 629 1054 708 discipuli,
1083 643 1213 708 correpta
1241 641 1303 688 tune

188 711 240 772 luit
266 730 364 768 eorum
388 705 573 768 incredulitas.
618 703 705 778 Quod
724 704 854 765 nonnulli
871 705 904 762 ad
921 705 1012 764 solum
1034 704 1172 766 Thomam
1192 706 1303 764 restrin-

164 785 168 798 ’
187 796 258 920 guqt
277 785 349 922 libe
361 783 451 919 limi
470 783 565 854 verba,
585 793 713 872 quactum
733 781 857 916 videttqr:
878 779 968 916 iqaque
987 781 1149 872 simpliciter
1157 799 1304 914 ‘exponeqq

185 882 306 999 tito
327 881 545 998 tttttttt
560 877 1025 1022 tttttttttt'ffnt'ttttt
1037 877 1305 1014 mciillffl‘tqln

186 1013 217 1074 in
241 1035 277 1076 eo
300 1013 392 1074 solum
414 1014 561 1072 damnatur
582 1009 674 1072 cordis
701 1009 833 1081 durities,
859 1010 934 1088 quod
957 1009 1039 1070 fidem
1064 1009 1227 1072 bominibus
1251 1030 1306 1068 non

188 1089 348 1164 habuerint,
373 1090 421 1150 sed
440 1089 504 1168 quia
523 1087 583 1166 ipso
608 1085 650 1146 rei
674 1097 778 1146 eventu
796 1085 920 1146 convicti
943 1107 980 1146 ue
1002 1086 1172 1165 sicquidem
1196 1087 1309 1146 demum

188 1165 306 1248 amplexi
331 1165 387 1229 rint
413 1163 605 1224 testimonium
634 1161 762 1222 Domini.
819 1161 915 1234 Quum
940 1183 1009 1254 erqo
1034 1161 1186 1228 Petrus.et
1208 1161 1306 1234 Maria,

190 1245 310 1334 Cleopaa
329 1254 358 1302 et
379 1239 478 1302 sodalis
497 1261 554 1300 non
574 1237 658 1319 primi
679 1249 772 1298 essent
790 1239 1001 1298 resurrectionis
1020 1250 1117 1312 testes,
1135 1239 1182 1298 sed
1200 1249 1306 1296 tantum

799 573 855 620 ura,
878 574 965 630 quum
986 555 1079 626 (teste
1097 554 1225 626 Ioanne)
1248 553 1300 612 viso
1367 581 1369 592 v

1347 1105 1350 1112 l

188 1320 282 1384 verbis
308 1317 413 1380 Cluisti
435 1315 658 1388 subscriberent,
690 1313 830 1393 requitur,
864 1336 879 1375 a
903 1314 1015 1393 reliquis
1042 1315 1187 1394 Apostolis
1209 1314 1306 1374 saetam
1374 1377 1375 1382 ἵ

189 1395 274 1456 luisse
294 1393 418 1454 Domino
438 1391 582 1466 iniuriam,
602 1389 677 1470 quod
696 1391 778 1452 iidem
795 1389 964 1473 abrogarent
983 1391 1041 1452 eius
1058 1391 1161 1464 verbis,
1179 1411 1247 1470 qnae
1264 1401 1305 1447 ta-
1374 1411 1375 1434 1

189 1493 254 1532 men
275 1471 328 1530 iam
347 1491 399 1530 suo
418 1467 527 1530 ellectu
547 1468 663 1547 probata
684 1479 773 1528 erant.
817 1465 915 1540 Quare
934 1467 1035 1528 merito
1055 1465 1107 1526 illis
1126 1467 1308 1556 equobratur

190 1547 282 1610 cordis
304 1547 435 1620 durities,
460 1545 524 1624 quia
549 1543 582 1605 ad
602 1543 759 1604 tarditatem
784 1543 933 1604 accesserit
955 1565 1039 1624 prava
1062 1543 1230 1603 obstinatio:
1256 1541 1307 1600 acsi
1374 1555 1375 1630 j

190 1625 252 1688 data
263 1622 455 1713 operuquod
486 1621 581 1684 atebat
593 1641 653 1682 esse
668 1629 776 1694 verum,
795 1619 969 1712 supprimere
989 1631 1137 1710 cuperent:
1155 1640 1216 1678 non
1234 1615 1308 1699 quod

190 1700 242 1790 illis
262 1711 438 1792 propositum
457 1643 544 1758 lilerit
564 1697 740 1778 exstinguere
760 1708 884 1832 maqrstrr
903 1696 945 1756 sui
964 1695 1091 1777 gloriam,
1109 1694 1155 1756 vel
1170 1715 1242 1754 eum
1261 1715 1308 1756 va·
1374 1707 1375 1776 J

190 1787 284 1836 mtatu
309 1795 441 1855 arguere,
467 1773 516 1834 sed
539 1773 603 1852 quia
625 1769 850 1834 obstaculoilis
873 1784 934 1834 erat
957 1784 1068 1864 stupor,
1094 1793 1130 1831 ne
1151 1771 1258 1830 dociles
1281 1789 1308 1829 se

189 1852 367 1932 praeberent.
406 1847 545 1926 'Denique
564 1847 608 1906 bie
627 1860 689 1906 non
708 1849 854 1909 damnatur
870 1848 1028 1909 voluntaria
1044 1846 1190 1928 peruicacia
1210 1845 1310 1922 (sicuti
1374 1877 1375 1910 ς

189 1925 264 2012 prius
284 1923 393 1982 dictum
408 1921 486 1995 suit),
505 1923 553 1982 sed
574 1943 657 1982 coeca
677 1925 820 1998 socordia,
840 1945 911 2004 quae
928 1925 1068 2002 interdum
1084 1923 1218 2000 homines,
1234 1921 1310 1983 alio-
1374 1999 1375 2016 Χ

189 2021 239 2080 qur
257 2019 317 2061 non
336 1997 481 2082 improbos
500 2019 554 2060 nec
572 1995 705 2075 rebelles,
723 1997 845 2062 indurat.

277 2229 376 2314 (220.)
395 2226 495 2296 LUC.
517 2229 635 2296 xxiv,
672 2229 723 2294 41.
746 2227 861 2296 Adbuc
883 2229 1071 2296 autemillis
1092 2249 1161 2294 non
1182 2227 1310 2294 creden·
1374 2221 1375 2266 ³

191 2331 278 2399 tibus
300 2353 377 2420 prae
398 2330 535 2416 gaudio,
561 2321 813 2410 titubantibus,
842 2332 922 2398 dixit
946 2336 1005 2412 eis,
1031 2330 1160 2397 Habetis
1182 2332 1231 2396 hie
1250 2330 1309 2396 ali-
1374 2337 1375 2342 ’

166 2435 268 2524 ‘quid
291 2434 408 2498 edulii?
449 2433 501 2498 ta.
524 2433 565 2526 At
587 2433 633 2511 illi
655 2434 840 2523 obtulerunt
862 2437 891 2500 'ei
912 2445 1032 2522 partem
1053 2435 1148 2523 piscis
1176 2437 1255 2512 assi,
1282 2442 1309 2527 et
1374 2437 1375 2442 ’

80 2537 85 2549 ’
191 2535 313 2623 aliquid
337 2536 379 2602 de
399 2535 472 2602 lavo
494 2519 625 2626 apiario‘,
669 2539 716 2606 43.
739 2540 782 2604 Et
802 2541 930 2626 aceepit,
951 2547 983 2602 et
1003 2537 1310 2624 inconspectuillo-
1374 2557 1375 2566 ¹

191 2659 262 2702 rum
291 2638 438 2703 conrodit.
482 2639 533 2702 44.
563 2637 604 2703 Et
625 2639 704 2704 dirit
725 2640 766 2705 ad
785 2661 857 2719 eos,
886 2641 972 2704 Haeo
996 2651 1070 2705 runt
1092 2638 1205 2716 verba,
1233 2659 1310 2725 quae
1374 2681 1375 2686 κ

97 2813 101 2821 ¹
191 2739 344 2825 loquutus
373 2760 443 2804 eum
471 2739 512 2804 ad
530 2761 615 2820 Quor,
644 2763 741 2828 quum
764 2740 868 2810 adbuc
891 2765 992 2808 essem
1014 2741 1196 2808 vobiscum:
1225 2739 1310 2827 quod
1374 2821 1375 2830 ἵ

163 2927 165 2932 Ι
192 2863 324 2914 necesse
347 2841 429 2906 ioret
449 2841 574 2929 impleri
596 2848 717 2922 omnia,
737 2869 822 2932 quae
842 2849 961 2932 scripta
983 2855 1057 2912 sunt
1077 2847 1111 2910 iu
1132 2845 1218 2930 Lege
1240 2845 1310 2908 irio

193 2950 251 3024 eis,
273 2935 303 3012 et
325 2945 566 3034 Prophetis„et
587 2945 720 3011 Psilmis
735 2949 784 3014 'rle
805 2965 864 3014 tue.
908 2949 960 3012 to.
983 2949 1075 3012 Turro
1097 2949 1218 3032 aperuit
1241 2947 1310 3011 illo·

193 3073 264 3115 ruru
292 3061 442 3126 mentem,
470 3059 504 3126 ut
532 3048 742 3136 intelligerent
767 3023 978 3140 scripturis„
1005 3051 1057 3115 46.
1085 3049 1129 3114 Et
1156 3049 1232 3116 dixit
1258 3053 1309 3126 eis,

195 3151 248 3216 Sic
270 3156 419 3238 scripturn
442 3167 502 3228 est,
525 3163 555 3218 et
577 3158 624 3217 aio
646 3151 815 3239 oportebat
831 3152 991 3219 Christum
1011 3155 1085 3252 pqti,
1107 3164 1137 3218 et
1151 3169 1309 3235 resurgere

121 3267 125 3275 “
193 3273 212 3312 a
237 3257 370 3322 mortuis
397 3257 491 3320 tertio
520 3253 584 3321 dier
625 3255 676 3320 47.
705 3257 745 3320 Et
767 3255 944 3342 praedicari
965 3259 1092 3320 nomine
1114 3257 1180 3320 eius
1199 3257 1311 3339 poeni·
1374 3283 1375 3328 1

193 3357 321 3418 tentiam
344 3377 382 3420 ac
403 3359 626 3422 remissionem¹
645 3369 849 3444 peccatorum
870 3361 904 3422 iu
927 3381 1035 3456 ornnes
1060 3357 1309 3433 Gentes,·ioitio
1374 3395 1375 3450 q

193 3453 277 3518 laeto
304 3453 615 3543 ab‘Hierosolydris.
649 3459 711 3525 48.
740 3454 810 3553 Vos
839 3472 942 3528 nutent
972 3461 1047 3526 eatis
1073 3470 1168 3526 tester
1195 3481 1310 3524 eornm.

109 3565 114 3584 '
194 3557 244 3622 49.
266 3557 308 3623 Et
328 3575 403 3620 ecce
425 3579 486 3644 ego
507 3565 605 3624 mitto.
618 3563 808 3646 promissum
831 3552 930 3630 Patria
953 3566 1016 3652 moi
1031 3584 1132 3650 ,super
1152 3582 1228 3625 vos:
1255 3583 1311 3627 vos
1374 3619 1375 3638 ,

185 3657 297 3746 'autem
325 3655 434 3750 sedete
454 3661 495 3728 iu
517 3664 642 3739 civitate
664 3661 881 3749 Hierusalem,
909 3666 1121 3754 quoadusque
1141 3663 1311 3730 induamini

193 3765 310 3830 virtute
331 3783 369 3850 eq
390 3760 464 3836 alto,

268 3973 338 4062 Luc.¹
365 3977 432 4044 ‘lli'
456 3973 563 4065 (¹le
592 3977 655 4042 illia
684 3998 740 4042 uon
768 3977 960 4045 credentibus.
986 3979 1065 4038 -ttic
1094 3997 1206 4060 quoque
1238 3977 1310 4038 locus

194 4050 315 4108 ostendit
341 4070 402 4118 nou
424 4049 509 4114 fuisse
535 4053 665 4116 consulto
690 4051 860 4128 incredulos,
891 4055 973 4116 sicuti
998 4056 1045 4134 qui
1070 4053 1099 4115 ln
1122 4057 1245 4116 animum
1269 4055 1309 4113 in-

193 4121 300 4180 ducunt
319 4145 378 4190 noo
398 4127 526 4196 eredere;
550 4129 598 4198 sed
622 4147 707 4208 quum
729 4149 777 4188 eos
797 4132 831 4190 ad
850 4127 950 4210 cupide
969 4131 1135 4197 eredendum
1156 4131 1244 4190 ferret
1262 4151 1310 4189 ro-

193 4192 292 4269 luntas,
312 4198 397 4263 luisse
414 4201 533 4270 allectus
552 4198 594 4270 sui
613 4203 789 4297 vehementia
809 4206 986 4282 constrictos,
1004 4216 1036 4265 ut
1056 4206 1235 4292 acquiescere
1253 4225 1311 4264 non

149 4277 155 4290 ¹
193 4282 316 4340 possent.
353 4275 432 4336 Nam
458 4291 535 4340 certe
561 4278 705 4368 gaudium,
734 4281 812 4343 cuius
834 4281 962 4364 meminit
985 4283 1089 4360 Lucas,
1119 4302 1179 4342 non
1202 4281 1254 4340 nisi
1278 4303 1311 4341 er
1374 4333 1375 4340 ,
