2764 4774
197 194 273 302 tto,
339 189 450 258 suot.
467 187 534 254 xx,
572 157 937 289 cuursrx'ussuuuacuo
957 203 997 254 er
1016 171 1184 254 uscarsm.

127 405 130 412 .
163 337 167 370 ¹
266 343 375 407 ¹ldattb.
392 345 442 410 20.
480 345 623 406 memus
644 363 695 406 eoa
711 357 848 416 ,rmore
886 341 942 406 llis
960 340 1053 405 verbis
1072 343 1121 420 (ut
1139 356 1214 408 ante
1237 348 1342 426 admo-

196 420 261 494 nui)
283 421 416 487 Christus
443 418 598 506 Apostolos
626 421 764 484 mittendo
794 417 930 495 ostendit,
963 441 994 484 se
1016 418 1066 481 illis
1088 421 1121 480 in
1145 433 1252 484 totum
1282 445 1343 486 non

196 497 341 582 resignare
371 519 434 560 suas
460 499 569 578 partes}
598 495 679 578 'quasi
702 495 843 558 Ecclesiae
866 515 933 562 suae
958 498 1092 579 magister
1117 518 1185 562 esse
1211 501 1344 562 desinat.

85 575 93 604 ‘
195 573 270 636 Nam
289 575 443 656 Apostolos
467 593 532 632 cum
555 571 608 632 bae
627 572 794 704 exceptione
812 567 943 647 dimittit,
971 593 1010 633 ne
1027 572 1143 654 pmpria
1164 591 1346 639 commenta

112 650 117 663 ⁴
197 645 427 782 ‘'btmd'mfidoed
445 648 522 726 quod
539 646 599 726 ipse
616 667 681 705 man
701 647 765 722 avit,
783 649 819 708 de
837 667 920 708 mauu
940 649 1029 728 (quod
1047 647 1139 726 aiunt>
1161 651 1194 712 iu
1215 675 1345 714 manum

217 743 268 788 ure
292 735 322 786 et
383 721 463 784 eliter
485 721 657 804 dispensent.
696 721 791 802 Atque
813 722 919 782 utinam
941 723 999 800 ius,
1026 723 1104 804 qnod
1130 723 1188 787 sibi
1214 743 1344 812 arrogat

195 749 284 882 ispa,
303 799 369 860 huic
388 797 503 880 regulae
516 797 683 876 ¹subiiceret:
707 819 760 860 uos
778 798 853 858 emm
871 797 957 878 facile
968 811 1132 878 pateremur
1150 803 1253 882 ipsum
1275 825 1344 868 esse

165 897 172 906 ’
194 876 274 938 Petri
287 874 333 937 vel
347 875 427 936 Pauli
445 895 644 950 successorem,
661 873 749 934 modo
769 895 807 934 ne
824 873 970 965 tyrannice
987 873 1018 936 in
1037 877 1144 940 animas
1163 881 1345 943 dominare·

193 961 251 1014 uu.
289 947 348 1016 Sed
366 973 453 1030 quum
470 951 555 1032 prodi
575 963 622 1010 ato
641 949 746 1014 Christi
766 951 943 1032 magisterio,
966 942 1067 1030 putidis
1087 955 1146 1016 suis
1166 959 1259 1040 nugis
1281 961 1344 1020 Ec·

196 1025 309 1090 clesiam
328 1027 448 1103 inliciat,
470 1027 535 1090 satis
555 971 623 1090 iius
644 1037 760 1106 apparet
777 1047 859 1106 quam
877 1025 965 1107 louge
982 1047 998 1087 a
1016 1047 1138 1089 munere
1159 1031 1341 1112 Apostolico

195 1101 353 1182 desciverit
392 1105 553 1169 Teneamus
571 1103 602 1162 in
620 1123 735 1178 summa,
756 1097 796 1162 his
815 1102 908 1182 vdlbis
928 1101 1041 1183 praefici
1060 1103 1210 1184 Ecclesiae
1228 1109 1289 1172 doc

181 1191 256 1256 'res,
275 1203 336 1242 uon
355 1179 404 1262 qui
421 1179 569 1262 proferant
587 1178 717 1259 quioquid
736 1178 827 1260 visum
846 1175 943 1252 fuerit,
958 1177 1017 1240 ‘sed
1034 1177 1143 1240 ab‘ore
1164 1184 1252 1244 unius
1271 1117 1340 1246 A

218 1257 276 1320 istri
299 1257 355 1338 ipsi
376 1277 491 1338 quoque
514 1256 667 1336 pendeant,
696 1263 729 1313 ut
748 1255 787 1332 ei,
815 1275 874 1314 uon
897 1255 964 1330 sibi,
999 1256 1150 1334 acquirant
1169 1257 1336 1341 discipulos

194 1279 273 1396 Ecce
290 1356 343 1415 ego
366 1336 524 1394 vottsmm.
564 1330 639 1405 Quia
661 1329 837 1411 prouinciam
856 1329 981 1394 Christus
1001 1331 1150 1392 mandabat
1169 1336 1336 1416 Apostolis,

194 1433 278 1494 quam
296 1411 413 1472 minime
432 1409 665 1488 obirepoterant
681 1407 809 1486 ,humana
825 1419 934 1476 tantum
957 1407 1062 1468 virtute
1085 1407 1170 1486 freti,
1199 1412 1335 1474 coelestis

69 1491 76 1498 '
194 1489 239 1549 sui
263 1487 394 1568 praesidii
414 1483 514 1558 fiducia
537 1504 587 1546 eos
609 1483 722 1561 animat.
765 1485 837 1544 Nam
864 1495 1013 1564 autequam
1038 1505 1069 1545 se
1090 1483 1144 1546 illis
1169 1486 1334 1549 alluurrum

160 1568 162 1584 ¹
193 1563 388 1649 promitteret,
406 1561 546 1652 praelatus
564 1570 621 1631 est.
646 1580 677 1622 se
694 1561 885 1644 Regem'esse
907 1556 978 1620 coeli
998 1571 1027 1620 et
1042 1571 1148 1636 terrae,
1175 1561 1229 1643 qui
1250 1583 1335 1625 mauu

194 1661 244 1702 sua
267 1650 297 1700 et
318 1639 440 1720 imperio
459 1637 554 1698 omnia
576 1636 725 1730 gubernet
762 1637 840 1717 Ergo
860 1633 1017 1716 emphatice
1035 1635 1260 1718 legendum,est
1279 1641 1332 1702 boc

192 1737 371 1796 pronomen,
392 1735 462 1797 ege:
490 1714 547 1774 acsi
565 1715 692 1792 durisset,
715 1711 854 1774 siolficio
874 1733 926 1774 suo
938 1717 1060 1775 'strenue
1079 1711 1206 1798 defungi
1226 1717 1332 1779 vellent

188 1791 336 1873 ‚Apostoli
356 1811 416 1851 nou
432 1789 637 1870 respiciendum
658 1789 804 1868 essemuid
822 1787 885 1870 ipsi
897 1801 1026 1880 possent,
1049 1787 1097 1870 sed
1117 1787 1254 1854 iniuncta
1275 1793 1332 1855 eius

113 1927 120 1940 ,
192 1879 333 1950 potestate
351 1865 502 1928 nitendum
521 1887 595 1939 esse,
613 1865 664 1926 sub
690 1863 768 1926 cuius
791 1856 1066 1944 auspicirs'mibtaut.
1105 1865 1216 1929 Modus
1234 1882 1330 1930 autem
1367 1913 1368 1918 η

93 1987 97 1997 ,
158 1955 161 1964 ·
214 1942 385 2012 raeseutiae,
409 1959 491 2017 quam
514 1940 655 1998 Dominus
668 1940 734 2000 ”suis
752 1941 906 2019 promittit,
934 1940 1111 2020 spiritualiter
1129 1941 1257 2026 intelligi
1277 1947 1330 2006 de-

191 1963 256 2080 ier:
276 2014 341 2096 quia
357 2023 392 2074 ut
409 2013 492 2074 nobis
506 2012 662 2088 auxilietur,
680 2033 825 2094 noulopus
845 2027 887 2075 cst
903 2036 919 2076 e
936 2017 1019 2079 coelo
1033 2015 1223 2098 descendere,
1239 2043 1328 2100 quum
1365 2065 1368 2080 .

192 2091 315 2162 Siritus
334 2089 379 2154 sui
397 2085 600 2174 gratia„quasi
624 2099 742 2150 extenta
762 2111 885 2164 manue
905 2091 1000 2167 coelo,
1032 2091 1129 2153 iuvare
1148 2115 1206 2156 nos
1231 2095 1326 2177 possit.
1367 2099 1368 2104 ’

221 2191 265 2234 am
284 2167 332 2249 qui
351 2167 505 2230 secundum
523 2187 627 2248 corpus
647 2166 786 2228 immenso
811 2167 940 2228 locorum
963 2167 1054 2249 spatio
1079 2171 1213 2232 anobis
1236 2173 1325 2246 distat,

191 2268 253 2307 nou
271 2243 360 2306 modo
383 2265 436 2325 per
457 2253 550 2304 totum
571 2243 708 2304 mundum
731 2246 751 2302 S
774 2243 849 2306 iritus
868 2243 912 2304 sui
929 2241 1080 2316 efficaciam
1100 2241 1255 2324 diffundit,
1279 2251 1326 2310 sed

191 2325 223 2384 iu
249 2322 341 2384 uobis'
375 2340 469 2400 uoque
492 2341 560 2382 vere
583 2319 697 2380 babitat.
765 2319 899 2382 otandum
922 2329 964 2380 est
986 2333 1148 2401 praeterea,
1170 2345 1233 2384 non
1256 2325 1324 2387 solis

190 2394 340 2480 Apostolis
355 2341 419 2457 boc
442 2417 503 2458 esse
525 2395 643 2458 dictum:
672 2394 818 2476 quia'non
842 2395 871 2454 in
895 2417 978 2456 unam
1000 2397 1088 2458 modo
1112 2407 1250 2474 aetatem,
1271 2400 1322 2462 sed

191 2473 339 2556 usquead
363 2473 449 2534 finem
472 2471 568 2534 muudi
585 2471 725 2534 Dominus
750 2470 881 2532 auxilium
903 2491 984 2534 suum
1008 2473 1166 2554 promittit..
1201 2475 1322 2539 Perinde

192 2564 236 2614 est
259 2550 347 2634 igitur
370 2549 427 2609 acsi
449 2549 569 2622 diceret,
598 2560 740 2628 utcunque
756 2547 859 2610 infirmi
878 2547 935 2608 sint
960 2549 1105 2630 Evangelii
1129 2547 1254 2614 ministri
1277 2577 1322 2616 re-

189 2623 310 2708 rumqud
329 2624 463 2708 'omnium
486 2623 581 2705 inopia
598 2623 744 2700 laborent,
769 2645 800 2684 se
819 2623 930 2684 illorum
950 2623 1012 2686 iore
1032 2625 1206 2720 praesidem,
1228 2642 1262 2691 ut
1280 2629 1321 2692 vi-
1365 2675 1366 2682 κ

190 2713 285 2765 stores
310 2721 390 2765 curer
411 2711 459 2761 ant
480 2721 562 2781 supra
585 2717 689 2776 omnes,
706 2699 802 2760 muudi
826 2701 981 2778 conflictus.
1021 2701 1111 2764 Sicuti
1136 2704 1226 2766 bodie
1251 2707 1320 2768 clara
1365 2705 1366 2726 ³

60 2825 63 2832 -
190 2778 363 2860 experientia
381 2721 479 2850 (iicet,
498 2767 601 2838 arcanb
621 2775 707 2837 modo
729 2776 875 2838 Christum
891 2774 1056 2841 mirabiliter
1070 2781 1203 2860 operari,
1226 2795 1258 2843 ut
1274 2783 1319 2844 in·

189 2853 314 2918 numeris
339 2852 489 2915 obstaculis
512 2851 697 2934 Evangelium
719 2852 885 2934 praevaleat.
924 2853 994 2930 Quo
1017 2854 1113 2916 minus
1132 2855 1252 2920 ferenda
1277 2871 1316 2922 est

190 2931 260 2993 cleri
281 2951 315 3014 pa
336 2929 387 2991 alis
404 2929 581 3010 improbitas,
601 2929 667 2990 dum
685 2927 835 3012 sacrilegae
853 2949 919 2990 suae
936 2927 1077 3010 tyrannidi
1098 2927 1174 2994 bunc
1192 2935 1315 3000 colorem
1364 2947 1365 2968 t

188 2949 335 3068 i'nducu‘nE
374 3003 489 3088 Negant
511 3005 663 3067 Ecclesiam
687 3024 781 3069 errare
809 3025 906 3086 posse,
934 3027 1039 3086 quaea
1061 3003 1179 3076 Christo
1197 3013 1313 3094 regitur:

210 3084 266 3146 uasi
292 3081 363 3151 vero
387 3081 534 3158 Christus,
561 3103 620 3143 uon
639 3103 719 3143 secus
744 3102 777 3142 ac
799 3081 945 3165 gregarius
971 3081 1109 3164 quispiam
1136 3083 1233 3163 miles,
1257 3087 1312 3147 aliis

187 3106 304 3222 ducibus
323 3159 527 3236 mercenariam
545 3180 658 3240 operam
676 3158 789 3232 locarit,
808 3179 840 3218 ac
860 3178 920 3221 uon
938 3156 1031 3238 potius
1049 3162 1247 3226 auctoritatem
1261 3161 1310 3223 sibi
1363 3193 1364 3244 ἦ

187 3236 356 3300 insolidum
375 3235 513 3311 retinens,
538 3257 568 3296 se
588 3233 732 3296 doctrinae
751 3255 817 3324 suae
836 3233 974 3295 vindicem
1000 3234 1064 3296 lore
1081 3247 1199 3300 testatus
1213 3237 1258 3314 rit,
1275 3247 1309 3296 ut
1363 3251 1364 3311 l

187 3331 219 3373 se
237 3312 297 3375 eius
315 3312 437 3378 ministri
453 3311 578 3392 victores
594 3311 684 3375 totius
701 3311 799 3406 muudi
815 3309 879 3396 sore
897 3307 1048 3378 confidant.
1103 3381 1107 3392 ι

413 3452 419 3462 .
449 3473 454 3506 Ι
955 3513 957 3520 ,
999 3463 1003 3471 ,
1033 3461 1035 3468 ,
1362 3459 1363 3548 p

270 3589 345 3680 222
366 3589 517 3664 MARC:
534 3591 620 3658 XVI.
656 3593 716 3658 uo.
742 3591 853 3682 ltaque
877 3591 1036 3686 Dominus
1058 3590 1201 3682 quidem,
1226 3606 1312 3682 post·
1361 3599 1362 3684 g

185 3716 283 3784 quarn
302 3695 458 3784 loquutus
480 3693 591 3768 luisset
612 3697 675 3772 elss
695 3707 841 3783 receptus
863 3697 966 3766 estin
988 3696 1125 3776 coelum,
1148 3710 1180 3764 et
1201 3720 1309 3765 conse-
1361 3695 1362 3784 l

186 3797 233 3864 dit
254 3821 272 3865 u
294 3798 431 3866 dorseta
452 3797 525 3863 Dei
568 3798 620 3864 20.
642 3798 693 3866 llli
713 3819 791 3864 vero
813 3801 933 3886 egressi
954 3799 1221 3886 praedicaverunt
1243 3801 1311 3868 ubi-

137 3895 139 3900 ’
182 3923 258 3990 que,
279 3901 646 3990 Dominoooopsraute,
670 3910 701 3970 et
717 3918 895 3970 sermonem
916 3898 1125 3970 confirmante
1145 3925 1206 3992 per
1225 3907 1312 3994 sigua

156 4055 161 4072 ,
184 4003 426 4094 subsequentia.

176 4194 179 4199 ’
269 4147 497 4270 Luc.xxlv.
536 4197 593 4268 fid.
614 4147 733 4267 Eduxit
754 4197 858 4268 rotem
881 4217 938 4292 eoa
959 4199 1047 4276 foras
1069 4218 1174 4288 nsque
1196 4203 1231 4268 in
1251 4203 1305 4268 Be·

184 4290 345 4369 therioma·
371 4315 404 4371 et
433 4303 567 4372 sublatis
593 4301 751 4370 inultum
779 4301 927 4380 manibus
953 4305 1036 4384 suis,
1063 4293 1229 4372 benedixit
1252 4307 1306 4368 eis.

1343 4497 1358 4734 l
