2796 4774
1179 14 1183 44 l

235 157 239 170 Ι

277 192 361 268 (217.
400 187 529 268 Sepulcri
547 187 678 250 custodes
693 207 709 248 a
727 185 914 248 sacerdotibus
935 190 1099 271 corruptis)
1138 235 1149 262 ,Δ
1187 185 1248 252 395*
1304 225 1310 240 .

654 300 655 308 ¹
1231 289 1238 321 l

122 341 240 404 rexisset
263 328 390 403 ieiebaut
407 340 472 405 ideo
493 359 524 400 se
541 337 606 400 illuc
625 336 711 400 liairse
729 339 843 412 misso'a,
865 349 1033 402 atuservate
1050 343 1187 404 cadaier'e
1202 339 1250 401 la«-

121 439 195 477 mam
215 415 289 476 illam
309 416 525 498 exstinguerent.
564 414 702 476 Homines
727 435 796 493 ergo
821 414 901 476 locro
920 415 1047 490 'addicti,.
1077 417 1135 476 imo
1158 435 1247 496 quae·¹
1309 421 1313 428 '

121 504 195 554 stum
214 493 336 572 undique
355 502 507 572 captantes,
522 503 670 572 postquam
692 489 743 551 illis
762 493 869 555 fructus
891 512 958 553 suae
975 491 1134 573 diligentiae
1151 492 1246 572 per‘u‘t,

121 569 260 629 rationem
279 588 382 628 noram
401 567 560 649 excogitant
583 567 775 650 emungendae
798 568 942 648 pecuniae.
982 567 1069 643 Quod
1091 579 1183 628 aretem
1202 567 1246 628 di·-

122 644 355 719 cit·Mattbaeus,
389 647 503 704 venisse
524 664 564 704 ea
588 645 651 702 itta
678 645 835 722 quosdam,
868 645 1009 706 incertum
1037 655 1081 706 est
1105 665 1141 707 an
1164 645 1246 724 pauci
1288 677 1291 698 .

121 719 205 804 astuti
227 719 372 781 consilium
395 719 430 780 ab
453 719 511 780 aliis
534 718 760 854 segregaverint,
787 741 823 778 au
845 739 916 781 vero
940 720 1016 781 missi
1034 720 1142 780 fuerint
1165 740 1247 780 com·-

121 796 201 857 muni
225 795 352 856 omnium
381 795 505 858 nomine.
551 797 587 854 ln
630 815 691 874 aucx
709 795 864 864 ¹sectandam
887 807 1045 876 partermm
1084 797 1092 813 ’
1128 795 1247 857 inclinat:

122 873 300 948 coniectura,
319 871 381 954 quia
400 884 498 964 postea
517 867 584 932 dicit
602 869 760 932 Matthaeus
783 892 843 930 non
867 871 916 929 uni
935 869 979 932 vel
998 871 1053 932 duo
1075 895 1119 952 us,
1131 869 1134 878 ’
1147 873 1196 934 sed
1213 871 1246 932 iu
1289 895 1299 948 χ

121 969 229 1031 genere
249 949 341 1010 datam
368 947 452 1009 fuisse
475 945 607 1008 militibus
629 948 789 1008 mercedem
812 945 937 1028 periurh.
986 943 1104 1008 Certum
1129 947 1246 1028 quidem

122 1037 179 1099 est,
202 1025 262 1086 sire
285 1045 383 1085 omnes
409 1021 490 1085 simul
513 1023 748 1102 conspiraverint,
777 1023 836 1085 sive
863 1044 926 1104 pars
945 1019 1071 1098 illorum,
1096 1034 1191 1084 nmen
1210 1045 1246 1086 ex·

121 1100 226 1162 crudeli
245 1113 274 1164 et
293 1099 457 1181 implacabili
479 1099 654 1160 sacerdotum
674 1113 772 1162 contra
791 1099 935 1160 Christum
960 1099 1025 1160 odio
1044 1099 1175 1180 praedam
1193 1121 1246 1161 ve-

13 1231 15 1238 ,
120 1189 204 1239 natos
227 1197 304 1238 esse:
338 1175 439 1237 deiude
467 1197 552 1258 qpum
576 1175 682 1236 scelere
705 1175 854 1238 obstrictus
878 1188 1022 1252 tenerent,
1051 1171 1246 1244 mansorum
1321 1218 1325 1224 -

4 1299 6 1306 ,
122 1252 292 1313 conscientia
317 1253 352 1312 ad
376 1251 593 1330 extorquendam
615 1252 762 1332 pecuniam
787 1251 871 1314 lu'isse
895 1251 1018 1312 abusos.'
1044 1253 1135 1312 'Nam'
1154 1250 1248 1329 (quod
1338 1265 1342 1272 “

121 1328 264 1390 sceleratis
287 1327 349 1388 iere
370 1327 499 1389 omnibus
523 1327 679 1410 contingit)
703 1327 863 1390 sacerdotes
892 1327 964 1388 male
993 1326 1046 1388 sibi
1065 1327 1187 1403 conscii,
1212 1337 1247 1386 ut

25 1453 28 1458 .
120 1403 241 1468 dedecus
260 1425 339 1468 suum
360 1415 505 1487 tegerent,
526 1403 627 1466 milites
646 1403 724 1484 largo
743 1405 835 1485 pretio
855 1425 1039 1484 corrumpere
1057 1403 1150 1466 coacti
1169 1414 1246 1464 suut.

3 1483 5 1554 j
120 1481 213 1540 Porro
231 1479 298 1541 hinc
321 1491 412 1560 patet,
437 1479 589 1566 reprobos,
616 1492 765 1562 postquam
785 1502 815 1541 se
834 1481 868 1540 ad
884 1481 1058 1572 peccandum
1078 1479 1252 1560 praecipites.

3 1555 5 1632 f
52 1583 54 1588 ·
121 1554 209 1616 semel
227 1553 373 1631 dederunt,
391 1557 473 1616 novis
492 1553 609 1632 subinde
627 1557 740 1638 flagitiis
758 1555 795 1616 im
816 1553 901 1631 licarr,
920 1555 1004 1636 idque
1022 1557 1088 1615 dum
1108 1557 1246 1636 pudorem

3 1635 5 1688 ξ
121 1651 202 1692 snum
219 1631 295 1692 tueri
313 1631 413 1693 volunt
431 1633 503 1712 apud
522 1618 663 1708 homines,
690 1633 746 1692 Dei
769 1578 878 1694 cilenia
896 1651 1000 1694 secure.
1013 1631 1151 1712 neglecta.
1189 1631 1247 1692 hli-

67 1765 72 1773 .
121 1707 177 1772 seri
194 1707 240 1768 isti
258 1729 318 1768 non
336 1717 444 1768 tautum
462 1708 611 1789 largitione
636 1708 778 1771 redimunt
802 1708 916 1782 milites,
941 1709 990 1770 sed
1013 1707 1119 1774 etiamsi
1136 1707 1246 1772 uirum

120 1783 151 1840 in
170 1783 301 1845 iudicium
319 1783 468 1844 adductum
488 1783 589 1860 suerit,
613 1783 713 1845 famam
731 1807 808 1848 suam
832 1796 863 1844 et
881 1796 965 1866 caput
987 1804 1077 1845 noxae
1098 1783 1245 1846 obiiciunt.
1264 1824 1276 1841 s

121 1857 200 1932 Quid
218 1872 310 1921 autem
329 1877 382 1921 eos
398 1871 510 1941 praeter
528 1873 652 1941 sumptus
672 1861 804 1922 iacturam
824 1861 858 1920 ad
877 1873 986 1920 tantum
1006 1859 1157 1922 discrima
1180 1857 1242 1920 suls

123 1934 246 1996 eundum
266 1937 356 2018 cogit,
384 1938 438 1998 nisi
460 1937 523 2017 quia
548 1937 702 2020 obstinatus
727 1937 808 1999 furor
827 1957 876 2000 eos
894 1937 1074 2000 retrooedere
1092 1957 1153 2002 nou
1170 1936 1246 2012 sinit,

123 2009 215 2072 donec
234 2024 345 2094 peecata
384 2015 483 2074 eccatis
502 2014 698 2076 accumulent?
852 2055 857 2076 n
924 2025 957 2092 ᾖ
1019 2079 1023 2090 ,
1070 2087 1071 2090 ¹
1241 2077 1244 2084 ,
1289 2021 1291 2028 '

196 2090 242 2148 15.
279 2033 463 2168 Dioulgutua
484 2099 530 2148 eat
553 2091 603 2148 Itr'e
625 2112 728 2158 aarum.
761 2085 837 2148 ‘Hie
861 2089 1000 2152 vindictae
1024 2087 1081 2150 Dei
1104 2099 1246 2150 extremus

120 2161 175 2220 fuit
195 2159 320 2222 cumulus
339 2165 373 2221 ad
391 2165 583 2224 excoecandos
602 2165 736 2237 Iudaeos,
762 2163 838 2242 quod
857 2165 977 2225 miiitum
994 2164 1120 2249 periurio
1139 2165 1246 2245 sepulta

120 2237 175 2298 suit
193 2237 299 2306 Christi
316 2238 500 2311 resurrectio,
525 2251 554 2300 et
577 2251 635 2300 tam
660 2239 744 2300 futile
761 2239 936 2301 mendacium
955 2251 1111 2320 receptum.
1149 2244 1247 2318 Atque

120 2314 188 2376 hinc
207 2327 324 2398 apparet
342 2313 501 2376 voluntario
521 2335 618 2380 cuore
642 2314 728 2396 luisse
746 2313 897 2396 deceptos,
920 2315 1131 2396 quig.‚Christum
1148 2335 1246 2379 resur-

121 2391 224 2452 rexisse
248 2413 308 2453 non
331 2389 478 2472 putabant,
502 2389 582 2450 sicuti
603 2391 721 2452 mundus
743 2403 844 2471 sponte
867 2411 898 2453 se
924 2390 960 2454 ad
980 2387 1133 2454 ludendum
1155 2391 1245 2452 offert

81 2487 88 2494 ·
120 2467 240 2527 Satanae
258 2467 428 2546 imposturis.
469 2468 570 2547 Neque
591 2467 682 2542 euim,
707 2465 729 2528 si
753 2467 814 2547 quis
834 2469 946 2528 'tantum
965 2463 1063 2528 oculos
1081 2467 1247 2560 aperuisset,
1275 2489 1279 2497 ·

120 2543 206 2624 lunga
224 2543 255 2602 in
293 2543 406 2606 isitinne
430 2563 500 2625 opus
523 2555 592 2604 erat.
636 2543 748 2606 Armati
771 2543 873 2605 milites
896 2544 1061 2624 subreptum
1085 2543 1138 2604 srbi
1159 2542 1246 2606 luisse

119 2618 219 2680 dicunt
238 2565 345 2682 Cliiisti
363 2641 414 2682 cor
434 2643 466 2680 us
484 2619 520 2682 ab
538 2617 657 2696 imbelli,
680 2619 806 2700 trepido,
833 2627 862 2682 e't
881 2619 996 2704 exiguo,
1025 2631 1055 2682 et
1073 2619 1173 2682 inermi
1192 2619 1247 2685 ho·
1320 2673 1324 2694 ,

120 2693 230 2756 minum
255 2714 352 2778 grege.
396 2642 470 2772 (iuis
495 2695 598 2760 coloris
621 2695 795 2778 praetextus?
833 2697 964 2773 Addunt,
988 2717 1018 2758 se
1044 2695 1246 2777 dormientibus

120 2771 180 2838 hoc,
196 2791 258 2833 esse
276 2771 390 2832 factam.
429 2773 513 2834 U'nde
536 2772 625 2856 igitur
645 2773 767 2833 furatum
791 2771 934 2836 divinant?
972 2773 1082 2848 Quodsi
1106 2795 1161 2854 qua
1186 2783 1246 2834 erat
1278 2793 1280 2798 ·

121 2847 240 2928 suspicio
266 2847 302 2910 de
325 2847 476 2929 discipulis,
506 2871 557 2912 cur
584 2869 643 2912 non
674 2848 791 2986 vestigia
814 2849 926 2930 sequuti
949 2851 1031 2912 sunt?
1064 2868 1115 2912 nar
1137 2848 1246 2914 nullum
1299 2925 1301 2932 Ι

122 2925 268 3006 strepitum
284 2925 458 3003 moverunt?
495 2925 606 2987 Puerile
624 2925 746 3010 ergoei
774 2925 851 3008 gium
875 2926 929 2988 boc
948 2925 1016 3004 fuit,
1035 2926 1110 3006 quod
1129 2925 1245 3004 impune

121 2998 174 3061 iilis
192 3023 251 3061 uon
271 3001 417 3072 cessisset,
427 2997 449 3062 si
469 3024 533 3062 cum
550 3013 629 3065 recto
650 3013 679 3062 et
697 3001 814 3064 cordato
825 3003 954 3064 Praeside
973 3003 1070 3064 fuisset
1088 3001 1245 3084 negotium.
1318 3055 1321 3060 .

122 3077 181 3152 Sed
200 3077 304 3137 iactum
325 3089 365 3138 est
384 3076 467 3137 Pilati
487 3078 679 3154 conniventia,
698 3091 730 3138 ut
749 3090 823 3140 tanta
843 3077 1005 3172 improbiqs
1027 3076 1179 3138 evanuerit
1198 3076 1246 3138 si-

107 3150 181 3218 .euti
201 3153 326 3220 videmus
346 3153 470 3246 quotidie
488 3156 628 3228 accidere,
651 3155 812 3234 utprosani
829 3155 938 3218 iudices
957 3159 1016 3214 non
1035 3153 1155 3216 multum
1174 3163 1245 3215 sata·

123 3243 208 3316 gant,
234 3229 285 3293 ubi
303 3244 404 3295 vemtas
426 3230 523 3312 fraude
547 3242 577 3292 et
601 3230 701 3292 malitia
726 3231 870 3293 obruitur:
899 3230 968 3312 quin
991 3230 1100 3310 potius,
1129 3231 1153 3299 si
1177 3229 1246 3314 nihil

123 3319 253 3366 metuunt
276 3307 463 3381 incommodi,
496 3329 561 3368 cum
587 3307 698 3388 perfidis
722 3307 908 3368 nebuloriibus
922 3302 1076 3367 'cunutus
1105 3305 1246 3371 videntur.

125 3381 293 3462 Quanquam
313 3398 405 3444 autem
429 3384 483 3444 huc
501 3385 601 3446 durum
621 3382 709 3445 rideri
728 3395 836 3464 posset,
863 3383 938 3464 quod
958 3383 1035 3444 Deus
1054 3379 1151 3444 salsum
1170 3384 1246 3444 hunc
1322 3417 1327 3422 ·

123 3478 267 3520 rumorem
286 3461 402 3539 grassari
420 3481 514 3540 passus
533 3460 569 3522 sit
586 3459 625 3522 ut
646 3459 732 3528 eratin
756 3459 874 3522 ueudam
899 3458 964 3522 Filii
987 3461 1036 3522 sui'
1049 3460 1180 3555 gloriam,
1202 3460 1247 3520 iu-

125 3545 185 3594 stae
204 3533 262 3594 eius
281 3536 379 3596 ultioni
401 3536 544 3610 habendus
570 3549 624 3610 est,
658 3537 706 3618 qui
731 3481 850 3598 debetur
874 3523 976 3598 hbnor.
1024 3537 1146 3620 Dignam
1170 3536 1246 3596 enim
1357 3549 1360 3556 ’

125 3609 210 3671 fuisse
228 3609 300 3668 illam
319 3623 446 3694 gentem,
468 3635 550 3694 quam
573 3613 692 3674 nebulae
711 3611 773 3675 luce
793 3611 948 3694 privarent,
971 3612 1036 3675 hinc
1055 3611 1246 3693 perspicimus,
1324 3649 1328 3655 -

126 3685 203 3766 qnod
228 3685 310 3746 inane
339 3687 527 3769 frivolumque
554 3689 729 3750 mendacium
757 3705 812 3750 tam
844 3689 944 3770 cupide
966 3689 1109 3769 arripitur:
1146 3685 1246 3746 deinde
1396 3699 1397 3710 ¹

125 3763 190 3842 (pria
208 3781 309 3830 omnes
327 3761 387 3822 sere
405 3763 581 3847 impegerant
595 3765 625 3826 ia
639 3765 757 3844 lapidem
772 3767 945 3839 offensionis,
964 3761 1144 3826 obtenebrari
1159 3781 1246 3841 opor,
1314 3779 1320 3789 ·
1395 3781 1396 3816 1

125 3838 179 3898 tuit
197 3837 295 3899 oculos
313 3858 420 3913 eorum,
439 3853 476 3900 ue
496 3841 624 3901 viderent
643 3840 756 3902 calicem
775 3843 920 3923 vertiginis
939 3841 1004 3934 ipsis
1022 3837 1178 3919 propinari:
1196 3839 1245 3897 de}
1286 3859 1289 3866 ’
1395 3847 1396 3870 ³

125 3914 211 3994 nique
228 3913 258 3973 iu
278 3933 362 3974 omne
380 3933 469 3996 genus
487 3915 642 3975 dementiae
660 3915 776 3992 proiici,
794 3918 874 3978 sicuti
893 3917 1002 3980 lesarae'
1014 3905 1145 3974 vaticinio
1165 3932 1246 3994 prae-

126 3991 231 4051 dictum
256 4001 316 4054 erat
335 3993 383 4066 (6,
401 3990 454 4066 8.).
492 3992 592 4071 Neque
617 3991 692 4052 enim
715 3995 795 4056 Deus
819 4015 941 4074 unquam
962 4004 1017 4051 tam
1042 3991 1122 4050 stulta
1146 3990 1247 4051 eredat

126 4065 203 4128 litate
223 4067 297 4148 ipsos
321 4066 412 4148 decipi
454 4087 528 4128 assus
551 4078 632 4144 esset,
651 4067 703 4130 nisi
722 4080 754 4130 ut
771 4071 893 4162 privaret
912 4087 963 4150 spo
981 4066 1088 4141 salutis,
1111 4065 1248 4145 aquibus

127 4143 189 4230 ipse
217 4155 394 4224 contemptus
408 4088 514 4218 ‚derat
535 4143 723 4238 Redemptor:
760 4147 841 4208 sicuti
873 4146 973 4206 eodem
1023 4163 1111 4204 uenae
1140 4161 1248 4236 genqre
1320 4147 1322 4156 ’

128 4241 203 4280 nunc
222 4219 318 4279 mundi
338 4219 565 4304 iugratitudinem
585 4230 728 4304 castigat,
748 4219 839 4282 laxans
858 4242 890 4280 re
910 4219 987 4281 robis
1003 4166 1138 4292 babeam,
1166 4223 1201 4278 ut'
1217 4215 1246 4276 in

130 4299 208 4378 peius
233 4296 387 4377 proficiant.
429 4295 579 4360 Caeterum
601 4299 730 4384 quamuis
748 4297 820 4378 apud
843 4298 878 4358 Iu
929 4317 964 4360 os
983 4293 1168 4380 pnerdmdt
1190 4293 1266 4355 boc'
1348 4339 1359 4348 .
