2804 4762
366 199 447 290 (177.
486 184 672 276 ncmutrno
690 167 841 294 prtecquo
858 169 975 298 Legis)
1074 201 1080 238 ³
1181 215 1245 284 227'

102 355 257 452 sc'rtptun
283 363 349 430 esti
391 353 555 452 quomodo
581 361 681 450 legis?
742 337 795 431 n't.
819 360 899 432 'llle
925 361 1126 454 respondens
1149 359 1236 464 dixit,
1335 425 1337 432 ,

101 463 228 552 Diliges
249 465 422 564 Demiumn
441 465 547 532 Deum
573 475 662 534 tuum
684 488 722 531 ex
743 477 812 534 tote
834 465 1026 546 cordetuo,
1056 479 1088 534 et
1109 491 1146 536 ex
1168 455 1239 556 ⁴tota¹

103 569 211 632 anima
229 577 297 649 tua,
322 558 356 634 ct
370 569 415 634 'ex
430 569 509 658 totis
530 567 661 662 viribus
674 571 752 647 tuis,
781 580 812 637 et
833 591 870 636 ex
891 579 957 636 tota
977 575 1087 638 ruente
1103 582 1172 638 tua:
1202 583 1242 644 el.

103 673 285 758 proximum
304 679 391 768 tuum
412 669 493 736 sicut
513 671 680 766 teipsum.
723 672 775 740 28.
800 671 951 760 Dixitque
972 673 1029 752 illi,
1060 673 1162 740 Recte
1183 675 1239 742 re)

100 771 275 860 spondisti:
299 773 362 841 hcc
383 771 440 852 fac,
458 782 495 837 et
515 759 615 838 vives'.
658 771 730 838 ⁴29.
774 761 832 838 llle
854 779 957 841 adtcm
977 773 1095 843 rolens
1116 765 1234 845 iustih·
1313 857 1321 868 ι

104 895 181 939 care
207 898 242 944 se
265 877 381 966 ipsum,
409 873 491 960 dixit
512 873 553 938 ad
574 871 695 954 Iesum,
716 876 758 942 Et
779 877 922 962 quisset
942 899 1032 944 mens
1052 861 1234 966 proximus?
1276 857 1280 872 .

10 1015 11 1020 κ
104 973 158 1043 30.
189 977 400 1068 Respondeas
422 986 528 1042 autem
549 975 638 1040 lesus
661 976 753 1057 dixit,
780 977 888 1043 Homo
911 979 1040 1064 quidam
1061 979 1234 1050 descende-

19 1076 21 1084 '
103 1075 159 1144 hat
186 1071 228 1146 'ab
254 1069 552 1164 Hierosolymis'in
578 1075 717 1156 Iericho,
752 1087 783 1144 et
802 1077 915 1168 incidit
936 1081 970 1148 in
990 1075 1148 1160 latrones,
1177 1075 1237 1170 qui
1275 1095 1277 1100 '

103 1183 195 1248 etiam
228 1177 492 1272 despoliaverunt
524 1157 595 1244 euhr
621 1177 778 1259 vestibus,
796 1201 857 1246 rac
873 1179 1071 1249 ¹vulneribus
1101 1182 1232 1250 inflictis
1304 1248 1308 1256 .

102 1281 259 1364 abierunt,
283 1279 490 1349 semimortuo
513 1281 636 1356 relicto.
674 1279 726 1347 31.
748 1280 876 1348 Accidit
896 1290 1008 1360 eutem,
1028 1291 1063 1372 ut
1080 1284 1235 1374 sacerdos

97 1383 231 1471 quidam
254 1381 465 1450 descenderet
487 1381 599 1450 eadem
619 1384 688 1448 viar
724 1384 861 1470 visoque
881 1383 940 1452 illo
964 1386 1137 1472 praeteriit.
1178 1383 1232 1454 32.
1271 1405 1274 1414 ·

97 1486 255 1552 Similiter
284 1495 314 1550 et
336 1483 450 1576 Levita
471 1505 569 1573 quum
591 1487 651 1552 iret
671 1487 755 1552 iuxta
776 1485 911 1566 locum,
926 1479 1238 1574 quumpaccessisset

97 1609 137 1652 ac
158 1585 294 1652 vidisset
314 1607 401 1666 eum,
422 1589 594 1681 praeteriit.
647 1584 700 1654 33.
736 1575 952 1684 Samaritanus
975 1599 1079 1656 autem
1102 1590 1232 1682 quidam

96 1691 159 1756 iter
181 1689 304 1756 iaciens
325 1688 482 1756 renit‘nd
510 1713 596 1756 eum:
638 1696 675 1758 et
698 1692 769 1756 viso
796 1712 864 1772 eo,
883 1693 1101 1760 misericordia
1123 1703 1229 1762 motus

96 1801 155 1858 est.
222 1793 278 1858 34.
323 1795 365 1859 Et
399 1789 555 1882 accedens
586 1791 740 1880 obligavit
771 1793 904 1860 vulnera
937 1797 1019 1876 eius,
1057 1793 1240 1864 ririundens¹

97 1895 208 1962 olerrm
231 1897 411 1962 aericum:
443 1905 475 1960 et
495 1887 775 1982 imponens'illum
792 1899 831 1988 in
851 1919 946 1970 suurn,
965 1899 1148 1980 iumentum,
1171 1897 1231 1966 du‘·
1264 1907 1269 1916 '

10 2051 12 2056 ,
95 2001 143 2065 xit
164 2001 201 2063 in
224 1991 448 2078 diversorium,
471 2006 503 2064 et
526 2020 633 2065 curam
655 2000 724 2064 eius
746 1993 817 2084 egit.
847 1987 926 2064 ‘35.
960 1998 1002 2064 Et
1022 1986 1153 2086 postero
1177 2001 1230 2068 die
1268 1997 1270 2005 '

96 2099 282 2186 egrediens,
306 2101 517 2192 depromptos
537 2100 620 2166 duos
643 2099 793 2165 denarios
815 2099 905 2166 dedit
926 2099 1053 2188 hospiti,
1077 2113 1109 2168 et
1129 2104 1174 2168 ait
1195 2105 1232 2182 ei,

96 2194 225 2271 Curam
256 2202 354 2270 illius
377 2201 472 2268 habe:
517 2211 549 2266 et
581 2201 798 2290 quodeunque
824 2210 990 2286 praeterea
1015 2203 1233 2293 insumpseris,

96 2325 160 2392 ego
175 2325 287 2393 ‘quum
319 2304 460 2381 rediero,
495 2301 626 2368 reddam
655 2301 727 2366 tihi.
765 2301 843 2366 ι36.
890 2301 975 2385 Quis
1008 2323 1085 2386 ergo
1116 2293 1238 2376 horum

94 2411 198 2474 trium
224 2405 351 2470 videtur
376 2405 436 2470 tibi
461 2405 626 2490 proximus
652 2402 754 2467 fuisse
782 2401 842 2479 illi,
868 2407 924 2486 qui
945 2399 1057 2465 incidit
1078 2404 1112 2468 in
1133 2401 1234 2468 latro-

95 2511 178 2574 nes?
221 2507 274 2572 37.
300 2509 343 2572 at
363 2505 418 2570 illc
440 2503 532 2582 dixit,
554 2504 621 2590 Qui
643 2505 784 2570 exercuit
805 2501 1057 2570 miscricordiam
1077 2507 1111 2596 in
1132 2503 1232 2572 illumi
1353 2493 1355 2500 ¹

96 2611 166 2705 Ait,
178 2609 277 2694 igitur·
294 2606 343 2674 illi
363 2607 463 2692 lesus,
486 2603 592 2686 Vade,
613 2614 645 2672 et
665 2611 701 2672 tu
722 2605 773 2672 iac
794 2603 946 2672 similiter.

142 2927 144 2934 Ι
182 2851 352 2933 Quanquam
374 2850 439 2912 huic
462 2841 594 2913 historiae
622 2850 724 2934 aliquid
746 2848 835 2921 simile
858 2862 982 2912 tantum
995 2844 1099 2915 hebere
1121 2852 1232 2916 ridetur

99 2951 150 3008 ea,
179 2951 262 3010 quam
284 2929 414 2990 referunt
432 2929 589 2992 Matthaeus
612 2929 659 2990 22.
680 2927 779 3008 capite·
795 2932 823 2988 et
850 2930 962 2990 Marcus
983 2931 1038 3004 tn,
1060 2950 1120 2992 non
1138 2939 1232 3001 autem

98 3007 203 3070 eadem
228 3025 302 3066 esse:
329 3025 385 3088 ego
407 3015 503 3064 tamen
521 3001 556 3064 'in
570 3012 666 3086 'unum
685 3003 779 3065 locum
796 3003 861 3064 ideo
881 3005 1013 3068 conferre
1031 3003 1130 3078 malui,
1157 3002 1231 3083 quia,

83 3105 192 3166 =quum
211 3083 366 3142 Matthaeus
390 3091 420 3142 et
438 3082 549 3140 Marcus
572 3079 727 3156 affirment,
750 3079 823 3142 hanc
844 3079 927 3142 luisse
945 3081 1071 3160 ultimam
1090 3079 1233 3159 quaestio-

98 3181 187 3235 nem,
211 3177 265 3237 qua
287 3167 410 3218 tentatus
435 3155 490 3215 suit
513 3156 665 3230 Dominus,
689 3157 779 3217 Lucas
798 3157 857 3218 eius
875 3157 918 3217 rei
936 3155 1039 3216 nullam
1057 3155 1233 3218 mentionem

88 3235 182 3298 decit.
228 3234 346 3295 Videtur
371 3245 463 3292 autem
488 3231 617 3293 consulto
642 3232 882 3312 praetermittere,
911 3231 976 3314 quia
999 3231 1065 3292 alibi
1087 3231 1231 3294 retulerat.

96 3313 207 3392 Neque
229 3321 324 3372 umen
348 3308 491 3370 contendo
513 3307 631 3370 eandem
651 3308 888 3384 essehistoriam,
915 3329 1002 3388 quum
1017 3308 1107 3368 Lucas
1131 3309 1241 3393 areli-¹

100 3389 168 3470 quis
191 3387 300 3450 duobus
365 3386 461 3446 sedam
481 3383 583 3446 haheat
607 3384 724 3446 diversa.
761 3381 842 3446 inter
863 3405 966 3446 ornnes
982 3383 1129 3460 convenit,
1153 3385 1233 3446 Scri-

99 3462 316 3525 ham‘tentandi
361 3461 439 3524 bristi
459 3481 540 3523 causa
558 3460 678 3522 movisse
697 3461 901 3540 quaestionem,
927 3459 976 3522 sed
995 3459 1039 3534 is,
1051 3461 1102 3542 qui
1121 3463 1233 3525 anat-

99 3541 191 3601 thaso
212 3549 241 3598 et
259 3541 356 3598 Marco
378 3537 557 3615 descriln'tur',
580 3537 694 3598 tandem
715 3536 831 3598 discedit
848 3558 908 3597 non
926 3535 998 3606 male
1016 3534 1146 3598 affectus:
1185 3555 1244 3596 ac-‚

102 3613 226 3695 quiescit
244 3613 318 3672 enim
329 3613 433 3675 Christi
451 3634 597 3696 responso,
616 3615 782 3750 siguumtpre
801 3612 898 3674 docilis
918 3634 950 3674 ae
965 3613 1104 3675 mansueti
1120 3611 1232 3692 spiritns
1390 3687 1391 3696 ἵ

102 3687 234 3785 praebet
271 3687 355 3750 Adde
372 3689 456 3750 etiarn
494 3691 549 3750 uod
568 3689 689 3752 vicissrm
709 3689 733 3750 C
754 3689 837 3752 rinus
855 3689 1031 3770 pronuntiat,
1055 3709 1115 3748 non
1133 3683 1234 3767 procul
1282 3751 1283 3768 χ

103 3783 203 3846 rpsum
221 3761 318 3824 ahcsse
338 3785 355 3824 a
372 3783 463 3857 regno
511 3765 568 3840 ei..
598 3765 688 3846 Atqui
706 3765 796 3826 Lucas
818 3764 1007 3846 praefractum
1029 3763 1172 3825 hominem
1191 3761 1233 3820 fs·

105 3853 211 3919 stuque
229 3849 391 3920 turgentem
412 3841 531 3914 inducit,
541 3839 579 3900 'in
598 3861 655 3922 quo
674 3841 778 3902 nullutn
797 3842 1004 3922 resipiscentiae
1021 3839 1131 3934 signum
1150 3854 1235 3916 appas

104 3927 164 3978 ret.
204 3913 279 3974 Nihil
300 3927 392 3978 autem
415 3915 526 3975 absurdi
549 3927 639 3991 esset,
667 3915 811 3978 Christum
835 3916 870 3977 de
889 3915 1118 3980 vera'iustinaL
1157 3912 1235 3989 isque

106 3990 309 4054 observatione
328 4001 390 4051 etr
446 3989 471 4050 la
489 3991 564 4052 hene
581 3991 694 4054 vivendi
712 3992 820 4070 saepius
838 3991 924 4054 fuisse
940 4003 1088 4053 tentatum.
1147 3996 1235 4074 *aete-

105 4088 173 4132 rum
196 4067 255 4128 sive
278 4067 367 4126 Lucas
391 4085 493 4144 arcuo,
508 4066 573 4128 loco
597 4066 652 4129 hoc
676 4067 820 4141 retulerit,
842 4068 901 4131 sive
923 4087 999 4128 nunc
1018 4062 1236 4146 praetermiserit

107 4145 225 4206 alteram
241 4142 496 4226 ‘interrogationem
509 4141 560 4216 (eo
579 4142 654 4226 quod
671 4143 750 4224 prior
768 4142 813 4203 illa
831 4143 955 4205 narratio
975 4141 1066 4222 quoad
1080 4137 1238 4199 doctrinam

35 4237 38 4245 '
109 4217 270 4296 sufficeret)
288 4219 433 4282 doctrinae
450 4217 601 4294 similitudo
620 4218 676 4280 hoc
696 4212 839 4310 poettdare
857 4218 914 4280 visa
936 4227 992 4288 est,
1018 4226 1049 4274 ut
1067 4225 1124 4274 tres
1142 4215 1238 4274 Evan-

10 4313 12 4322 ·
108 4295 314 4389 generiam·
331 4316 362 4360 se
381 4292 549 4358 conferrem.
580 4295 667 4357 Nune
685 4291 845 4367 ardendum,
863 4288 1092 4426 quaenar'rpblpunc
1110 4288 1238 4350 Scribam
