2830 4772
160 233 219 298 Μ
366 249 373 261 “
583 227 713 336 'sm'
733 227 843 290 XVIII.

94 439 97 446 .
163 383 249 444 thaeo
267 389 296 441 et
312 381 411 440 hlarco
429 377 533 439 dictum
549 391 620 453 erat,
638 383 744 440 acltots
763 382 841 459 quod
854 345 946 459 prips
965 349 1005 440 iit
1026 384 1057 440 in
1068 351 1199 456 foribus,
1220 381 1301 458 aprxd

62 474 66 492 “
164 461 271 520 Lucam
289 455 410 537 apertius
429 455 586 536 exponitur,
606 459 686 536 quod
703 460 792 518 instet
813 479 934 538 regnum
953 459 1025 516 Dei:
1048 469 1076 518 et
1093 456 1222 520 hocloco
1231 459 1299 517 Re-

165 555 254 618 gnum
272 532 329 592 Dei
347 553 406 590 non
432 533 479 608 (ut
496 531 562 590 alibi
580 531 703 613 saepius)
718 555 742 592 ·a
761 553 812 594 suo
831 533 946 592 exordio
967 545 1112 607 censetur,
1137 534 1186 594 sed
1205 555 1221 592 a
1237 555 1299 603 ,sua
1404 533 1405 600 ᾗ

165 609 356 691 perfectione,
378 608 406 668 id
426 628 462 667 ue
482 629 516 668 cx
535 629 633 668 eorum
653 629 749 684 sensu,
769 631 839 690 quos
858 609 978 670 docebat
999 609 1133 669 Christro.
1168 639 1171 650 ·
1191 611 1300 689 Neque

168 687 243 748 enim
266 704 386 766 regnum
440 684 466 747 ei
484 683 732 763 apprehendebant
751 686 779 744 in
800 685 967 766 Evangelio,
996 685 1026 744 in
1046 706 1114 764 pace
1133 686 1300 777 gaudioque
1404 761 1405 764 Ἴ

118 832 123 838 g
167 761 241 836 fidei,
259 761 289 820 in
308 759 440 842 spirituali
459 759 571 834 iustitia,
591 760 640 820 sed
663 761 770 820 beatam
790 761 862 822 illam
882 761 1006 841 quietem
1028 776 1055 822 et
1095 761 1191 820 lorcam
1207 784 1302 842 ψιιε-Ι
1404 793 1405 798 ¹

168 838 278 910 rebant,
297 835 437 916 quaesub
457 861 469 897 s
490 857 505 896 e
523 835 687 896 abscondita
707 849 855 917 estusque
874 839 907 904 ad
928 837 1056 896 ultimum
1075 783 1159 898 diem.

246 912 345 974 March.
363 915 411 974 34.
479 935 516 970 on
531 917 709 991 praeteribit
729 927 816 982 oetas
835 913 916 974 daec.
989 935 1125 992 uanquam
1145 913 1300 974 universali
1404 917 1405 944 ³

133 1049 144 1068 ,
169 1002 238 1052 nota
255 989 344 1048 utitur
363 988 508 1062 Christus,
533 1003 703 1076 nontamen
722 989 890 1072 generaliter
909 991 943 1050 ad
963 1011 1062 1056 omnes
1081 989 1221 1050 Ecclesiae
1240 991 1301 1050 mi-

170 1065 256 1128 serias
275 1065 399 1125 extendit
417 1085 592 1139 sermonem,
616 1067 664 1126 sed
684 1066 847 1143 simpliciter
865 1068 963 1137 docet,
986 1067 1111 1125 nondum
1131 1077 1220 1126 aetate
1233 1071 1301 1127 'una

170 1140 311 1232 completa
335 1141 465 1232 quicquid
492 1141 620 1204 disseruit
645 1154 750 1204 eventu
773 1142 923 1223 probatum
950 1141 993 1202 iri.
1049 1143 1121 1202 Nam
1147 1143 1301 1202 intrauan-
1404 1159 1405 1210 j

170 1238 224 1279 nos
249 1230 450 1300 quinquaginta
475 1217 564 1279 excisa
586 1217 653 1278 urbs
677 1217 743 1294 luit,
768 1219 957 1298 templumque
974 1217 1115 1293 dirutum,
1134 1229 1194 1278 tota
1211 1218 1298 1300 regio

170 1294 201 1354 in
230 1293 395 1373 stupendam
421 1293 579 1356 vastitatem
603 1293 729 1370 redacta,
759 1295 856 1356 mundi
880 1295 1056 1356 contumacia
1080 1315 1142 1356 sese
1164 1296 1300 1355 adversus

170 1371 266 1432 Deum
287 1369 399 1430 extulit:
419 1370 517 1431 exarsit
536 1371 618 1433 etiam
637 1369 718 1432 furor
736 1372 771 1433 ad
789 1372 934 1432 delendam
953 1369 1046 1432 salutis
1061 1371 1225 1444 doctrinam,
1245 1390 1298 1428 ex-

172 1445 231 1506 orti
258 1457 324 1506 sunt
351 1445 411 1506 salsi
439 1445 584 1521 doctores,
610 1447 659 1526 qui
682 1447 822 1508 sincerum
847 1447 1033 1530 Evangelium
1056 1441 1112 1508 s'uis
1136 1445 1298 1528 imposturis

171 1531 382 1604 perverterent,
406 1521 602 1605 religiomiris
621 1523 711 1585 modis
730 1545 878 1598 concussa,
897 1535 977 1584 totus
994 1521 1106 1604 piorum
1126 1529 1221 1584 coetus
1240 1522 1301 1581 mi-

152 1617 235 1660 'scre
257 1607 374 1658 vexatus
395 1595 458 1658 suit.
518 1599 686 1677 Quanquam
709 1611 802 1660 autern
826 1599 917 1662 multis
940 1612 1038 1680 postea
1061 1600 1176 1662 sacculis
1200 1601 1299 1659 eadem

171 1672 243 1734 mala
262 1672 399 1733 continuo
417 1683 520 1736 tenore
537 1685 655 1757 grassm
676 1687 754 1748 sunt,
779 1698 846 1738 vere
864 1689 959 1736 umen
979 1676 1087 1736 dictum
1106 1677 1160 1735 luit
1177 1697 1193 1734 a
1213 1675 1300 1736 Chri-

172 1761 232 1824 sto,
263 1759 329 1807 ante
346 1748 437 1830 ,linem
461 1749 544 1810 unius
568 1751 785 1812 sacculi'fidcles
807 1774 839 1812 re
865 1753 923 1832 ipsa
946 1763 976 1812 et
1001 1751 1076 1812 claro
1101 1752 1299 1831 experimento

172 1843 318 1897 sensuros,
337 1844 419 1903 quam
438 1847 535 1884 verum
556 1837 629 1886 essct
646 1849 725 1887 suum
746 1829 918 1892 vaticinium:
944 1849 1006 1886 narn
1026 1827 1120 1887 eadem
1140 1828 1211 1916 passi
1229 1838 1300 1887 sunt

171 1897 317 1978 apostoli,
341 1917 411 1978 quae
429 1899 513 1961 hodie
534 1901 669 1962 videmus.
708 1904 772 1964 Nec
791 1927 860 1966 vero
882 1903 1024 1966 consilium
1045 1902 1151 1962 Christe
1169 1901 1236 1975 suit,
1260 1901 1299 1962 fi-

172 1995 239 2034 nem
270 1974 456 2046 calamitatum
483 1977 555 2037 intra
579 1977 710 2059 exiguum
735 1991 844 2060 tempus
867 1981 922 2042 suis
944 1978 1107 2062 promittere
1136 1981 1148 2052 (
1172 1979 1215 2037 uia
1238 1978 1298 2039 hoe

172 2049 260 2110 modo
284 2072 380 2114 secum
404 2052 463 2133 ipse
486 2065 649 2138 pugnasset,
678 2077 764 2135 quum
784 2058 861 2136 prius
879 2053 1065 2130 admonuerit,
1087 1999 1218 2114 nondum
1237 2075 1299 2116 esse

172 2125 282 2202 tinem),
301 2128 349 2188 sed
368 2139 400 2188 ut
417 2130 451 2189 ad
469 2129 644 2190 tolerantiam
664 2152 712 2192 cos
732 2131 876 2208 animaret,
894 2134 996 2194 diserte
1014 2131 1150 2212 praedixit
1169 2131 1203 2192 ad
1221 2132 1298 2210 ipso-

133 2221 139 2231 ·
172 2223 237 2266 rum
258 2214 378 2265 aetatem
397 2218 531 2296 spectare.
569 2209 675 2268 Sensus
695 2220 737 2270 est
754 2208 852 2290 igitur,
872 2207 1053 2302 Prophetiam
1073 2207 1144 2267 banc
1163 2228 1222 2266 non
1238 2199 1303 2268 esse'

173 2279 209 2340 de
234 2280 311 2342 malis
334 2279 507 2366 longinquis,
545 2305 615 2364 quae
638 2284 730 2344 multis
755 2296 821 2365 post
843 2287 956 2346 saeculis
974 2284 1119 2345 visura‘sit
1137 2281 1294 2364 posteritas,

173 2356 222 2417 sed
241 2379 311 2438 quae
331 2357 385 2418 iam
402 2359 575 2440 impendent,
595 2373 623 2420 et
642 2361 754 2440 quidem
772 2382 828 2420 una
846 2361 927 2422 simul
948 2359 1095 2438 congerie,
1114 2373 1145 2418 ut
1166 2377 1292 2438 praesens

173 2445 248 2496 aetas
267 2433 368 2496 nullius
388 2437 475 2516 partis
497 2458 593 2516 expers
614 2437 705 2496 lutura
724 2437 783 2511 sie
811 2439 908 2518 Itaque
927 2437 1068 2497 Dominus
1091 2457 1188 2496 omnes
1205 2432 1294 2494 malot-

172 2531 236 2570 rum
255 2512 362 2590 species
380 2511 411 2572 in
429 2515 520 2572 unani
531 2525 651 2574 aetatem
671 2533 843 2597 congerens,
866 2513 982 2574 minime
1000 2513 1034 2574 ab
1054 2513 1150 2574 iisdem
1170 2524 1295 2592 posteros

174 2585 301 2720 eximit,b
315 2589 365 2647 sed
387 2599 497 2649 tanturn
521 2589 671 2670 discipulos
693 2591 728 2651 ad
752 2591 846 2652 omnia
869 2601 1034 2652 constanter
1056 2589 1172 2650 ferenda
1189 2597 1295 2670 paratos

174 2679 282 2720 essem
304 2673 340 2721 et.
876 2691 879 2700 ¹

250 2737 297 2796 35.
342 2737 460 2796 coelum
482 2749 513 2800 at
537 2721 625 2801 terro'¹
645 2745 825 2802 transibunt.
877 2741 947 2818 Quo
973 2741 1109 2802 maiorem
1137 2739 1216 2802 dictis
1244 2737 1298 2801 snis

172 2807 256 2870 fidem
277 2812 421 2888 conciliet,
441 2835 539 2877 corum
558 2817 755 2888 certitudinem
775 2819 987 2898 comparatione
1004 2819 1128 2892 illustrat,
1147 2817 1224 2953 quod
1246 2815 1297 2876 sci-

173 2885 241 2946 licet
263 2888 352 2970 magis
374 2889 493 2950 stabilita
517 2892 554 2952 sit
577 2913 609 2953 ac
633 2893 712 2952 firma
736 2917 818 2974 quam
842 2895 946 2954 fabrica
968 2893 1056 2954 totius
1078 2897 1146 2952 mun
1166 2893 1183 2952 i.
1225 2891 1296 2952 Cae-

174 2973 268 3026 terum
293 2963 365 3024 banc
386 2963 519 3044 loquendi
541 2968 660 3028 formam
687 2971 762 3030 varie
788 2982 932 3053 exponunt
956 2970 1131 3054 interpretes.
1177 2967 1297 3042 Quidam

174 3040 250 3102 enim
270 3041 391 3109 coeliet
411 3053 504 3102 terrae
523 3045 671 3105 transitum
689 3049 724 3106 ad
742 3046 871 3108 ultimum
890 3047 962 3108 diem
983 3047 1123 3120 referunt,
1149 3065 1206 3124 quo
1226 3043 1295 3102 abo·

174 3114 277 3178 lebitur
305 3119 405 3178 caduca
435 3139 534 3178 eorum
558 3122 693 3181 conditio.
741 3123 798 3183 Alii
827 3135 920 3186 autem
948 3123 987 3184 sic
1014 3121 1173 3193 resolvunt,
1203 3118 1293 3196 potius

175 3201 263 3250 totam
282 3195 381 3264 mundi
400 3193 543 3255 fabricam
552 3218 611 3256 esse
631 3199 798 3278 perituram,
822 3221 905 3280 quam
924 3212 955 3258 ut
974 3205 1117 3260 evanescat
1134 3193 1294 3253 vaticinium

174 3269 250 3344 quod
269 3289 360 3348 nuper
378 3271 538 3332 audivimus.
577 3273 633 3332 Sed
653 3275 716 3366 quia
735 3297 793 3335 non
812 3277 925 3338 dubium
944 3288 995 3350 est,
1013 3273 1076 3352 quin
1088 3270 1215 3330 Christus
1230 3289 1296 3329 suo·

140 3401 143 3410 ,
174 3363 236 3430 rum
256 3357 366 3404 mentes
387 3369 468 3425 supra
486 3349 583 3408 mundi
602 3350 732 3410 intortum
752 3351 880 3413 attollere
899 3353 960 3412 data
979 3371 1066 3430 opera
1079 3346 1210 3420 voluerit,
1230 3344 1296 3406 mihi

174 3417 285 3476 utetur
304 3431 403 3480 notare
423 3425 540 3484 assiduas
559 3425 767 3500 inclinationes,
792 3451 863 3508 quae
881 3429 912 3487 in
930 3426 1033 3488 mundo
1054 3435 1231 3498 cernuntur,-
1243 3423 1296 3482 acsi

174 3505 292 3574 negaret
310 3497 478 3578 aestimanda
498 3521 557 3560 esse
575 3503 647 3562 dicta
667 3523 714 3562 sua
734 3504 772 3563 ab.
787 3503 907 3565 instabili
927 3517 957 3565 et
977 3502 1051 3584 quasi
1064 3512 1192 3560 aestuosa
1202 3498 1296 3558 muudi

174 3571 321 3658 varietate:
345 3572 446 3634 'scimus
466 3575 553 3649 enim,
568 3578 634 3636 dum
655 3600 699 3638 res
719 3579 746 3638 in
767 3582 871 3640 mundo
890 3581 1052 3652 volvuntur,
1072 3599 1154 3657 quam
1174 3575 1314 3658 proclive·

94 3713 97 3718 ,
174 3657 211 3704 stt
234 3657 344 3736 mentes
367 3660 473 3712 nostras
497 3651 576 3711 simul
600 3655 697 3733 abripi.
755 3657 824 3716 Ideo
850 3656 974 3718 Christus
998 3653 1148 3734 discipulos
1171 3649 1295 3713 vetatin

174 3723 270 3782 mundi
293 3736 423 3802 respectu
441 3729 584 3806 occupari,
613 3733 666 3790 ‘sed
692 3733 768 3810 quasi
794 3754 809 3791 e
835 3733 953 3802 sublimi,
971 3731 1081 3791 divinae
1105 3727 1295 3810 providentiae

174 3797 285 3889 specula
304 3799 461 3890 despicere,
486 3825 557 3884 quae
577 3819 694 3868 ventura
713 3808 856 3887 praedixit.
899 3811 1011 3868 Interea
1031 3828 1065 3866 ex
1086 3805 1142 3864 hoc
1164 3804 1227 3864 loeo
1247 3802 1293 3864 eli·

175 3886 247 3934 crtnr
271 3875 352 3936 uritis
366 3877 510 3954 doctrina,
540 3881 659 3954 salutem
678 3895 803 3945 nostram
829 3885 911 3964 (qnia
931 3886 960 3942 in
981 3883 1087 3944 Christi
1105 3877 1293 3962 promissioni·

174 3947 225 4011 hus
244 3949 357 4012 fundata
378 3953 437 4028 est)
463 3977 522 4016 non
542 3958 678 4019 fluctuare
697 3961 848 4019 secundum
867 3962 988 4020 diversas
1008 3958 1105 4018 mundi
1124 3957 1293 4037 agitationes,

174 4027 222 4086 aed
241 4027 434 4088 inconcussam
454 4043 540 4104 stare,
562 4035 647 4094 modo
667 4035 750 4095 ctiam
768 4036 952 4098 fidesnostra
967 4033 1050 4096 coelo
1072 4047 1101 4094 et
1119 4045 1195 4093 terra
1214 4050 1292 4110 supe-

174 4100 286 4160 rior-nd
305 4105 393 4183 ipsum
412 4128 501 4186 usque
521 4109 662 4187 Christum
681 4113 866 4172 transcendat.

212 4247 218 4261 .
248 4179 295 4238 36.
336 4184 491 4244 Caeterum
513 4186 551 4242 de
577 4186 727 4251 cilentio„
774 4189 835 4246 Hac
864 4187 1003 4247 sententia
1027 4183 1154 4248 Christus
1177 4181 1292 4242 fidelium

101 4305 113 4330 1,
175 4265 281 4310 animos
300 4257 390 4315 teneri
409 4279 559 4338 suspensos
578 4257 679 4331 voluit,
699 4281 736 4319 ne
755 4260 821 4322 salsa
840 4263 1039 4344 imaginatione
1057 4273 1168 4340 tempus
1187 4258 1292 4338 aliquod

99 4369 104 4376 .
175 4320 286 4434 ultimae
301 4330 495 4409 redemptioni
518 4334 681 4412 praefigant.
739 4337 863 4411 Scimus,
887 4359 969 4416 quam
987 4337 1140 4398 volaticum
1160 4335 1242 4395 nobis
1259 4333 1292 4396 sit
