2796 4774
317 236 321 242 ι
395 285 508 366 Ι(132.
546 261 729 368 Iesua'supra
746 303 824 348 nare
841 283 1029 364 ambulans).
1265 287 1303 350 'i'l

165 413 304 527 quievit
316 445 443 522 ventus.
491 439 542 505 33.
558 439 669 506 ‘Porro
690 441 747 526 qui
770 441 914 509 orantia
934 440 1008 506 navi
1028 448 1243 522 accusarunt,
1269 449 1302 508 et

166 544 390 608 adoraverunt
412 564 481 608 eum
502 541 655 622 dicentes,
677 544 765 608 Vere
786 543 886 610 Filius
907 544 970 610 Dei
991 565 1036 611 cs.
1102 567 1105 574 ’
1170 563 1174 574 ·

257 712 398 782 ΜΑΒΟ.
422 713 475 780 Vl.
527 713 579 783 45.
606 713 649 782 Et
670 715 773 792 atatim
796 716 901 802 coegit
923 711 1099 804 discipulos
1121 711 1199 780 suos
1221 733 1299 782 oon⁴

166 815 326 900 accudere
344 805 459 895 navim,
480 825 516 882 ut
534 816 762 905 praecederent
783 819 969 886 transmisso
990 817 1066 896 lacu
1087 819 1298 903 Bethsaidam,

121 905 126 912 ”
156 920 246 1012 Δ,(Ῑιιιιι
272 919 341 1008 ipse
367 919 537 986 dimitteret
563 913 698 986 turbam.
724 909 727 918 ’
757 919 882 984 46.·Et
907 907 1005 1008 quum
1033 915 1203 988 dimisisset
1229 945 1299 1004 eos,

165 1017 245 1088 abiit
275 1025 310 1088 in
344 1031 488 1088 montem
523 1020 565 1086 ad
598 1018 763 1089 orandum.
832 1019 885 1088 47.
914 1019 956 1090 Et
986 1025 1086 1108 quum
1119 1021 1298 1092 advenisset

162 1142 314 1212 vespera,
354 1136 423 1192 erat
449 1125 541 1212 nauis
569 1126 604 1190 in
630 1122 737 1190 medio
763 1125 856 1200 mari,
890 1131 922 1187 et
946 1125 1018 1212 ipsc
1039 1122 1128 1189 solus
1149 1125 1297 1198 interra.

161 1228 212 1292 48.
235 1228 403 1315 Viditquc
428 1248 487 1294 cos
508 1225 692 1292 lallorantes
718 1227 753 1290 in
778 1223 980 1310 remigando,
1009 1223 1199 1310 (eratenim
1218 1249 1298 1296 vcn-

159 1339 215 1396 tus-
234 1333 285 1397 eis
308 1332 525 1409 contrarius),
548 1340 580 1396 et
600 1331 683 1394 circa
706 1337 849 1415 quartam
870 1326 1010 1414 vigiliam
1032 1330 1135 1394 noetis
1153 1331 1240 1396 venit
1256 1329 1298 1398 ad

159 1453 226 1513 eos,
249 1432 427 1500 ambulans
450 1455 547 1522 super
568 1453 663 1512 mare,
686 1441 722 1496 et.
740 1429 869 1496 volebat
889 1432 1064 1518 praeterire
1086 1452 1152 1498 eos.
1189 1433 1240 1498 49.
1255 1436 1299 1499 At

119 1524 222 1615 ‘'iltt,
256 1548 296 1602 ut
324 1533 478 1600 viderunt
507 1529 578 1598 eum
608 1527 823 1601 ambulantem
849 1555 946 1622 super
974 1555 1073 1613 mare,
1104 1541 1299 1622 putaverunt

135 1649 329 1726 ,spectrum
355 1645 495 1716 esae„et
517 1627 777 1702 exclamarernnt.
821 1635 872 1702 50.
895 1632 1018 1703 Omnes
1041 1639 1124 1704 enim
1142 1636 1298 1706 ridebant

122 1773 128 1796 ι
160 1735 249 1828 euni,
275 1751 310 1808 ct
333 1739 516 1808 conturbati
537 1749 618 1805 suut.
651 1739 694 1806 Et
716 1741 818 1805 statim
841 1761 912 1805 οιιιιι
934 1743 980 1806 ci'e
1000 1739 1155 1826 loquutus
1176 1751 1237 1819 est,
1258 1761 1296 1806 au

160 1841 241 1908 dixit
263 1842 519 1924 eis,'Conlidite,
543 1865 602 1929 ego
618 1863 702 1932 nsum,
723 1862 765 1907 ne
779 1839 974 1908 terreamini.
1016 1842 1068 1907 51.
1090 1842 1132 1908 Et
1153 1843 1297 1911 ascendit

160 1944 202 2010 ad
223 1946 302 2014 illos
325 1949 361 2013 in
389 1950 508 2027 navim,
539 1955 577 2012 'et
604 1947 724 2033 quievit
750 1955 878 2034 uentus,
913 1955 945 2012 et
970 1943 1173 2015 vehementer
1196 1967 1296 2036 supra

160 2047 294 2122 modum
316 2052 399 2115 intra
420 2071 455 2116 se
477 2047 659 2137 stupebant,
683 2059 715 2115 et
736 2047 982 2116 admirabantur.
1028 2048 1080 2113 52.
1099 2049 1193 2128 Non
1208 2054 1295 2117 enim

161 2146 384 2230 intellexerant
411 2167 510 2243 super
529 2149 706 2242 *panibusz'
727 2162 797 2218 ¹eret
828 2153 911 2219 enim
945 2170 1003 2219 cor
1034 2169 1147 2218 eorum
1179 2173 1295 2222 occoe-

162 2262 278 2320 catum.
999 2279 1001 2284 ’

239 2423 402 2484 Meum.
444 2403 592 2500 Compulit
611 2421 698 2480 Iesus
717 2407 887 2498 discipulos.
917 2417 1058 2499 Compelli
1078 2417 1213 2498 oportuit,
1233 2419 1296 2502 quia

159 2518 309 2580 uunquam
322 2521 368 2560 ,eo
391 2498 492 2558 relicto
512 2497 567 2556 nisi
589 2495 670 2556 inviti
690 2495 745 2554 alio
763 2495 935 2556 transissent.
974 2497 1067 2556 Porro
1087 2495 1117 2553 in
1138 2516 1172 2556 eo
1190 2509 1296 2558 testam.

158 2583 225 2648 tur,
241 2587 389 2664 ‘quantum
412 2573 452 2632 illi
478 2573 621 2645 deferant,
649 2571 851 2652 dumlpraeter
872 2571 957 2632 animi
978 2570 1021 2632 sui
1044 2571 1211 2634 sententiam
1235 2574 1295 2638 eius

160 2649 290 2728 imperio
310 2650 415 2708 cedunt
433 2669 466 2708 ac
485 2647 690 2726 obtemperant.
713 2649 772 2708 'Et
793 2647 904 2728 quidem
922 2670 966 2710 res
985 2647 1156 2732 inspeciem
1177 2651 1307 2714 absurda¹

90 2779 91 2806 ἶ
161 2736 236 2799 erat,
258 2725 349 2805 ipsum
367 2723 398 2784 in
416 2721 481 2784 loco
500 2724 612 2784 deserto
631 2722 721 2784 solum
740 2742 866 2801 manere,
886 2747 970 2806 ᾳιιιιιιι
989 2745 1047 2800 nox
1065 2738 1219 2807 appeteret.
1247 2732 1292 2790 llo

160 2800 255 2882 igitur
273 2801 336 2881 plus
354 2799 441 2862 landis
457 2793 583 2861 meretur
602 2821 699 2860 eorum
719 2801 858 2877 docilitas,
882 2801 980 2882 quibus
995 2801 1086 2894 pluris
1106 2816 1148 2863 est
1161 2805 1292 2866 'auctori-

160 2887 204 2939 tas
218 2877 358 2940 'coclestis
378 2876 515 2960 magistri,
544 2897 625 2957 quam
649 2879 758 2958 quoda
776 2889 856 2960 parte
873 2886 1019 2939 ‘contraria
1037 2879 1183 2960 probabile
1202 2881 1293 2942 videri

90 3003 91 3018 2
161 2966 286 3032 poterat
324 2957 386 3016 Nee
405 2975 475 3014 vero
492 2955 547 3014 rite
567 2965 596 3014 et
613 2953 644 3012 iu
666 2955 787 3015 solidum
806 2957 872 3017 Deo
890 2977 1031 3036 paremus,
1054 2955 1109 3018 uisi
1129 2956 1292 3036 simpliciter

163 3033 310 3111 sequendo
331 3030 460 3112 quicquid
482 3031 575 3104 iubet,
603 3031 779 3110 qrrantuurvis
801 3042 941 3124 repugnet
963 3039 1205 3093 sensus'bostcm
1225 3033 1291 3092 Deo

163 3119 242 3172 certe
263 3108 368 3188 optima
386 3129 497 3187 semper
518 3118 629 3168 constat
648 3107 758 3167 consilii
776 3107 819 3166 sui
838 3120 918 3182 ratio,
938 3110 988 3169 sed
1006 3128 1060 3168 uos
1078 3127 1161 3186 saepe
1173 3107 1291 3167 adtem-

164 3203 214 3261 pus
233 3185 320 3259 celat,
349 3195 382 3244 ut
404 3183 539 3244 discamus
562 3183 646 3242 nobis
669 3203 729 3242 non
748 3205 859 3263 sapere,
878 3185 933 3245 sed
952 3184 1011 3253 toti
1033 3183 1158 3274 pendere
1177 3183 1212 3242 ab
1232 3183 1292 3246 eius

90 3279 91 3286 ¹
164 3271 242 3320 nutu.
267 3261 336 3322 Hoc
355 3261 442 3320 modo
462 3259 558 3340 coegit
578 3258 706 3321 Christus
724 3281 791 3319 snos
809 3259 959 3341 discipulos
977 3259 1116 3331 traicere,
1135 3269 1168 3318 ut
1187 3280 1235 3320 eos
1255 3261 1291 3322 ad

163 3333 235 3396 illam
279 3358 342 3396 iram
363 3335 419 3396 dixi
438 3335 565 3414 obsequii
588 3335 714 3417 regulam
734 3335 879 3396 formaret.
918 3338 981 3396 Neo
1003 3355 1074 3398 vero
1098 3335 1213 3396 dubitun
1238 3349 1289 3414 est,

162 3412 231 3542 puin
248 3359 309 3476 sini,
322 3413 356 3474 ad
374 3411 551 3493 miraculum,
568 3411 653 3494 'quod
675 3409 810 3504 proxime·
826 3423 974 3492 sequetur,
995 3411 1070 3472 mam
1091 3421 1218 3476 sternere
1237 3435 1290 3477 vo-

174 3502 253 3548 ueut.
473 3498 476 3504 '
913 3518 919 3529 ·

236 3569 285 3627 23.
314 3566 456 3624 Ascendit
475 3568 507 3644 tp
525 3573 650 3624 montem
669 3565 759 3624 solus.
783 3561 943 3624 Verisimile
964 3573 1007 3624 est
1024 3562 1111 3624 filium
1121 3565 1186 3642 Dei,
1205 3588 1288 3648 quern

164 3638 278 3702 minime
300 3639 404 3702 latebat
427 3643 521 3701 lutura
544 3651 709 3721 tempestas,
734 3662 849 3700 suorum
870 3640 1065 3700 salutemuon
1084 3636 1240 3725 neglesiss‘e
1257 3643 1307 3702 in'

164 3717 311 3804 precibute
326 3717 428 3778 mirum
445 3729 541 3784 tamm
561 3725 617 3790 est,
638 3739 689 3777 cur
705 3737 774 3776 non·
785 3716 880 3796 potius
900 3729 1030 3779 occurrat
1048 3717 1184 3798 periculo,
1205 3737 1287 3798 quam

165 3803 287 3855 micatus
307 3794 343 3854 sit
361 3796 395 3854 ad
415 3796 561 3854 orandum
596 3795 703 3854 Verum
722 3806 754 3853 ut
770 3791 932 3856 lllediatoris
950 3805 1048 3873 partes
1061 3791 1199 3876 impleret,
1218 3811 1287 3850 vere

165 3888 193 3927 se
212 3872 307 3932 Deum
326 3883 356 3931 et
373 3871 519 3931 bominem
539 3891 599 3932 esse
618 3869 751 3944 ostendit,
770 3890 802 3928 ac
821 3868 972 3947 utriusque
984 3882 1100 3934 naturae
1119 3873 1286 3932 documenta

165 3947 298 4077 praebuit,
306 3958 452 4026 aquatenus
471 3967 516 4008 res
526 3947 661 4006 «larebat
681 3945 779 4020 Quum
799 3944 894 4007 omnia
910 3945 1027 4006 baberet
1044 3947 1075 4006 iu
1092 3966 1144 4006 suo
1159 3940 1286 4014 arbitrio,

184 4025 305 4084 ominem
325 4045 390 4084 sese
408 4025 515 4082 orando
533 4021 668 4096 exhibuit,
687 4043 743 4082 nec
760 4021 876 4083 veroid
896 4021 955 4102 egit
973 4021 1107 4093 simulate,
1126 4019 1175 4078 sed
1193 4015 1286 4076 since*

164 4117 222 4158 rum
249 4099 370 4158 humani*
387 4117 455 4190 erga
477 4119 531 4158 uos
555 4098 657 4158 amoris
675 4097 814 4157 'affectum
837 4108 954 4158 testatus
978 4108 1030 4156 cst.
1073 4097 1109 4154 Iu
1131 4091 1182 4150 hac
1205 4101 1285 4170 parte

165 4175 367 4250 quedammodo
386 4173 602 4252 quievit·divina
617 4175 680 4236 ‘eius
698 4175 836 4248 maiestas,
854 4194 925 4251 quae
944 4179 978 4232 se
989 4169 1103 4230 tandem
1119 4167 1218 4254 ordine
1233 4189 1284 4228 sno

166 4247 290 4312 etsemit.
330 4251 480 4312 Caeterum
502 4245 669 4339 innuente
690 4249 796 4311 montis
819 4242 1228 4328 quaesitans-commoditas,
1252 4254 1284 4300 ut

165 4319 273 4390 liberius
295 4325 396 4410 procul
419 4325 507 4396 omni,
519 4321 642 4416 stde'p'itu
663 4335 768 4386 oraret.
788 4321 931 4406 ¹Scimus,
959 4333 1046 4392 quam
1064 4309 1145 4392 setlle
1159 4314 1284 4376 ‘inmunis

1264 4511 1307 4742 l
