2830 4772
180 279 183 286 .
378 232 461 311 (ue.
497 229 597 306 nm,
617 229 723 294 curso
740 230 913 312 pronoen
1053 313 1064 338 s
1144 233 1204 295 sm

59 393 253 548 dtidilesldlidd
271 381 496 543 hhliilsoedgmndhl
512 383 641 541 distillari?
657 380 842 550 dipilhinidhs
861 383 967 544 elioqm
979 483 1029 524 cro
1053 399 1209 550 {perdidi}

61 561 125 600 nou
147 538 271 598 domum
289 545 388 612 unam,
412 537 460 597 sed
482 543 577 596 totum
600 536 737 596 mundum
763 536 873 598 vivifico
896 539 996 600 mortis
1019 558 1086 598 suae
1111 539 1201 618 odorp

60 613 213 697 pertudit,
233 611 344 690 puerile
362 623 434 674 esset
450 625 583 692 repetere
601 611 678 692 quud
692 611 803 672 ratione
822 622 851 670 et
868 611 962 674 fructu
980 625 1100 676 careret.
1169 641 1172 646 ·
1191 629 1195 638 ·

145 692 196 752 13.
221 689 394 768 Ubicunque
430 691 623 768 raediectnm.
663 687 778 749 Honori
796 687 859 748 lore
877 687 932 749 hoc
952 691 1075 752 officium
1095 689 1202 752 Mariae

62 765 225 848 praedicit,
284 764 295 786 ⁹·
326 711 483 828 landehitur
502 763 648 858 Eyaugslii
667 763 804 854 doctripa.
839 763 927 854 'Unde
938 765 1116 854 colligimus,
1134 787 1201 848 pre-

62 845 141 904 tium
169 861 245 924 oper
276 863 307 903 us
328 842 431 904 nostris
450 854 535 904 statua
554 861 614 903 non
638 861 673 900 ex
697 841 844 902 hommum
866 860 1019 920 opmruue,
1049 845 1098 907 sed
1121 844 1203 922 verbi

62 919 125 981 Dei
144 910 323 1002 testimonio.
362 917 451 994 Quod
469 939 540 979 vero
557 916 588 976 in
605 927 669 977 toto
687 917 794 978 mundo
813 915 997 1007 honorificam
1015 917 1073 979 eius
1091 917 1201 981 meino-

63 993 226 1058 riamfore
243 993 332 1069 dicit,
359 994 412 1056 hac
436 993 645 1076 comparatione
668 992 783 1074 oblique
805 1014 870 1055 suos
893 991 1043 1074 discipulos
1066 997 1202 1074 perstrin-

63 1073 125 1155 git:
159 1071 229 1152 quia
259 1070 390 1164 gentium
417 1073 544 1132 omnium
573 1089 712 1130 consensu
738 1071 814 1150 apud
839 1080 952 1130 exteros
975 1080 1006 1129 et
1028 1067 1059 1128 iu
1087 1074 1206 1139 remotis

64 1148 169 1210 mundi
195 1147 287 1231 plagis
305 1147 421 1216 ‚fretum
443 1149 499 1208 hoe
522 1144 691 1219 laudabitur,
725 1145 756 1206 in
787 1145 1029 1227 quodamnando
1053 1156 1205 1226 tantopere

64 1223 182 1286 morosi
212 1224 327 1286 fuerant
356 1223 410 1306 ipsi
441 1221 597 1286 domestici.
659 1221 765 1282 Blande
797 1221 879 1283 etiarn
907 1220 1060 1306 discipulos
1089 1221 1206 1305 castigat

66 1301 222 1374 Christus,
249 1300 314 1380 quia
333 1314 432 1380 parum
450 1299 606 1360 honorilice
625 1297 775 1380 defuturo
795 1319 887 1379 regnu
906 1319 957 1361 suo
977 1297 1116 1359 sentiant:
1155 1298 1206 1360 sed
1248 1359 1253 1370 ,

64 1377 188 1440 interim
212 1379 266 1447 hac
285 1396 358 1438 uoce
381 1387 482 1436 testata
506 1375 560 1436 luit
576 1374 713 1514 pestium
737 1377 863 1450 vocatio,
896 1377 927 1436 iu
988 1396 1003 1435 a
1026 1373 1139 1436 fundate
1162 1387 1208 1438 est

65 1455 142 1516 salus
160 1465 274 1515 nostru
300 1452 451 1514 Caeterum
469 1471 574 1532 quomo
595 1451 663 1516 oin
677 1453 867 1516 commendo
887 1470 938 1534 pra
968 1451 1213 1530 fraudandus„

66 1530 181 1617 gelium
201 1527 302 1620 iuuerit,
321 1527 440 1590 diximus
459 1549 519 1610 cap.
539 1531 586 1592 24.
634 1559 636 1563 ·

152 1772 271 1861 2095.)
295 1772 484 1848 :Mutum
511 1773 629 1842 XXVI.
650 1755 725 1842 *ll
756 1773 858 1846 Tunc,
879 1772 959 1844 abiit
979 1796 1063 1842 unus
1084 1797 1103 1844 e
1126 1774 1220 1844 dunv

70 1879 196 1959 decim,
219 1879 276 1964 qui
298 1877 471 1968 dicebatur,
484 1878 579 1947 ludas
607 1879 789 1958 iscariotes,
815 1877 857 1944 ad
878 1881 1037 1968 principes
1059 1879 1212 1950 sacerdon

69 1993 151 2050 tum.
199 1981 253 2048 15.
285 1983 329 2048 Et
350 1985 394 2048 aii
420 1967 497 2061 illis,
530 1981 725 2069 quidvullis
747 1981 941 2058 inibidem,
974 1993 1006 2048 et
1032 2006 1092 2070 ego
1113 1982 1211 2052 vohis

70 2087 202 2154 tradam
225 2073 335 2151 illumi
361 2087 404 2182 At
424 2085 480 2155 illi
490 2081 728 2154 'constituerunt
749 2087 780 2150 ei
800 2086 927 2171 triginta
949 2097 1125 2173 argenteos.
1157 2087 1210 2155 lu.
1294 2131 1297 2141 ·

72 2192 120 2260 Et
141 2212 181 2268 ex
205 2209 247 2256 eo
268 2197 414 2276 tempore
440 2177 614 2276 quaerebat
640 2183 930 2280 opportunitutcinQ
955 2199 992 2257 ut
1012 2209 1084 2254 cum
1106 2188 1214 2256 trade-

73 2303 136 2360 ret.
181 2277 438 2360 17.‹Ceeterum
463 2290 568 2378 primo
597 2289 649 2358 die
676 2293 872 2376 Azyurorum
893 2303 1097 2358 accesserunt
1116 2291 1214 2359 disci·

74 2395 152 2485 puli
174 2393 222 2460 ad
240 2395 362 2481 lesum,
378 2391 531 2471 ⁴dicentes
558 2395 601 2474 ei,
634 2391 701 2458 Uhi
723 2394 772 2456 uis
794 2414 942 2480 paremus
969 2392 1095 2460 tihi'ad
1115 2393 1215 2463 edens

76 2498 159 2566 dum
188 2491 329 2562 Pascha?
372 2495 423 2560 16.
450 2484 568 2561 At'ille
596 2493 688 2572 dixit,
712 2496 759 2560 lte
785 2496 819 2566 iu
846 2495 959 2566 urbem
979 2495 1022 2564 ad
1044 2498 1216 2586 quendem,

79 2610 114 2666 et
136 2598 236 2664 dicite
258 2598 300 2674 ei,
328 2595 482 2682 Magister
504 2597 596 2672 dicit,
617 2597 759 2686 Tempus
781 2618 885 2664 meum
907 2621 1010 2688 prope
1032 2612 1085 2668 est·
1125 2601 1214 2690 apud

78 2713 113 2770 te
134 2701 223 2767 facio
243 2697 366 2764 Pascha
387 2721 459 2765 cum
474 2698 645 2788 ‘discipulis
672 2703 762 2767 meis.
807 2701 858 2768 19.
885 2702 928 2768 Et
954 2703 1098 2770 iecenmt
1119 2703 1214 2772 disci-

78 2802 168 2892 puli,
196 2803 463 2869 steuceonnituit
491 2803 556 2883 illis
582 2803 693 2882 lesus,
722 2813 754 2870 et
774 2813 971 2893 paraverunt
988 2806 1133 2874 Pascha·
1157 2808 1212 2874 2⁰.

79 2908 232 2996 Vespere
253 2913 357 2972 nutem
378 2906 464 2973 lacto
486 2904 650 2974 discubuit
671 2926 744 2972 cum
766 2905 965 2974 duodecim*
1243 2915 1244 2920 ’

168 3075 313 3146 Mane,
333 3079 421 3144 XIV.
464 3079 516 3144 10.
551 3077 593 3146 Et
619 3073 717 3151 ludas
744 3079 910 3144 lecariotes
933 3101 1017 3147 uuus
1045 3102 1063 3146 e
1090 3077 1215 3151 duode-
1270 3163 1273 3171 ἱ

15 3207 17 3234 ι
84 3185 147 3258 eim
168 3182 249 3250 ahiit
269 3181 311 3250 ed
332 3203 474 3248 summos
496 3179 693 3259 sacerdotes,
719 3192 758 3250 ut
783 3182 934 3269 proderet
957 3183 1123 3254 cumillis.
1163 3188 1216 3258 11.

85 3284 166 3370 Quo
189 3285 300 3352 nudito
320 3285 368 3351 illi
390 3285 599 3372 gannirent,
634 3293 664 3350 et
685 3283 821 3370 polliciti
842 3295 917 3352 suut
938 3288 968 3352 ei
990 3290 1157 3376 pecuniam
1179 3311 1233 3358 se¹
1262 3291 1265 3306 ’

85 3383 236 3452 daturos:
261 3397 302 3454 ‘et
323 3385 518 3476 quaerebat,
549 3385 716 3478 quomodo
748 3397 929 3476 opportune
955 3387 1045 3462 illum
1065 3391 1214 3462 traderet.
1302 3475 1305 3480 ¹

88 3489 142 3552 12.
163 3487 337 3576 deprimo
360 3491 415 3558 die
434 3494 644 3577 Anymorum,
666 3490 908 3578 quum-Pascha
928 3493 1145 3574 immolarent,
1167 3497 1218 3566 di-

88 3597 167 3652 cunt
187 3589 236 3654 illi
258 3591 405 3682 discipuli
426 3595 492 3672 sui,
525 3591 689 3680 Quouis,
719 3603 755 3660 ut
776 3615 898 3674 esurus,
932 3606 964 3662 et
990 3619 1152 3688 paremus,
1181 3609 1217 3666 ut

19 3747 25 3780 ‚
89 3689 169 3759 edas
190 3688 331 3760 Pascha?
375 3695 723 3764 sentententiam
746 3719 764 3762 e
786 3695 1059 3786 discipulissuis,
1091 3713 1122 3768 et
1142 3699 1220 3768 dicit

19 3785 20 3788 '
89 3793 170 3882 illis,
191 3795 239 3860 Ite
259 3797 295 3860 in
315 3793 442 3875 urhem,
464 3807 496 3862 et
517 3809 662 3867 omurrct
681 3797 777 3865 vohis
801 3800 899 3866 homo
920 3801 1069 3888 hydriam
1090 3803 1219 3870 sectilem

91 3917 196 3983 aquae
217 3896 342 3986 plenam
363 3895 533 3965 heiulanse·
551 3903 722 3988 sequimini
744 3888 846 3968 illurn.¹
887 3905 939 3968 14.
960 3907 1004 3970 Et
1024 3925 1219 3994 quocunque
1338 3929 1346 3954 1

91 4001 256 4088 ingressus
277 3999 386 4079 fuerit,
411 3999 508 4068 dicite
528 4003 759 4090 patrifamilias,
786 3999 939 4093 Magister
961 4005 1051 4086 dicit,
1081 4005 1149 4072 Uhi
1170 4018 1220 4076 est

93 4101 320 4196 diversorium,
342 4101 399 4169 uhi
421 4103 542 4168 Pascha
564 4123 637 4169 cum
659 4105 828 4192 discipulis
851 4111 931 4176 uncis
950 4107 1062 4172 edam?
1104 4109 1156 4177 15.
1177 4111 1221 4178 Re

94 4202 150 4270 ille
170 4205 265 4272 vohis
295 4205 444 4284 ostendet
468 4205 640 4273 triclinium
667 4229 817 4296 maguum
843 4219 989 4298 stratuum
1023 4209 1089 4275 illie
1111 4219 1220 4300 parate

96 4307 199 4378 nohis.
243 4309 295 4381 lo.
317 4312 361 4378 Et
381 4311 525 4406 exierunt
546 4307 695 4399 discipuli
717 4301 862 4392 eiusce
876 4322 1033 4378 venerunt
1053 4315 1088 4380 iu
1110 4319 1222 4386 civitas
