2796 4774
198 185 258 250 tw
336 181 447 246 SECT.
471 181 536 242 XX.
574 189 700 242 mersor
723 195 942 244 nesunnscrro
959 197 999 244 ss
1020 195 1177 246 escensio.

201 335 341 400 extollunt
362 333 463 396 divinis
485 331 635 408 encomiis,
662 331 706 393 ris
729 329 852 396 decimor
876 333 1125 418 qunquegratiam
1142 339 1238 399 monte
1256 337 1302 398 eim

200 413 284 476 nobis
304 412 410 479 allatam
430 410 543 492 rogitat.
1143 460 1145 470 .

209 541 213 552 .
276 491 323 554 27.
342 491 382 548 Et
397 488 526 548 'exorsus
541 507 562 549 α
580 485 668 548 Mose.
706 481 802 546 Donet
818 483 864 546 bic
882 484 975 558 locus,
994 489 1134 566 quoinodo
1153 509 1209 566 per.
1222 488 1303 549 Eran-

199 565 306 644 getium
330 563 457 624 Christos
477 561 561 652 nobis
585 561 730 652 patefiat,··
741 583 847 642 nempe
870 562 936 622 dum
955 563 1033 646 Lege
1056 576 1087 625 et
1109 567 1165 626 Pro
1188 565 1257 626 betis
1277 565 1304 624 il-
1357 579 1358 640 g

201 645 331 704 lustratur
349 639 408 704 dus
425 639 533 712 notitia.
572 639 665 700 hemo
685 659 761 698 enim
779 658 899 728 unquam
917 639 1005 720 magis
1024 587 1186 702 dexter-rel
1200 642 1303 714 monens
1357 649 1358 720 l

200 714 345 798 Evangelii
364 715 468 780 doctor
493 715 548 776 luit
571 735 652 795 quarn
671 711 810 777 Dominus
828 735 899 793 ipse,
928 735 1013 794 quem
1034 713 1161 778 videmus
1184 739 1220 778 ex
1237 719 1304 798 Lege
1357 721 1358 788 i

201 805 231 854 et
249 791 397 872 Prophetis
416 790 537 852 mertuari
560 789 702 856 doetrinae
724 809 790 850 suae
813 789 1014 870 probah‘onenr.
1058 794 1095 854 Si
1113 794 1173 872 quis
1192 793 1304 873 excipiat,
1357 839 1358 850 ,

200 866 399 930 arudimentis
417 865 503 928 luisse
519 887 662 939 exorsum,
693 877 725 926 ut
742 863 874 945 paulatim
891 865 1026 957 discipuli,
1055 869 1203 948 Prophetis
1224 871 1304 930 valere

199 945 288 1019 iussis,
306 944 342 1006 ad
360 943 517 1025 perlectum
536 941 717 1024 Evangelium
737 941 895 1016 sanorem,
914 941 996 1004 secde
1012 943 1150 1004 refellitur
1166 945 1220 1006 boc
1236 967 1304 1006 com·

200 1033 339 1084 mentuma
356 1020 422 1101 quia
442 1031 538 1100 postea
557 1019 679 1092 decor,
696 1017 1008 1098 omnihustpsscctiss
1045 1033 1116 1080 ctam
1136 1021 1217 1082 fuisse
1233 1043 1304 1081 men-

200 1109 275 1172 tem,
302 1119 362 1158 non
381 1108 413 1161 ut
435 1095 690 1186 saperentabspue
710 1095 795 1175 Legis
811 1093 950 1170 subsidio,
976 1119 989 1155 s
1036 1109 1081 1156 ·ut
1099 1097 1249 1187 Scripturas
1265 1097 1304 1156 io-

89 1195 93 1223 ¹
199 1174 367 1257 telligereot.
407 1171 506 1248 Quare
529 1183 559 1230 ut
580 1170 663 1232 nobes
685 1170 773 1232 hodic
796 1169 923 1232 Christus
942 1191 997 1264 per
1015 1172 1192 1254 Evangehum
1202 1183 1304 1262 pateat,
1357 1169 1358 1188 ¹

199 1253 303 1312 Mosen
323 1261 352 1310 et
369 1249 525 1329 Prophetas
543 1259 673 1326 tanquam
692 1246 918 1308 anteambulones
941 1270 971 1308 ιιι
993 1249 1114 1310 medium
1133 1251 1239 1330 prodre
1255 1269 1303 1307 ne—

201 1345 280 1388 cesse
303 1337 352 1387 est.
397 1325 485 1400 Quod
507 1323 572 1386 ideo
596 1323 731 1388 monendi
754 1333 820 1386 sunt
842 1322 975 1397 lectores,
1011 1346 1047 1384 ne
1070 1325 1194 1386 fanaticis
1217 1345 1301 1384 amem
1357 1365 1358 1372 ι

169 1467 179 1477 ,
200 1401 364 1484 praebeant,
404 1400 432 1462 ui
450 1403 557 1482 Legem
576 1410 604 1460 et
622 1399 777 1480 Prophetas
802 1399 1001 1479 supprimendo
1026 1401 1207 1484 Evangeh'um
1228 1401 1303 1480 impie

199 1478 336 1539 mutilant.
375 1423 464 1552 (luasi
482 1498 552 1538 vero
573 1475 672 1536 inutile
695 1495 755 1536 esse
772 1475 846 1538 'velit
867 1477 958 1551 Deus,
984 1475 1112 1556 quicquid
1136 1499 1252 1558 unquam
1273 1478 1303 1535 dc

199 1553 274 1619 Filio
293 1575 344 1616 suo
363 1565 479 1626 testatus
497 1563 547 1614 est.
587 1551 655 1628 Qno
675 1563 769 1612 autem
787 1552 873 1612 modo
894 1553 930 1612 ad
953 1553 1092 1614 Christum
1115 1556 1231 1634 aptanda
1246 1553 1303 1625 sint,

199 1652 270 1710 quae
292 1629 394 1712 passim
413 1630 546 1712 in.,lege
570 1640 598 1692 et
616 1627 763 1720 Prophetis
788 1626 824 1688 de
836 1627 908 1708 'ipso
926 1628 1069 1710 leguntur,
1094 1652 1152 1690 non
1174 1643 1216 1691 est
1233 1650 1303 1710 prae·

198 1708 283 1767 seratis
303 1706 395 1786 operis
415 1705 559 1786 explicare.
596 1707 725 1766 Breviter
744 1717 843 1766 tenere
863 1704 993 1779 sufficiat,
1021 1712 1081 1766 no'n
1100 1707 1204 1768 frustra
1216 1703 1303 1768 vorari

199 1782 344 1844 Christum
362 1783 447 1842 linem
465 1782 559 1862 Legis.
582 1781 669 1839 =Nam
692 1787 732 1840 ut'
746 1781 866 1841 obscure
889 1791 918 1841 et
939 1781 1041 1862 procul
1062 1803 1123 1842 eum
1148 1785 1243 1842 Moses
1259 1781 1303 1841 ed-

191 1858 311 1918 ombret
332 1858 432 1946 magis,
447 1877 529 1934 quarn
552 1854 697 1930 exprimat,
717 1855 919 1936 ,hocquidem
941 1869 1016 1917 extra
1038 1859 1247 1918 conburersiatn
1271 1856 1303 1914 li·
1357 1919 1358 1932 ,

197 1943 276 2010 quet,
299 1931 353 1990 nisi
375 1953 406 1992 sn
428 1949 534 2013 genere
553 1929 683 1991 Abrabae
707 1933 828 1992 emineat
846 1954 932 1994 unum
952 1944 1047 2014 caput,
1073 1935 1119 1994 sub
1138 1953 1192 2014 qun
1211 1951 1303 2024 popu·

196 2007 238 2068 lus
259 2007 288 2068 in
308 2029 342 2068 co
377 2023 417 2072 us·
434 2027 520 2068 unum
545 2006 694 2082 coalescat,
722 2009 880 2088 dissipatum
905 2009 940 2070 iri
963 2011 1119 2088 quodcum
1136 2020 1234 2070 sancus
1253 2012 1302 2069 Pa-

195 2083 287 2164 tribus
305 2083 336 2144 lo
423 2084 531 2174 pepigit
549 2086 627 2144 Deus
647 2094 675 2146 et
700 2083 811 2148 irritum
837 2085 928 2148 lore..
948 2085 1059 2146 Deinde
1077 2109 1159 2167 quum
1179 2085 1302 2146 taberna·
1349 2083 1358 2140 Τ

196 2162 291 2224 culum
310 2173 338 2223 ot
354 2179 530 2222 ceremonias
546 2160 660 2222 formari
681 2161 761 2222 Deus
779 2149 939 2237 inmeritad
959 2161 1079 2223 coeleste
1098 2163 1247 2243 exemplar,
1264 2182 1303 2220 sc·
1357 2169 1358 2174 ’

196 2237 305 2319 quitur,
327 2239 458 2299 sacrificia
476 2249 505 2300 et
523 2258 622 2300 omnes
640 2236 737 2318 templi
754 2237 840 2310 ritus,
867 2238 920 2298 nisi
938 2237 1047 2312 aliunde
1064 2245 1110 2298 sua
1130 2239 1182 2298 illis
1203 2247 1302 2299 constet
1357 2261 1358 2284 ι

196 2316 311 2390 veritas,
330 2315 490 2378 inanemet
508 2313 799 2377 inlructuoaum.lore
814 2311 918 2374 ludum.
959 2315 993 2374 At
1031 2315 1117 2376 eboc
1155 2315 1243 2376 uidem
1259 2333 1301 2372 ar-

195 2404 362 2530 gumentum
386 2389 511 2472 pluribus
534 2388 652 2470 explieat
674 2388 827 2469 Apostolus
852 2389 890 2448 in'
906 2389 1029 2470 Epistoa
1051 2392 1085 2450 ad
1104 2392 1150 2450 He
1170 2412 1247 2452 raros
1264 2390 1302 2464 (l),

216 2469 253 2540 .):
275 2478 386 2548 sumpto
411 2467 487 2528 enim
510 2465 557 2527 illo
577 2465 733 2555 principio,
755 2465 934 2528 visibilesLe
956 2466 977 2526 is
995 2467 1166 2528 ceremonias
1185 2466 1299 2554 spiritua·

195 2539 263 2602 lium
282 2544 506 2620 rerum,umbras
526 2563 599 2617 esse,
622 2561 652 2602 sn
672 2553 736 2603 toto
756 2541 837 2622 legali
859 2563 922 2604 soce
977 2545 1031 2619 tio,
1054 2543 1083 2602 in
1105 2544 1255 2616 sacrificiis,
1277 2560 1301 2598 m

194 2617 286 2678 sorma
305 2619 454 2683 sanctuarii
474 2618 617 2684 Christum
635 2617 824 2698 quaerendum
843 2638 902 2682 esse
920 2621 1015 2681 docet
1053 2620 1210 2680 Prudenter
1227 2618 1300 2678 etiam

194 2690 294 2752 alicubi
312 2693 418 2754 divinat
437 2698 576 2769 Rutenos,
598 2695 636 2754 'in
656 2693 700 2754 illa
721 2693 894 2756 obscuritate
917 2708 1021 2756 certam
1048 2696 1208 2757 methodum
1230 2694 1301 2756 Scri-
1357 2731 1358 2740 ι

148 2821 150 2826 .
193 2779 291 2848 ptorac
309 2769 478 2833 enarrandae
501 2773 576 2850 apud
594 2770 712 2832 Iudaeos
731 2769 813 2832 luisse
831 2771 862 2830 in
885 2793 1057 2853 unm-:quam
1076 2775 1171 2834 Patres
1188 2771 1238 2832 illis
1255 2789 1301 2848 per

107 2911 110 2918 ,
192 2865 291 2907 manus
309 2846 489 2910 tradiderant
528 2848 584 2908 Sed
604 2861 676 2928 ego,
692 2867 729 2906 ne
744 2847 852 2910 incerta
869 2869 977 2928 sequar,
995 2850 1114 2932 genuina
1132 2847 1177 2908 illa
1195 2859 1221 2907 et
1239 2849 1301 2907 sim·

192 2921 260 3003 plici
279 2923 388 2984 ratione
409 2935 559 2985 contentus
578 2946 654 3014 sum,
673 2941 743 3015 quae
762 2924 862 3014 passim
882 2921 952 3004 apud
972 2946 1069 2986 omnes
1085 2925 1236 3006 Prophetas
1254 2943 1300 2984 oc·
1357 2995 1358 2998 Ἴ

88 3037 90 3044 ·
192 3001 295 3075 currit,
325 3000 372 3094 spui
396 3001 511 3068 ineram
533 3020 669 3080 apprime,
682 2999 895 3082 rdonerhegis.
910 3001 1087 3082 interpretes.
1123 3003 1211 3062 Recte
1235 3016 1299 3080 ergo

183 3075 302 3140 elicitur
321 3077 448 3139 bhristus
469 3099 502 3136 ex
521 3077 613 3158 Lege,
631 3077 658 3136 si
676 3088 850 3156 reputemus,
869 3075 967 3140 foedus
986 3078 1061 3158 quod
1080 3077 1156 3140 Deus
1174 3098 1232 3138 cum
1250 3077 1297 3136 Ps-

190 3151 281 3212 tribus
298 3153 435 3234 percussit
458 3153 614 3220 Mediatore
637 3151 723 3215 fuisse
740 3153 900 3234 subninamr
923 3155 1131 3230 Sanctuarium,
1154 3173 1204 3234 quo
1221 3151 1298 3210 Deus

189 3227 297 3360 gratiae
320 3250 387 3290 snae
408 3229 599 3310 praesentiam
614 3239 728 3290 testatus
748 3241 817 3302 est,
831 3230 979 3310 sanguine
991 3229 1076 3292 fuisse
1104 3237 1298 3300 consecratum:

216 3323 298 3392 egem
323 3305 410 3386 ipsam
436 3327 501 3382 curn
528 3305 583 3372 suis
610 3304 842 3386 promissionibus
871 3305 1012 3390 sanguinis
1039 3308 1194 3388 aspersione
1218 3301 1299 3362 lesisse

188 3391 337 3444 taocrtam:
356 3403 452 3444 unum
475 3381 648 3446 sacerdotem
671 3381 754 3442 luisse
777 3401 810 3442 ex
832 3389 897 3442 toto
916 3381 1022 3462 populo
1039 3383 1177 3458 electum,
1208 3377 1299 3460 quise

189 3453 317 3518 omnium
342 3457 459 3522 nomine
481 3457 512 3536 in
530 3457 587 3518 Dei
610 3467 793 3536 conspectum
811 3457 935 3531 sisteret,
958 3471 1069 3519 noant
1087 3481 1157 3520 unus
1175 3454 1300 3538 quispiam

134 3582 137 3593 «
187 3530 362 3605 mortalium,
386 3532 434 3593 sed
456 3534 508 3601 sub
531 3553 612 3598 sacro
637 3532 743 3592 habitu:
764 3531 868 3594 nullam
885 3555 964 3616 spem
982 3535 1141 3596 hominibus
1159 3553 1222 3594 suae
1239 3550 1299 3590 cunr

187 3611 253 3674 Deo
273 3607 511 3674 reconciliationis
532 3608 587 3669 illic
608 3607 691 3670 fuisse
709 3609 817 3684 datam,
835 3608 890 3673 nisi
907 3609 1000 3672 oblata
1016 3611 1136 3674 nnuma.
1155 3609 1218 3670 ΙΑά
1235 3605 1299 3668 haer

171 3681 202 3744 ¹a
223 3681 311 3768 prime
332 3683 442 3767 insigne
464 3697 505 3746 est
529 3683 697 3746 vaticinium.
715 3685 751 3750 de
769 3685 850 3768 regni
869 3687 1057 3767 perpetuitate
1078 3688 1116 3748 in‘
1129 3685 1205 3748 tribu
1225 3683 1297 3742 Iuda.

186 3707 347 3840 lhopheme
365 3783 434 3824 vero
452 3760 506 3842 ipsi
529 3761 575 3836 (nt
593 3761 749 3844 attigimus)
772 3761 859 3854 longe
877 3762 1011 3826 illustrius
1036 3763 1223 3838 Mediatorem
1240 3759 1299 3841 pin

62 3855 65 3864 ·
186 3849 300 3912 xerunt,
339 3837 372 3898 ui.
386 3849 482 3900 tamen
498 3835 549 3916 ipsi
567 3835 685 3915 primam
705 3838 763 3900 eius
781 3839 909 3901 notitiam
926 3837 1076 3902 hausenmt
1093 3859 1110 3898 a
1127 3839 1223 3898 Mose:
1241 3833 1298 3916 quit
1357 3859 1358 3872 ¹

186 3933 246 3972 non
259 3860 338 3974 'aliod
355 3915 512 3976 iniunctum
530 3911 583 3982 illis
602 3926 663 3975 erat
678 3935 797 3988 munus,
819 3915 870 3978 uisi
889 3925 921 3976 ut
939 3915 1059 3978 foederis
1072 3913 1241 3976 memoriam
1256 3931 1297 3970 re·

185 3999 336 4063 novarent,
356 3990 453 4056 clarius
473 3991 656 4050 ostenderent
674 3989 842 4070 spiritualem
865 3988 921 4052 Dei
946 3992 1065 4068 cultum,
1082 3991 1214 4052 'fiduciam
1230 3987 1296 4049 salu-
1357 4005 1358 4042 l

103 4081 108 4100 ⁵
185 4061 221 4119 tis
240 4063 269 4121 in
288 4063 445 4125 Mediatore
464 4063 626 4136 fundarent,
652 4064 749 4126 clarius
767 4065 850 4126 etiam
869 4067 1051 4130 ostenderent
1068 4061 1295 4129 reconciliationis
1357 4073 1358 4080 ’

184 4135 308 4220 modum.
348 4135 498 4204 Caeterum
517 4139 581 4217 qnia
598 4139 663 4208 Deo
682 4139 834 4220 placuerat,
862 4141 972 4222 plenam
984 4141 1188 4205 revelationem
1205 4141 1234 4202 in
1250 4137 1295 4197 ri-

150 4249 154 4276 t
184 4205 213 4262 ¹¹¹
230 4209 273 4276 sui
291 4211 442 4275 adventum
459 4213 588 4289 differre,
612 4235 672 4273 non
690 4233 859 4296 supervacua
875 4217 1149 4298 tuitintcrpretatio.
1215 4243 1217 4251 ’

196 4333 199 4338 .
252 4287 306 4351 28.
334 4289 377 4364 Et
394 4293 701 4366 appropinquaverunt
719 4294 850 4365 sodalis.
890 4293 950 4356 Cur
966 4295 1049 4364 alium
1064 4294 1160 4356 locum
1176 4288 1296 4354 divinent
