2790 4764
182 239 239 302 lit
458 235 568 302 SECT.
589 237 655 300 Xv.
698 251 787 302 ursus
807 253 849 304 ετ
869 255 1037 304 nrscmmr

1221 345 1231 374 ,h

182 388 313 452 malitiam
330 388 462 474 indiguos
482 409 543 452 esse
562 387 709 466 exclamat,
728 391 777 472 qui
795 390 898 454 diutius
917 393 1051 458 serantur.
1090 395 1213 472 Scimus,
1231 415 1311 478 quam

182 465 301 528 comiter
319 466 388 526 alios
407 465 536 548 excipere
556 465 656 527 solitus
674 467 724 541 sit,
750 469 857 528 etiamsi
877 470 944 550 quid
967 471 1154 553 importunius
1173 485 1310 553 peterent.

180 545 268 604 Pater
285 541 332 603 hic
350 554 433 624 rogat
450 563 503 622 pro
523 543 609 602 unico
627 543 698 618 filio,
717 543 838 604 maxima
854 557 939 627 urget
957 546 1120 624 necessitas,
1139 551 1265 611 modeste
1284 561 1312 611 et

180 615 346 700 suppliciter
362 616 495 698 implorat
514 617 620 680 Christi
638 619 869 681 misericordiam:
900 643 952 682 cur
976 645 1046 708 ergo
1069 638 1182 706 praeter
1204 647 1314 687 morem

180 707 302 778 repente
319 693 508 771 excandescit,
530 705 564 754 ut
585 694 761 756 tolerabilem
783 718 846 758 non
869 718 930 758 esse
948 698 1138 780 lpronuntiet?
1177 703 1253 778 Quia
1280 725 1314 766 ex

181 769 326 834 Matthaeo
345 780 375 830 et
387 769 464 831 Luca
483 792 545 832 non
564 772 733 854 perspicitur
751 773 823 834 ratio
841 785 937 834 tantae
955 777 1120 852 celeritatis,
1140 775 1251 860 quidam
1270 779 1316 838 in-

180 858 319 928 terpretes
341 845 453 926 decepti
476 847 605 922 facerunt,
631 847 733 933 quihus
755 847 824 912 haec
849 849 1010 932 obiurgatio
1032 851 1078 914 vel
1100 855 1131 914 in
1155 855 1317 936 discipulos,

180 923 225 987 vel
244 923 274 983 in
293 934 403 1004 patrem
421 921 521 986 afflicti
538 924 619 1006 pueri
638 945 703 986 com
725 936 803 988 etere
821 927 879 988 risa
898 938 949 987 est.
991 929 1030 988 At
1051 928 1079 988 ui
1102 930 1125 990 si
1148 932 1222 1012 prob
1266 953 1318 993 ex-

179 999 327 1092 pendimus
349 1010 443 1062 totom
466 999 599 1061 historiae
616 946 807 1083 complicum,
831 1000 917 1084 qualis
941 1004 1014 1084 apud
1067 1027 1162 1066 arcum
1242 1020 1317 1084 etur,

179 1075 314 1138 ru'dicium
332 1076 426 1138 facere
443 1088 606 1160 promptum
626 1079 694 1152 erit,
720 1079 867 1140 Ghn'stum
888 1079 982 1162 potius
1005 1081 1036 1140 in
1058 1081 1214 1146 scribarum
1233 1083 1318 1144 mali-

179 1153 248 1214 tiam
267 1152 444 1229 stomacharI,
463 1175 545 1233 quam
563 1154 634 1216 adeo
652 1155 880 1218 duritmvexare
898 1157 981 1216 rudes
1001 1169 1030 1218 et
1046 1157 1193 1218 infirmos(
1213 1160 1317 1236 Quum

179 1231 212 1292 in
230 1231 352 1292 medium
371 1230 487 1292 absente
506 1229 622 1292 Christo
640 1233 793 1313 productus
814 1244 889 1294 esset
907 1253 979 1323 puer
997 1231 1142 1311 lunaticus,
1161 1233 1316 1316 plausibilis

179 1306 373 1369 insectationis
392 1306 503 1368 occasio
522 1306 625 1370 scribis
639 1307 698 1369 risa
717 1321 774 1382 est,
799 1329 832 1368 ac
856 1309 955 1390 cupide
978 1310 1013 1370 ab
1037 1310 1090 1372 illis
1113 1323 1237 1394 arrepta:
1266 1313 1342 1372 in-x

128 1403 132 1414 ⁴
180 1395 255 1445 stant
279 1403 348 1466 ergo
368 1383 441 1466 apud
459 1381 623 1461 discipulos,
647 1395 679 1444 ut
700 1385 725 1447 si
749 1379 814 1464 qnid
838 1385 944 1446 hahent
964 1387 1112 1468 potestatis
1134 1387 1165 1447 in
1188 1391 1315 1449 sanando

178 1481 270 1540 puero
284 1452 488 1519 demdnstrent.
519 1459 677 1522 Verisimile
697 1471 740 1522 est
757 1459 907 1541 discipulos
923 1473 1057 1539 tentasse,
1078 1475 1107 1524 et
1119 1464 1213 1526 irritos
1227 1464 1317 1526 inisse

180 1548 310 1598 conatus:
343 1533 381 1603 ita
403 1534 511 1596 scribae
535 1535 613 1614 quasi
631 1537 754 1598 victores
777 1537 924 1612 insultant,
951 1559 1006 1602 nec
1029 1540 1116 1603 modo
1141 1541 1318 1602 subsannant

179 1609 343 1693 discipulos,
368 1611 417 1670 scd
434 1611 616 1691 proterviunt
634 1613 765 1674 adversus
786 1611 945 1689 Christum,
968 1619 1047 1696 quasi
1069 1617 1100 1676 in
1118 1617 1230 1678 illorum
1247 1639 1316 1698 per-

178 1709 248 1748 sona
271 1686 409 1747 exinanita
429 1697 502 1746 esset
522 1687 581 1768 eius
600 1689 698 1757 virtus.
745 1691 826 1750 Haec
845 1710 915 1750 vero
934 1689 997 1770 plus
1016 1714 1099 1772 quam
1119 1695 1234 1755 scelesta
1254 1705 1316 1754 erat

178 1765 216 1824 im
237 1764 305 1825 ictas
329 1785 394 1824 cum
417 1763 700 1846 pari²ingratitudine
724 1765 889 1840 coniuncta,
915 1771 960 1826 tot
982 1767 1127 1842 miracula,
1155 1791 1189 1830 ex
1213 1770 1315 1852 quibus

178 1785 334 1907 didcerant
351 1854 455 1919 quanta
467 1837 571 1900 virtute
584 1839 704 1922 polleret
719 1841 857 1918 Christus,
876 1841 1013 1903 malitiose
1027 1847 1210 1936 supprimere.
1240 1849 1316 1907 Nam

178 1938 213 1976 er
232 1916 361 1996 professo
381 1915 531 1976 studebant
548 1915 640 1978 lucem
659 1929 726 1978 ante
745 1916 843 1978 ocudos
862 1917 983 1998 positam
1003 1933 1194 2003 exstinguere:
1227 1944 1315 2002 quare

176 2013 238 2053 non
256 1991 304 2054 abs
322 2013 355 2052 re
374 1991 508 2052 exclamat
530 1989 673 2067 Christus,
696 1993 750 2054 sibi
773 2013 834 2053 non
859 2015 919 2054 esse
938 1995 1043 2055 diutius
1067 1995 1215 2073 ferendos,
1260 2021 1313 2058 en-

176 2081 292 2150 temque
310 2067 481 2129 incredulam
500 2089 660 2148 perversam
678 2067 814 2150 appellat:
835 2068 993 2132 debuerant
1012 2071 1089 2132 enim
1106 2084 1152 2134 tot
1169 2075 1314 2154 prioribus

177 2145 355 2206 documentis
381 2145 479 2208 saltem
510 2145 653 2226 hucusque
680 2145 833 2226 proficere,
867 2167 905 2208 ue
935 2146 1113 2226 obtrectandi
1139 2170 1234 2212 ansam
1264 2173 1313 2213 ca-

200 2233 300 2283 tareut.
344 2263 352 2284 0
1278 2251 1279 2254 ¹
1382 2247 1383 2250 ’

177 2245 197 2304 P
253 2301 341 2360 Marc.
354 2298 398 2376 Id.
428 2299 518 2360 Vidit
538 2303 658 2358 turbam
675 2302 810 2362 maltam.
837 2301 905 2360 Non
924 2299 1038 2370 dubium
1059 2312 1110 2376 est,
1128 2301 1195 2382 quin
1212 2311 1312 2362 osten-

177 2375 221 2438 tui
239 2375 326 2438 habiti
343 2375 452 2438 iuerInt
470 2376 608 2459 discipuli,
629 2377 747 2458 qualiter
765 2375 857 2438 solent
874 2377 997 2442 veritatis
1016 2376 1112 2455 hostes
1130 2378 1186 2438 suis
1205 2377 1313 2438 iactan-
1382 2429 1383 2434 ,

177 2451 225 2513 tiis
246 2454 329 2514 etiam
348 2453 384 2514 de
402 2450 490 2512 nihilo
513 2452 652 2514 theatrum
671 2474 815 2534 quaerere.
859 2454 918 2515 Suo
937 2454 1024 2547 igitur
1043 2453 1166 2534 strepitu
1184 2453 1313 2515 fecerant

114 2567 123 2592 ι
177 2529 299 2604 scribae,
325 2542 356 2589 ut
377 2529 530 2590 multorum
548 2529 669 2590 ludibrio
709 2541 819 2591 aterent
836 2529 969 2612 discipuli.
1016 2531 1054 2590 Et
1071 2540 1166 2590 tamen
1185 2543 1312 2612 apparet,

176 2623 238 2663 non
261 2604 333 2664 male
353 2605 473 2666 affectos
498 2607 588 2688 inisse·
602 2629 672 2686 quos
742 2650 751 2682 ,
775 2607 852 2686 quia,
877 2604 990 2667 simulac
1009 2605 1105 2668 Iesum
1124 2607 1311 2687 conspiciunt,

179 2699 244 2746 eum
262 2680 394 2739 salutant:
422 2681 481 2740 imo
505 2682 564 2743 eius
587 2683 750 2762 praesentia
766 2683 922 2742 scribarum
944 2682 1125 2744 insolentiam
1148 2681 1310 2766 compescit,

177 2753 241 2834 quia
259 2754 361 2836 rogati,
379 2775 434 2833 qua
453 2758 489 2818 de
506 2779 540 2818 re
559 2757 936 2836 disputant,*ohmutescunt.
1095 2759 1100 2772 ’

254 2833 300 2892 17.
337 2830 528 2908 Praeceptor,
556 2835 672 2894 adduxi
683 2835 787 2912 fllium
806 2853 909 2902 meum.
946 2834 1106 2904 Matthaeus
1126 2833 1199 2896 allud
1217 2833 1310 2904 morbi

177 2926 269 2987 genus
288 2906 415 2988 designat
438 2928 522 2986 quara
541 2911 666 2969 Marcus:
694 2927 760 2968 nam
782 2905 926 2970 hominem
948 2910 1102 2972 lunaticum
1125 2911 1210 2972 fuisse
1234 2912 1308 2972 dicit.

180 2987 356 3066 Congmunt
373 2993 467 3042 tamen
485 2983 563 3045 inter
580 3006 612 3044 se
630 2985 699 3069 haec
717 2985 784 3059 duo,
804 2997 914 3044 mutum
933 2986 1026 3063 fuisse,
1049 2999 1077 3048 et
1096 2987 1178 3048 certis
1197 3000 1310 3068 tempo-

177 3060 255 3123 ribus
280 3062 310 3120 in
334 3058 419 3124 furias
442 3072 543 3132 actum.
586 3059 717 3120 Lunntici
734 3074 830 3122 autem
848 3075 998 3138 vocantur,
1020 3063 1071 3144 ¹qni
1089 3063 1135 3144 vel
1157 3063 1310 3124 sublimae

177 3137 320 3206 defectum
344 3135 477 3206 comitiali
498 3135 602 3196 morbo
625 3135 767 3214 laborant,
791 3137 838 3200 vel
860 3151 1032 3218 torquentur
1053 3141 1203 3223 vertigine.
1244 3142 1308 3216 Nec

176 3212 284 3292 recipio
309 3213 386 3294 quod
407 3213 489 3298 fingit
509 3211 742 3294 Chrysostomus,
769 3235 876 3274 nomen
899 3215 956 3277 hoc
985 3217 1103 3276 Satanae
1131 3228 1192 3276 astu
1222 3213 1310 3278 luisse

175 3289 338 3364 inventum,
360 3301 394 3348 ut
412 3290 495 3351 honis
515 3291 649 3352 creaturis
667 3291 797 3352 infamiae
815 3304 913 3352 notam
931 3303 1105 3374 aspergeret:
1129 3293 1213 3354 docet
1233 3293 1307 3353 enim

177 3375 254 3446 certa
274 3365 455 3444 experientia,
475 3387 529 3448 pro
547 3365 630 3428 lunae
644 3389 727 3428 cursu
740 3369 839 3450 angeri
855 3367 1083 3442 rel'decrescere
1101 3369 1217 3430 morbos
1236 3369 1307 3444 illos,

176 3461 271 3519 neque
289 3451 383 3500 tamen
402 3441 458 3503 hoc
477 3443 578 3519 obstat,
598 3445 747 3536 quominus
762 3449 847 3506 Satan
865 3444 1035 3506 naturalibus
1054 3445 1154 3506 mediis
1171 3467 1235 3509 suros
1253 3444 1308 3509 im-

176 3528 258 3598 petus
277 3519 482 3596 permiscuerit.
521 3521 585 3603 Ego
605 3533 696 3600 itaque
716 3521 858 3596 existimo,
882 3541 942 3582 non
961 3521 1045 3600 luisse
1063 3520 1227 3584 naturaliter
1245 3543 1308 3582 sur-

177 3597 244 3655 dum
262 3613 295 3652 ac
313 3604 421 3652 mutum
441 3596 517 3656 hunc
536 3595 693 3671 hominem,
716 3601 765 3659 sed
787 3597 912 3680 linguam
936 3599 994 3658 eius
1019 3609 1048 3660 et
1071 3619 1151 3660 aures
1170 3619 1186 3658 a
1206 3600 1306 3660 Satana

177 3670 263 3732 fnisse
287 3689 435 3750 possessas.
480 3672 595 3734 Deinde
616 3696 702 3755 quum
727 3675 836 3752 cerebri
864 3686 893 3734 et
915 3695 1069 3737 nervorum
1091 3674 1217 3736 debilitas
1242 3697 1306 3736 eum

177 3747 281 3808 morbo
306 3745 438 3808 comitiali
461 3749 615 3810 obnoxium
637 3751 782 3828 redderet,
806 3750 929 3811 deterius
952 3751 1056 3820 malum
1078 3750 1164 3812 luisse
1184 3751 1306 3813 additum

178 3826 213 3887 ab
233 3817 333 3886 eodem
348 3825 457 3884 Satana.
486 3826 563 3886 Hinc
582 3826 688 3887 sactum
707 3840 757 3904 est,
776 3840 810 3888 ut
829 3825 880 3887 sihi
900 3827 1055 3908 perniciem
1072 3827 1194 3910 undique
1213 3849 1306 3888 arces-

178 3913 268 3962 seret:
292 3899 394 3961 deinde
418 3913 450 3960 ut
472 3901 626 3983 discerptus
651 3904 768 3980 iaceret,
792 3917 824 3966 ut
845 3904 1009 3964 concideret
1028 3897 1159 3964 exanimis
1180 3917 1209 3965 et
1228 3904 1306 3964 simi-

177 3977 210 4036 lis
234 3989 357 4038 mortno.
400 3977 477 4046 Hinc
498 3999 567 4042 vero
591 3980 740 4056 discamus,
769 4003 851 4062 quam
873 3979 1040 4060 multiplices
1062 3981 1185 4044 nocendi
1206 3981 1307 4054 modos

178 4051 279 4112 habeat
297 4055 397 4129 Satan,
421 4055 474 4114 nisi
493 4064 630 4134 quatenus
650 4056 706 4117 Dei
724 4079 808 4116 manu
826 4069 947 4116 arcetur.
987 4057 1142 4137 Quotquot
1160 4068 1226 4116 sunt
1245 4078 1305 4116 car-

178 4127 222 4184 nis
242 4139 270 4186 et
289 4129 396 4191 animae
417 4130 603 4206 infirmitates,
624 4153 690 4211 quas
709 4134 841 4193 sentimus
862 4151 921 4194 esse
939 4133 1113 4208 innumeras,
1134 4133 1254 4194 totidem
1272 4133 1305 4191 ad

178 4219 231 4264 110⁵
249 4203 398 4290 laedendos
416 4207 473 4268 tela
492 4208 517 4268 ei
536 4220 696 4300 suppetunt,
730 4207 797 4270 Plus
816 4229 899 4290 quam
919 4229 988 4290 ergo
1008 4223 1053 4272 stu
1074 4209 1111 4272 idi
1130 4228 1232 4283 sumus,
1252 4205 1304 4267 nisi

178 4281 234 4342 tam
253 4296 354 4352 misera
371 4295 468 4350 nostra
487 4285 611 4346 conditio
632 4305 686 4344 nos
705 4287 740 4346 ad
758 4305 856 4366 preces
875 4284 1012 4348 sollicitet.
1032 4232 1086 4351 ,lh
1106 4307 1142 4348 eo
1161 4297 1256 4346 autem
1274 4305 1305 4358 se

179 4345 289 4420 profert
306 4353 530 4439 incomparabilis
546 4361 603 4424 Dei
621 4359 745 4440 bonitas,
770 4362 859 4442 quod,
883 4384 968 4442 quum
990 4375 1049 4424 tam
1066 4363 1149 4428 variis
1167 4360 1248 4426 noxis
1266 4359 1305 4424 εἰς
