2830 4772
118 253 126 274 .
167 219 227 284 w
466 215 472 236 “
612 216 724 284 sacr.
739 217 853 284 urm.

168 369 248 431 nima
265 365 362 443 edidit,
380 367 447 429 duan
465 387 499 430 se
515 366 650 451 patefecit
667 369 699 430 in
709 367 826 444 Christo
845 383 914 433 soor
930 371 1052 456 ideoque
1070 375 1171 440 Paulus
1188 379 1305 461 primae

167 446 203 508 ad
221 445 406 506 Timotheum
428 447 508 520 2,·6.
527 444 584 506 suis
602 445 775 528 temporibus
796 447 828 506 in
851 447 942 510 lucem
985 451 1101 514 rediisse
1124 455 1205 532 dicit,
1257 458 1305 520 uia

140 589 147 601 ,
167 524 239 584 haec
258 533 367 582 matura
385 532 446 582 erat
464 521 661 612 ppportunitas
678 523 769 584 totius
788 523 886 584 mundi
903 525 938 586 ad
956 472 1053 589 lieurn
1071 531 1201 594 vocandi.
1233 479 1304 594 iti·

33 657 42 670 ,
151 609 276 660 'scmus
297 615 376 680 crgo,
395 597 701 688 quotaesbpraedicatnr
720 599 913 681 Euangelium,
933 603 1052 682 perinde
1070 625 1130 670 ease
1147 607 1204 670 acsi
1220 609 1304 671 Deus

167 675 228 756 ipse
248 674 279 734 in
294 673 417 734 medium
436 671 575 756 prodiret,
592 694 700 754 nosque
719 674 837 736 sollenni
855 688 884 736 et
902 675 1031 760 legitimo
1050 681 1107 742 ritu
1121 696 1302 746 contestare-

166 763 235 825 tur,
246 770 284 810 nc
302 749 404 813 incerti
421 771 558 832 vagemur
576 749 607 810 in
625 749 763 812 tenebris:
792 751 839 831 qui
857 771 927 814 vero
946 775 1046 834 parere
1064 758 1206 835 abnuunt,
1229 763 1303 822 red-

167 827 268 886 dantu'r
287 824 497 886 inexcusabiles.
537 827 619 886 Tunc
637 830 733 886 omiet
753 835 973 890 consummatio.
1024 831 1148 908 Quidam
1165 838 1200 896 ad
1219 838 1305 898 exci-·

40 945 43 952 ,
166 902 244 962 bum
262 901 369 982 templi,
388 913 418 962 et
436 901 526 964 cultus
543 901 638 984 legalis
657 902 839 964 abolitionem
853 925 999 986 perperam
1013 911 1116 970 restrin
1141 924 1200 986 unt,
1219 914 1301 1004 quod

166 979 203 1042 de
218 978 277 1038 tine
295 989 325 1039 et
342 979 529 1040 renovatione
544 979 643 1040 mnudi
665 978 785 1062 intelligi
803 979 896 1043 debet.
933 981 1006 1044 Nam
1025 985 1090 1064 quia
1129 987 1235 1068 rscipnh
1252 989 1299 1050 illa

166 1055 224 1116 dno
247 1054 329 1114 simul
350 1054 537 1131 mhcnmant,
619 1055 643 1118 si
667 1057 756 1116 everti
779 1077 838 1116 nnn
861 1070 957 1137 posset
974 1061 1110 1141 templum
1128 1063 1191 1124 sine
1208 1067 1299 1126 totius
1394 1073 1395 1078 ’

166 1130 264 1192 mnndi
281 1130 374 1205 ruina,
400 1129 529 1193 christu·
546 1151 564 1192 a
600 1130 770 1212 propositam
790 1132 982 1212 quaestionem
1000 1137 1177 1218 respondens
1196 1141 1299 1201 admo-
1394 1143 1395 1192 ἶ

165 1207 237 1281 nuit,
256 1205 371 1290 longam
389 1219 421 1268 et
437 1205 548 1268 tristem
565 1207 702 1268 malorum
721 1205 806 1268 Iliada
824 1209 941 1273 instare:
979 1227 1122 1276 uetante
1140 1215 1195 1276 illis
1214 1217 1298 1278 i'esti-
1394 1259 1395 1276 .

60 1281 66 1298 “
146 1285 289 1419 ¹pandum
307 1303 370 1346 esse
386 1283 422 1344 ad
438 1281 573 1418 palmam,
598 1305 680 1364 quam
693 1283 786 1346 multis
805 1285 1004 1354 certaminibus
1025 1301 1055 1352 et
1072 1291 1206 1354 molestiis
1222 1314 1296 1374 per-
1394 1289 1395 1334 l

164 1371 473 1498 Nudsiuaritsieiilreuiet
488 1435 552 1496 linis
575 1433 691 1510 saeculi,
719 1457 803 1529 paam
822 1434 899 1500 duris
919 1451 948 1500 et
966 1439 1112 1504 laboriosis
1130 1445 1295 1508 tentationi-

462 1360 488 1420 ic
516 1380 586 1444 ergo
613 1359 716 1421 resolvi
738 1359 823 1421 debet
846 1361 901 1424 hoc
924 1377 1100 1444 postremum
1124 1369 1295 1444 membrum,
1394 1365 1395 1382 ¹

164 1513 217 1574 bus
237 1509 390 1574 Ecclesiam
412 1531 504 1572 meam
522 1511 571 1572 diu
590 1532 776 1573 exercuerim:
800 1533 866 1574 nam
884 1513 969 1578 salsae
987 1517 1189 1604 imaginationi,
1211 1543 1293 1602 quarn
1394 1525 1395 1532 ’

164 1589 286 1669 spndse
305 1599 495 1667 conceperant
514 1587 660 1670 Apostoli,
685 1587 845 1670 apponitur.
904 1593 990 1655 Unde
1011 1617 1108 1658 corsus
1130 1597 1295 1660 diacendrun

164 1677 220 1741 est,
250 1685 312 1726 non
336 1663 452 1754 praefigi
471 1675 580 1724 eertum
602 1665 690 1739 diem,
714 1664 770 1726 acsi
789 1685 905 1738 eorum,
934 1690 1007 1748 qnae
1031 1691 1121 1752 nuper
1144 1674 1294 1752 praedixit,

164 1753 297 1803 eventum
316 1753 453 1802 conhnun
474 1741 566 1802 statim
585 1753 689 1802 tenore
707 1739 818 1802 ultimus
843 1743 901 1805 dies
927 1745 1078 1824 exciperet:
1113 1767 1180 1808 uam
1204 1772 1295 1828 quae·
1394 1743 1395 1812 ζ

164 1839 278 1906 cunque
293 1839 324 1876 su
345 1839 376 1907 ra
396 1815 530 1899 legimns,
564 1817 673 1897 pridem
696 1819 888 1910 appertineunt
905 1819 1090 1911 fidelemmec
1108 1833 1202 1882 tamen
1222 1847 1291 1886 mox

162 1902 443 2028 tittfflinsttt
462 1894 589 2030 albi
602 1893 759 2030 attriti
778 1893 1293 2038 ‘tt‘stthtttlttdt'tltt

162 1993 328 2104 iulecantiae
344 1990 473 2106 iniiccrir
492 2045 549 2106 acsi
567 2043 687 2120 dixisset,
707 1990 825 2106 nonita
842 2047 900 2108 cito
922 2061 953 2108 ut
970 2047 1023 2108 sibi
1035 2050 1175 2115 timerent
1184 2051 1294 2116 instare

161 2120 395 2204 redemptionem,
413 2121 463 2184 sed
480 2121 661 2207 interpositos
680 2141 740 2186 esse
758 2121 861 2208 longos
878 2123 1027 2194 anlractus.

246 2403 349 2488 (lar.)
391 2403 562 2472 Marna.
584 2391 703 2478 xxm
741 2401 792 2468 rs.
813 2401 921 2490 Quum
944 2427 1020 2492 ergo
1042 2377 1185 2474 vireant
1206 2364 1287 2474 abo·
1394 2491 1395 2500 Ν

20 2517 44 2545 t·
159 2497 365 2573 minationem
388 2505 625 2586 desolationis,¹
644 2527 727 2594 quae
748 2502 837 2570 dicta·
856 2516 906 2582 cst,
923 2529 942 2572 a
965 2507 1100 2574 Daniele
1120 2511 1289 2598 Propheta,

158 2617 291 2672 stantem
313 2609 348 2671 in
368 2605 444 2675 loco
466 2620 577 2674 sancto
604 2611 681 2696 (qui
700 2606 776 2696 legit
796 2607 980 2697 intelligat):
1031 2613 1083 2678 16.
1114 2613 1210 2679 Tunc
1232 2617 1298 2702 qui,¹

99 2729 101 2740 ’
156 2709 193 2773 in
213 2707 331 2794 Iudaea
351 2719 439 2788 sunt,
466 2707 586 2796 fugiant
608 2709 649 2776 ad
670 2723 803 2778 montes.
858 2713 909 2778 17.
944 2713 1012 2799 Qui
1038 2716 1073 2780 in
1094 2724 1193 2796 tecto,
1214 2740 1287 2784 'non

145 2808 339 2889 'descendat
359 2821 396 2875 ut
416 2811 506 2877 tollat
527 2815 697 2900 quicquam
719 2815 760 2879 de
782 2813 880 2880 domo
903 2835 974 2879 sua:
1023 2817 1074 2881 18.
1117 2819 1160 2884 Et
1180 2822 1237 2904 qui
1252 2823 1300 2883 inl

157 2932 252 3001 agro,
278 2933 346 2980 nou
368 2915 556 2994 revertatur,
573 2922 618 2980 nt
639 2912 731 2981 tollat
750 2919 856 2982 restes
876 2937 961 2982 suaa.
1010 2918 1061 2982 19.
1088 2917 1158 2983 Vae
1171 2930 1282 2982 ‘autem

156 3014 403 3106 praegnantibus
425 3027 456 3084 et
476 3015 666 3086 lactantibus
687 3020 721 3084 in
741 3016 804 3084 illia
832 3017 956 3084 diebus.
1020 3019 1073 3084 20.
1105 3019 1205 3085 Orate
1226 3043 1281 3084 au-

156 3127 229 3198 tem,
250 3131 372 3188 utnon
392 3120 449 3213 fiat
469 3119 543 3208 iuga
564 3131 668 3186 restra
689 3121 813 3207 hyeme,
834 3141 939 3210 neque
958 3119 1101 3208 sabbato.
1124 3109 1195 3186 21.
1211 3121 1280 3187 Erit

157 3223 346 3290 enimtunc
371 3225 500 3308 aillictio
527 3243 653 3312 magna,
685 3225 788 3312 qualis
816 3243 884 3291 non
909 3223 969 3290 init
995 3223 1035 3288 ah
1057 3223 1147 3324 initio
1169 3223 1280 3289 mundi

155 3320 199 3388 ad
223 3321 286 3390 hoe
312 3347 415 3414 usquc
442 3340 583 3414 tempus,
615 3349 720 3414 neque
748 3325 813 3394 flea.
876 3323 929 3394 22.
971 3326 1012 3394 Et
1036 3327 1099 3390 nisi
1126 3323 1280 3392 decurtati

155 3414 291 3490 luissent
312 3425 380 3493 dies
401 3429 466 3509 illi,
493 3451 560 3496 non
581 3429 674 3496 lieret
695 3428 782 3494 salsa
804 3427 909 3494 omnis
932 3448 1021 3507 caras
1064 3425 1123 3492 ned
1150 3439 1280 3517 propter

156 3527 275 3595 clectos
298 3527 548 3598 decurtahuntur
569 3531 638 3598 dies
660 3527 716 3596 illi.
770 3531 823 3597 23.
859 3533 953 3597 Tunc
974 3533 1003 3596 si
1025 3532 1095 3618 quis
1116 3529 1214 3598 vobis
1235 3529 1279 3596 di·
1394 3533 1395 3578 ἓ

155 3633 243 3711 serit,
264 3631 348 3700 Ecce
369 3632 421 3698 hic
443 3631 590 3714 Christus
612 3617 883 3712 auritticnotite
901 3631 1045 3706 ,credere
1108 3633 1161 3701 2l.
1204 3633 1277 3700 Sur·
1394 3615 1395 3674 3

138 3744 230 3819 ⁵gent
250 3737 337 3814 ephu
358 3735 596 3823 pseudochristi
617 3747 649 3804 ct
669 3735 981 3830 pseudoprophetae,
1002 3748 1034 3802 et
1056 3734 1178 3807 dabunt
1193 3737 1278 3824 signa
1394 3755 1395 3758 ’

146 3856 269 3922 ,aragne
305 3847 336 3903 et
361 3838 521 3925 prodigia,
557 3843 600 3905 ita
628 3851 663 3904 ut
688 3842 722 3904 in
750 3861 890 3906 errorem
917 3837 1109 3911 inducantur
1139 3839 1276 3919 (silleri

154 3941 275 4024 possit)
296 3942 387 4006 etiam
411 3939 511 4008 electi.
545 3941 607 4036 Ι25.
638 3941 724 4006 Eece
747 3939 891 4028 praedixi
913 3941 1019 4008 vohis.
1062 3940 1115 4010 26.
1146 3941 1181 4022 Si
1203 3958 1275 4025 ergo

155 4040 291 4106 dixerint
310 4041 414 4122 vebis,
434 4043 519 4108 Ecce
540 4045 575 4106 in
597 4041 724 4108 deserto
748 4054 804 4122 cst,
826 4043 926 4108 nolite
949 4045 1151 4108 exircrcccc
1171 4046 1205 4108 in
1224 4063 1275 4128 pe·
1308 4077 1312 4086 ·

42 4187 46 4196 .
155 4140 348 4222 statualibus,
382 4145 482 4211 nolite
508 4143 648 4226 predere.
704 4140 764 4208 17.
802 4143 896 4210 'Sicut
923 4143 1006 4209 enirn
1028 4144 1135 4230 lulgur
1153 4149 1216 4212 'exit
1237 4143 1274 4210 ab
1394 4167 1395 4176 ¹

108 4237 110 4246 “
155 4242 292 4336 oriente,
314 4256 346 4310 et
364 4258 495 4334 apparet
515 4265 618 4332 usque
638 4247 673 4318 in
694 4244 905 4338 occidentem,
924 4249 969 4314 ita
990 4248 1106 4315 crit'et
1123 4249 1274 4316 adrentus
