2790 4764
147 203 152 220 ⁸
179 241 236 304 lta
455 236 564 301 sscT.
583 237 649 298 XV.
691 231 782 299 insns
799 251 843 298 ar
861 203 1030 302 nrsdnnu.

181 389 394 471 obiurgationes
411 400 441 450 et
459 387 548 450 minas
565 379 688 450 ludibrio
703 387 799 464 babet,
818 388 842 450 si
859 389 896 450 ab
916 411 949 451 ea
967 390 1124 466 damnatam
1139 399 1232 451 ratum
1245 385 1312 452 fore

179 467 211 530 in
229 465 312 526 coelo
330 466 463 526 iudicium
480 463 557 545 qnod
575 464 703 526 homines
722 464 847 526 tulerint.
878 466 910 528 si
924 466 986 548 quis
999 467 1121 541 obiiciat,
1141 467 1235 530 Deum
1252 469 1310 528 boc

180 541 267 606 modo
290 542 350 604 lieri
373 542 451 632 quasi
471 539 615 621 pedarium
638 541 771 616 iudicem,
793 541 841 621 qui
863 541 1022 602 subscribat
1043 541 1202 606 mortalium
1221 543 1311 604 homi-

180 641 250 682 num
268 628 440 692 sententias,
464 615 568 686 solutio
592 617 623 676 in
642 628 777 698 promptu
797 628 848 677 est.
896 619 997 696 Neque
1021 619 1098 680 enim
1116 621 1312 682 auctoritatem

181 693 323 758 Ecclesiae
341 713 407 758 snae
425 693 522 752 asserit
539 691 677 767 Christus,
698 715 753 773 qua
772 692 814 752 ius
830 715 911 754 sunm
932 703 962 756 et
979 695 1070 755 Patris
1088 695 1243 772 imminuat,
1261 697 1314 758 sed

180 771 274 856 potius
297 789 351 850 qna
373 768 453 832 verbi
475 768 519 829 sui
541 769 713 830 maiestatem
736 768 851 834 sanciat.
892 769 1140 844 Quemadmodum
1165 773 1241 834 enim
1265 794 1315 834 ca·

181 847 240 930 pite
253 847 299 907 16.
319 866 379 906 non
398 845 550 928 quamlibet
566 844 726 926 promiscue
746 845 904 908 doctrinam
923 844 1046 906 stabilire
1059 847 1159 922 voluit,
1179 849 1229 910 sed
1242 870 1317 930 quae

181 943 216 984 ex
235 943 288 985 ore
305 942 357 984 suo
375 923 506 1005 prolecta
525 933 606 998 esset,
624 920 662 981 ita
681 942 774 1002 neque
792 922 849 982 boc
866 921 931 982 loco
946 921 1091 1012 quodlibet
1109 923 1243 986 iudicium
1256 937 1319 990 sta-r

180 999 238 1060 bile
258 1010 288 1059 et
305 1010 399 1060 ratum
417 998 482 1060 lore
500 998 582 1073 dicit,
607 997 705 1060 sed‘in
725 1019 782 1078 quo
801 999 861 1082 ipse
878 999 1032 1080 praesidet:
1061 1019 1156 1078 neque
1178 1001 1208 1061 id
1225 1001 1316 1062 modo

92 1137 106 1144 ,
201 1096 233 1138 er
251 1075 401 1148 Siritum,
421 1077 471 1138 sed
489 1077 574 1136 etiam
591 1096 644 1155 per
662 1073 799 1138 Verbum.
838 1075 922 1136 Unde
942 1073 1080 1154 sequitur,
1100 1075 1230 1140 homines
1248 1077 1318 1136 nul-

192 1175 274 1214 uma
299 1173 362 1214 erre
381 1153 447 1214 Deo
488 1151 683 1226 raeiudicium,
708 1151 775 1212 dum
798 1150 866 1212 nihil
889 1151 942 1212 nisi
966 1173 1000 1211 ex
1024 1150 1082 1211 eins
1105 1171 1157 1210 ore
1180 1174 1318 1232 pronun-

179 1229 262 1306 tiana,
281 1250 314 1290 ac
332 1239 441 1302 tantum
477 1227 577 1290 delitet
592 1227 704 1308 exsequi
720 1226 842 1303 student,
862 1227 937 1308 quod
956 1226 1002 1288 ille
1020 1226 1168 1288 mandavit
1200 1229 1317 1304 Quam-

180 1305 223 1369 vis
248 1305 323 1368 enim
348 1305 446 1366 unicus
469 1305 507 1366 sit
524 1305 621 1366 mnndi
640 1305 723 1364 iudex
742 1303 885 1378 Christum,
910 1301 970 1366 vult
986 1314 1081 1364 tamen
1099 1303 1207 1365 interea
1224 1305 1317 1364 mini-

181 1395 255 1444 stros
279 1379 359 1442 verbi
382 1381 424 1441 sui
450 1380 554 1442 babere
579 1401 741 1462 praecones.
790 1381 903 1442 Deinde
925 1379 986 1442 vult
1009 1402 1090 1440 snum
1115 1380 1247 1440 iudicium
1273 1382 1315 1441 ab
1362 1431 1372 1444 a

180 1455 306 1522 Ecclesia
324 1455 455 1538 proferri.
494 1459 537 1517 Ita
560 1457 593 1516 fit
615 1466 647 1516 ut
667 1453 739 1516 nibil
761 1455 815 1516 sibi
837 1457 958 1540 deroget
975 1455 1144 1537 interposito
1163 1455 1315 1518 bominum

180 1532 345 1607 ministerio,
364 1535 432 1614 quin
450 1531 525 1594 solus
543 1531 603 1613 ipse
620 1530 748 1592 absolvat
764 1543 798 1592 et
815 1531 892 1668 liqet.
928 1532 1031 1602 Oritur
1048 1545 1143 1593 tamen
1161 1532 1207 1594 bic
1224 1554 1316 1614 qnae·

181 1612 246 1684 stin,
266 1631 351 1689 quum
369 1608 472 1670 multos
491 1608 654 1701 hypocritas
672 1607 798 1670 Ecclesia
814 1620 846 1668 to
858 1620 932 1683 eret,
954 1607 1080 1670 absolvat
1099 1610 1182 1670 etiam
1198 1609 1314 1688 multos,

180 1687 229 1768 qui
246 1685 339 1746 fictam
356 1685 561 1766 poenitentiam
579 1683 764 1758 obtendunt,
776 1704 812 1745 an
835 1685 987 1746 conveniat
1006 1683 1077 1748 tales
1100 1685 1130 1744 in
1155 1683 1236 1754 coelo
1259 1685 1315 1746 ab·

178 1761 259 1826 solvi.
297 1759 479 1842 Respondeo,
498 1781 562 1822 non
578 1761 613 1820 ad
631 1759 700 1820 alios
715 1760 767 1820 diri
790 1761 991 1836 'sermonem,
1013 1782 1094 1840 quam
1115 1763 1162 1841 qui
1181 1773 1259 1823 recte
1276 1782 1315 1823 ac

178 1839 290 1902 sincere
312 1835 453 1897 Ecclesiae
475 1859 507 1898 se
529 1837 720 1896 reconciliant
793 1858 838 1898 am
862 1837 976 1917 trepidis
1000 1836 1180 1900 conscientiis
1205 1837 1313 1898 afferre

178 1913 309 1978 solatium
328 1924 490 1993 metumque
509 1910 631 1974 exirnere
643 1911 742 1974 volens
761 1923 889 1986 testatam,
909 1924 989 1972 reatu
1008 1911 1120 1974 liberari
1135 1935 1230 1975 coram
1243 1916 1312 1974 Deo

178 1989 339 2084 quicunque
355 1989 543 2072 peccaverint,
561 1989 586 2048 si
599 1989 630 2079 in
643 1988 759 2072 gratiam
774 1989 892 2049 redeant
905 2009 970 2048 cum
985 1987 1119 2048 Ecclesia.
1152 1992 1219 2052 Hoc
1233 1990 1313 2050 enim

178 2085 259 2150 quast
277 2087 379 2160 pignus
399 2064 527 2127 coelestis
546 2076 652 2147 gratiae
670 2065 778 2139 statuit,
803 2064 880 2145 qnod
899 2062 968 2124 nihil
987 2065 1022 2127 ad
1041 2064 1058 2124 b

178 2157 244 2218 net,
276 2165 323 2223 qur
345 2164 448 2280 qurum
470 2138 704 2204 reconciliationis
728 2161 810 2202 usum
834 2150 1009 2221 pervertunt.
1059 2085 1120 2201 l’irs
1135 2189 1136 2196 a
1149 2163 1218 2204 vero
1248 2163 1313 2204 non

178 2221 226 2284 vul
319 2217 347 2280 in
369 2217 502 2280 efiducia
521 2217 657 2293 nascitur,
685 2217 752 2276 dnm
769 2238 820 2278 sua
837 2227 952 2297 peccata
971 2217 1152 2287 coramDeo
1172 2229 1201 2279 et
1219 2239 1313 2298 ange-

178 2241 467 2370 thisiasterium,
486 2294 600 2362 simulac
619 2293 730 2355 veniam
749 2285 926 2354 obtinuerinl
942 2291 978 2353 ab
996 2292 1128 2354 Ecclesia.
1161 2295 1198 2353 In
1218 2293 1312 2354 altero

177 2373 309 2436 membro
331 2373 448 2434 minime
470 2371 600 2461 ambigua
623 2381 666 2432 est
689 2375 769 2431 mens
794 2369 915 2430 Christi:
932 2375 1008 2430 ‘nam
1032 2391 1119 2450 quum
1143 2368 1311 2452 praefractis
1368 2399 1378 2414 =

180 2463 210 2513 et
229 2474 260 2512 su
282 2450 355 2512 erbis
392 2447 498 2511 roclive
516 2459 559 2523 sat,
577 2445 719 2508 Ecclesiae
738 2445 869 2506 iudicium
885 2446 939 2504 boc
972 2455 1099 2506 raetextu
1113 2449 1311 2522 contemnere,

178 2527 243 2606 quia
260 2471 422 2588 bominibus
441 2525 539 2586 subiici
557 2523 663 2598 nolint,
684 2522 768 2608 sicuti
785 2521 864 2602 impii
881 2465 1036 2602 nebulones
1055 2542 1137 2601 saepe
1158 2523 1193 2584 ad
1212 2522 1310 2584 coele.

178 2613 222 2662 ste
244 2602 366 2662 tribunal
387 2602 520 2662 audacter
541 2609 712 2680 provocant,
742 2597 884 2675 Christus,
913 2610 945 2659 ut
967 2610 1078 2662 terrore
1102 2599 1214 2681 frangat
1238 2600 1309 2660 banc

178 2677 393 2750 contumaciam,
413 2697 484 2756 qnae
502 2697 578 2735 nunc
598 2677 633 2735 ab
652 2675 704 2736 illis
723 2675 875 2756 spernitur,
893 2674 1102 2736 damnationem
1120 2675 1150 2734 in
1166 2671 1309 2736 coelo'ra-

176 2762 234 2810 tam
253 2749 317 2810 iore
336 2751 490 2812 denuntiat.
540 2745 661 2812 lhterim
680 2770 745 2810 suos
764 2751 799 2810 ad
817 2751 916 2810 iustam
934 2753 1109 2812 severitatem
1129 2751 1243 2825 animat,
1267 2771 1308 2810 ne

177 2824 326 2906 improbae
352 2845 451 2885 eorum
474 2827 669 2888 contumaciae
691 2825 885 2901 succumbant,
910 2827 957 2906 qui
980 2826 1153 2907 disciplinam
1174 2840 1309 2907 respuent

174 2901 222 2965 vel
241 2899 391 2962 excutient.
428 2899 507 2961 Hinc
528 2922 640 2980 quoque
658 2901 755 2961 videre
774 2912 833 2976 est,
853 2923 935 2981 qoam
954 2903 1057 2964 insulse
1076 2903 1205 2985 Papistae
1222 2923 1307 2984 prae-

176 2990 285 3042 sentem
309 2975 404 3038 locum
427 2976 462 3036 ad
485 2996 571 3038 omne
594 2975 748 3058 tyrannidis
768 2985 863 3056 'genus
887 2977 1038 3039 locandum
1059 2991 1217 3060 torqueant
1255 2979 1307 3039 Ius
1384 3007 1385 3016 ¹

176 3051 435 3120 excommunicandi
454 3048 595 3112 Ecclesiae
614 3051 699 3112 tribui
718 3063 826 3112 certum
847 3064 903 3129 est,
924 3065 955 3114 ct
972 3057 1032 3116 sani
1052 3077 1149 3118 omnes
1168 3057 1306 3118 satentnra

175 3131 226 3191 secl
244 3153 279 3190 an
300 3142 332 3190 ut
350 3127 481 3208 unusquis
503 3127 572 3202 iam,
598 3141 637 3216 et⁵
645 3128 758 3207 quidem
782 3149 842 3188 non
864 3130 899 3190 ab
918 3131 1043 3193 Ecclesia
1061 3145 1190 3208 vocabas,
1216 3131 1264 3193 sed
1287 3153 1306 3192 a

175 3217 294 3266 cornuta
313 3149 577 3286 larvataqueliestia
591 3217 708 3279 creatus,
727 3225 781 3285 pro
801 3227 850 3266 sua
868 3206 982 3269 libidine
1002 3209 1098 3272 inanes
1113 3208 1306 3270 excommuni-

174 3279 317 3342 cationum
336 3282 457 3372 crepitus
477 3275 602 3340 emittat?
634 3279 722 3361 Atqui
741 3279 893 3365 legitimam
911 3285 1052 3346 Ecclesiae
1067 3283 1305 3376 gubernationem

1079 2066 1200 2154 pperitas
1218 2065 1312 2148 perti·
1343 2105 1348 2110 -

173 3355 346 3444 presbyteris
364 3357 518 3417 iniunctam
537 3355 622 3417 luisse
641 3368 760 3432 constat,
779 3380 840 3420 non
859 3371 968 3422 tantum
987 3359 1076 3422 Verba
1093 3361 1232 3436 ministris,
1252 3362 1305 3443 sed
1382 3365 1383 3372 ’

172 3449 221 3568 qur
241 3452 274 3518 ex
293 3432 376 3512 plebe
395 3454 505 3492 morum
526 3453 657 3494 censores
675 3432 727 3494 illis
746 3433 869 3495 adiuncti
889 3449 977 3496 erant
1015 3439 1077 3499 Hac
1097 3449 1191 3498 minen
1211 3437 1304 3516 impu-

193 3516 267 3592 entqa
285 3527 346 3596 non
363 3509 492 3598 contenti
509 3509 632 3589 probare
654 3509 807 3570 etiamnum
826 3524 966 3572 conantur
985 3535 1019 3574 ex
1039 3513 1094 3575 hoc
1113 3513 1193 3588 loco,
1216 3533 1304 3591 quae-

173 3603 284 3660 cunque
308 3596 494 3673 imposuerant
517 3605 618 3661 onera,
650 3607 711 3646 esse
733 3586 858 3647 ferenda,
912 3589 1009 3650 Taceo
1034 3591 1111 3670 qnod
1132 3598 1302 3682 potestatem

171 3655 313 3752 Ecclesiae
332 3679 491 3738 permsssam
511 3661 627 3744 indigne
646 3661 698 3722 sibi
717 3676 852 3753 usurpant
874 3684 907 3726 ac
930 3667 1044 3758 rapiunt
1067 3687 1179 3747 pessum
1199 3663 1302 3726 Eccle-
1379 3707 1381 3722 .

171 3751 229 3798 stae
246 3721 354 3795 bostesz
379 3746 489 3796 tantum
509 3737 582 3812 dico,
601 3739 831 3819 quum'Chrastus
849 3757 907 3800 non
924 3743 978 3802 nisa
995 3743 1030 3804 de
1044 3741 1218 3826 corrigendis
1233 3762 1301 3822 pecs
1375 3744 1381 3770 ‘

172 3811 240 3876 catis
259 3811 408 3900 agatqqui
425 3813 481 3873 suis
500 3812 609 3894 legibus
628 3815 732 3878 animas
750 3815 910 3894 illaqueant,
929 3839 990 3880 non
1008 3819 1100 3880 minus
1118 3819 1201 3880 stulte
1217 3839 1299 3898 quam

171 3887 306 3949 scelerate
326 3908 384 3948 esus
402 3889 567 3952 testimonio
585 3891 672 3952 abuti«
717 3889 849 3954 Eiusdem
868 3893 973 3967 farinae
993 3907 1047 3972 est,
1070 3897 1146 3976 quod
1163 3893 1317 3964 ‹auricula-¹

171 3975 232 4021 rem
258 3977 342 4052 snam·
361 3963 569 4028 confessionem
594 3967 648 4028 hoc
670 3969 816 4049 praetextu¹
839 3969 1003 4032 defendunt
1040 3975 1143 4053 Neque
1163 3971 1251 4044 enim,
1274 3969 1299 4040 si

171 4037 313 4114 Ecclesiae
332 4041 505 4102 reconciliari
527 4042 654 4105 Christus
674 4045 777 4120 voluit,
819 4047 856 4106 ui·
870 4069 919 4106 sua
942 4048 1020 4129 culpa
1040 4071 1129 4128 nsque
1151 4048 1185 4108 ad
1204 4043 1298 4128 publi·

172 4131 236 4172 cum
252 4115 388 4203 iudicium
406 4119 490 4194 tracti,
508 4117 622 4196 luerint,
640 4120 708 4182 ideo
723 4067 838 4259 singilis
856 4121 949 4206 legem
969 4124 1096 4216 imponit,
1109 4136 1148 4185 *ut
1167 4145 1214 4188 sua
1229 4143 1298 4204 pec-

172 4197 232 4268 9²²³
251 4211 281 4277 pn
301 4213 398 4255 aurem
419 4195 535 4258 sacrifici
553 4202 718 4258 exonerent.
753 4255 756 4260 ,
790 4199 845 4261 deo
863 4212 958 4261 autem
976 4199 1094 4263 frivolae
1111 4214 1177 4262 sunt
1196 4219 1297 4262 eorum

171 4273 308 4341 ²¹¹tptsae,
333 4283 366 4329 ut
384 4271 547 4336 refutationi
565 4273 676 4354 longius
693 4273 822 4336 insistere
840 4291 1034 4366 necessepon
1052 4278 1097 4338 sit

247 4339 293 4398 19·
327 4345 460 4412 &raum
477 4353 542 4412 dics
560 4353 654 4412 sabis.
690 4349 847 4416 Confirmat
863 4375 1018 4438 proximam
1035 4353 1216 4416 sententiama
1231 4373 1296 4432 qma
