2796 4774
32 43 36 168 l

197 157 1271 310 'mmmmm‘e

96 348 218 418 Enntes
239 335 380 418 eruemus
401 346 547 415 ducentis
567 345 707 416 denariis
727 371 836 440 pones,
859 359 891 418 et
911 348 1024 418 demus
1043 347 1109 416 illis
1131 346 1223 436 qnod

32 463 33 516 t
59 507 61 512 .
96 449 202 518 edant.
227 449 297 516 ¹38.
319 451 362 518 At
382 449 437 536 ille
458 449 536 518 dixit
557 454 618 530 eis,
641 451 733 540 Quot
752 463 857 542 pones·
873 451 1016 520 bebetis?
1043 453 1101 534 ite,
1122 453 1223 518 1111-1

96 551 181 624 dete.
223 547 266 620 Et
285 574 381 641 quum
403 557 643 640 cognovissent,
666 555 789 636 dieunt,
812 557 979 650 Quinque,
1001 564 1033 622 et
1053 554 1138 623 duos
1158 557 1223 644 pis*

96 659 167 723 ces.
214 656 266 724 39.
294 657 336 722 Et
359 659 521 745 proecepit
546 657 625 738 illis,
654 670 692 726 ut
717 659 907 726 accumbere
934 660 1074 733 lucerent
1100 679 1223 742 omnes,

95 757 443 842 distributis'convivis
468 763 503 826 in
528 759 794 850 viridi'grsmine.
850 749 901 830 411.
926 762 968 829 Et
990 757 1223 830 discubuerunt

95 861 192 933 divisi
210 864 246 928 in
258 871 422 956 ¹centenos
444 871 478 930 et
498 863 750 950 quinquagenos.
793 865 846 932 41.
866 866 909 932 Et
924 875 1027 953 quum
1049 867 1225 954 accepisset

95 967 235 1054 quinque
253 985 356 1054 pones
379 973 411 1031 et
432 962 517 1030 duos
538 967 651 1052 pisces,
673 965 809 1036 sublatis
830 969 864 1032 in
886 967 1013 1034 coelum
1031 965 1144 1048 oculis,
1164 967 1224 1036 be·

92 1056 216 1156 nedixit
234 1090 272 1134 sc
298 1067 396 1154 fregit
422 1077 543 1155 pones,
571 1065 723 1162 deditque
752 1067 933 1157 discipulis,
964 1077 1000 1134 ut
1026 1081 1227 1155 apponerent

92 1169 167 1251 illis,
196 1179 230 1238 et
255 1169 345 1238 dnos
373 1171 480 1256 pisces
510 1165 618 1236 divisit
646 1169 807 1238 omnibus.
861 1171 914 1254 42.
945 1169 988 1236 Et
1019 1169 1227 1238 comederunt

93 1291 215 1355 omnes,
248 1283 282 1340 11
309 1273 446 1339 saturati
473 1280 556 1338 sunt.
585 1271 660 1339 43.
688 1273 731 1338 Ε1
756 1271 964 1339 sustulerunt·
978 1271 1227 1359 fragmentorum

33 1459 34 1464 ἵ
92 1373 262 1448 duodecim
283 1373 445 1461 cophinos
466 1371 593 1461 plenos,
616 1385 648 1445 et
669 1371 711 1442 de
731 1373 883 1466 piscibus.
927 1375 980 1444 44.
998 1377 1101 1445 Erant
1113 1384 1227 1460 sutem,

92 1481 145 1568 qui
164 1476 393 1556 comederant,
415 1477 540 1544 circiter
561 1479 824 1568 quinquemillia
844 1481 999 1548 virorum.
1034 1565 1037 1574 Ι
1091 1465 1093 1475 “

162 1647 277 1720 LUC.
289 1649 345 1716 IX.
378 1647 429 1715 10.
450 1649 493 1717 Et
512 1653 636 1718 reversi
650 1650 802 1742 Apostoli
823 1661 1033 1755 perseverunt
1047 1649 1109 1732 illi,
1131 1671 1228 1736 quse-

93 1774 219 1844 cunqne
245 1754 400 1838 iecerunt
421 1761 427 1772 ”
446 1752 488 1820 Ε1
508 1756 679 1844 assumptis
707 1755 772 1824 illis
800 1757 934 1822 secessit
954 1775 1102 1824 seorsum
1123 1756 1159 1820 in
1179 1753 1229 1822 lo-

93 1878 164 1922 cum
184 1855 521 1936 desertum-civitatis,
549 1879 633 1944 quae
658 1870 792 1927 vocatur
812 1855 995 1926 Bethsaida.
1044 1857 1096 1924 11.
1127 1855 1229 1944 Quod

34 1984 36 2040 ;
93 1968 190 2054 quum
202 1961 411 2046 agnovissent
423 1958 545 2040 turboe,
561 1972 715 2048 sequutae
729 1971 803 2030 sunt
816 1961 922 2028 illum:
945 1972 976 2028 et
997 1961 1123 2054 excepit
1143 1961 1229 2044 illos,

95 2070 128 2126 et
146 2059 343 2156 loquebatur
363 2059 428 2128 illis
451 2061 615 2150 de'regno
636 2063 715 2144 Dei,
744 2075 775 2131 et
796 2087 854 2144 eos
876 2067 934 2153 qui
954 2067 1120 2132 curatione
1143 2063 1229 2130 indi-

95 2159 212 2256 gebsnt
233 2163 376 2246 sanabat.
419 2165 472 2231 12.
491 2165 572 2230 Dies
594 2163 699 2232 autern
721 2177 871 2253 coeperet
892 2165 1067 2232 declinare:
1089 2173 1121 2231 11
1133 2167 1230 2234 ‘acces

34 2320 39 2359 ,
95 2263 205 2334 dentes
228 2267 415 2344 duodecim,
438 2265 588 2333 dixerunt
608 2260 670 2346 1111,
696 2268 829 2334 Dimitte
850 2265 977 2346 turbes,
1001 2277 1039 2334 nt
1060 2276 1173 2340 euntes
1195 2269 1233 2332 in

95 2369 228 2438 castello
248 2369 407 2457 villasque
427 2371 552 2436 vicinos..
579 2367 751 2446 divertant,
781 2369 1007 2462 etinveniunt
1025 2387 1132 2446 esons,
1156 2369 1233 2454 qnia

92 2471 146 2536 hic
172 2473 211 2538 in
239 2470 316 2548 loco
345 2471 475 2536 deserto
501 2489 629 2546 sumus.
679 2469 732 2534 13.
758 2469 814 2534 Ait
838 2478 943 2535 autent
969 2466 1013 2536 ad
1035 2468 1127 2548 illos,
1158 2471 1232 2552 Vos

78 2569 266 2649 date-illis,
286 2570 379 2660 qnod
394 2568 499 2638 edent.
542 2571 585 2636 At
605 2565 652 2634 illi
674 2569 829 2652 dixerunt,
849 2571 928 2638 Non
949 2582 1023 2640 sunt
1041 2567 1138 2640 nobis
1158 2573 1231 2664 plu-

91 2695 165 2750 res,
188 2692 285 2758 qnam
307 2673 450 2760 quinque
469 2693 586 2762 panes,
608 2683 640 2738 et
662 2671 727 2743 duo
749 2675 871 2763 piscese
892 2677 954 2743 nisi
975 2697 1038 2744 nos
1059 2697 1176 2758 eamus,
1199 2685 1233 2744 et

32 2755 37 2814 l
94 2795 241 2844 emamus
262 2777 298 2845 in
322 2757 448 2844 omnem
471 2777 560 2842 hune
586 2776 742 2866 populum
769 2800 870 2856 escas.
920 2780 972 2846 14.
998 2776 1102 2848 Erant
1127 2790 1239 2874 sutem·

95 2880 162 2966 lere¹
189 2879 251 2944 viri
282 2880 452 2968 quinquies
485 2877 582 2974 mille.
638 2881 694 2960 nit
716 2881 901 2972 sutemsd
933 2882 1109 2975 discipulos
1141 2903 1231 2962 snos,
1311 2901 1317 2919 ¹

96 2981 206 3050 Facite
231 2980 307 3050 illos
336 2979 553 3063 discumbere,
587 2983 622 3048 in
643 2983 771 3070 singulo
793 3007 924 3074 qnoque
951 2983 1118 3052 discubitu
1138 2986 1233 3070 quin-

99 3085 291 3174 quagenos
316 3083 385 3176 15.
411 3085 518 3174 Atque
541 3087 587 3151 ite
612 3084 783 3167 fecerunt,
802 3089 835 3154 et
858 3087 1003 3155 iecerunt
1016 3105 1143 3154 omnes
1168 3084 1233 3150 dis-

101 3187 258 3255 cumbere.
313 3187 365 3252 lo.
395 3185 540 3276 Acceptis
567 3197 671 3254 autem
702 3181 845 3276 quinque
874 3189 1013 3278 panibus
1044 3197 1076 3254 et
1103 3185 1232 3256 dnobus
1364 3207 1365 3212 ’

32 3367 34 3378 .
101 3289 269 3378 piscibus,
285 3287 420 3362 sublatis
442 3293 477 3356 in
499 3289 768 3381 coetumpcutis,
793 3291 1047 3376 benedixitillis
1073 3292 1233 3381 etfregit,
1276 3288 1296 3298 ''

102 3391 329 3481 distribuitque
349 3391 523 3482 dissipetis,
545 3403 581 3458 ut
602 3399 801 3482 apponerent
820 3393 944 3462 turbs'e.
988 3393 1040 3461 17.
1055 3395 1104 3480 1Ε1
1125 3416 1232 3462 come-

102 3483 362 3577 derunt'omnes,
384 3505 415 3562 et
436 3498 569 3562 saturati
590 3507 679 3572 eunte
702 3496 916 3564 etsublatnm
939 3505 987 3568 est
1008 3498 1098 3592 qnod
1119 3521 1233 3590 super-

102 3597 159 3667 tuit
177 3599 245 3682 iltis
265 3598 528 3688 fragmentorum,
549 3598 681 3687 cophini
703 3591 884 3678 duodecim.
909 3667 913 3678 ,
995 3601 997 3609 ’
1045 3673 1046 3678 ἵ

169 3769 278 3842 111111.
298 3773 345 3842 13.
381 3772 423 3835 Id
444 3790 536 3851 quum
558 3771 694 3836 audisset
712 3769 808 3833 Iesus.
853 3772 976 3842 Ioannes
1000 3777 1118 3840 eandem
1140 3764 1231 3832 histo*-
1279 3832 1282 3835 ,
1357 3835 1361 3840 ,

104 3845 172 3911 riom
190 3848 332 3924 reserens,
351 3868 408 3928 qno
427 3845 545 3914 consilio
563 3847 705 3914 transierit
723 3849 802 3910 Iesus
820 3845 850 3908 in
868 3849 893 3908 ri
913 3871 957 3910 am
975 3851 1150 3928 ulteriorem,
1168 3863 1231 3903 non
1270 3877 1272 3880 ·

105 3923 240 3988 meminit.
269 3926 381 3998 Marcus
401 3923 485 3991 etiam
504 3934 534 3984 et
547 3919 636 3987 Lucos
654 3923 817 3986 nonnihil-a
830 3873 973 3988 Mettphaeo
992 3927 1141 4006 differunt:
1164 3938 1231 3977 con·
1263 3987 1268 3994 .

102 4021 162 4064 sem
181 4001 257 4066 enim
272 3999 382 4064 itineris
400 3999 486 4061 luisse
502 4000 617 4075 docent,
636 4011 668 4060 nt
682 3999 820 4080 discipulis
835 4003 889 4064 suis
903 4003 1005 4084 aliquid
1042 3998 1123 4060 uietis
1142 3994 1231 4083 (11111,
1364 4017 1365 4026 ’

106 4087 250 4158 pnuqmm
270 4097 304 4138 ex
323 4096 373 4136 sua
389 4074 531 4158 legatione
550 4076 657 4142 reversi
675 4075 794 4138 sueino.
825 4079 884 4140 Sed
901 4079 932 4138 in
952 4099 988 4138 eo
1006 4099 1037 4138 rn
1058 4075 1076 4132 il
1095 4081 1138 4131 est
1150 4069 1232 4130 dusi-

107 4151 156 4228 dii,
184 4151 333 4234 quiessem
357 4161 466 4232 potest,
487 4163 526 4217 ,ut
544 4152 870 4234 Apostolns‘segregare
893 4149 1068 4234 voluerituin
1092 4147 1233 4210 deseruero
1325 4194 1328 4206 .

108 4225 222 4304 locum,
241 4227 311 4320 qul}
319 4227 434 4299 liberius
458 4247 509 4316 eqs
530 4228 566 4298 td
588 4229 695 4296 maiora
716 4219 924 4316 summense
947 4223 998 4284 suh
1022 4221 1098 4307 idem
1120 4231 1233 4308 terppns

32 4381 33 4398 ἵ
83 4305 240 4370 ,reciderit
264 4325 299 4368 ex
321 4315 415 4368 morte
437 4303 553 4370 loannis
575 4324 649 4370 noua
672 4322 792 4365 oceano.
833 4303 907 4388 11111
935 4303 965 4354 et
991 4291 1097 4357 debdos
1122 4311 1232 4356 mimos
