2804 4762
228 175 248 198 ³*
303 151 384 240 (ita
429 158 510 224 lesus
527 157 630 250 iterun
648 161 774 248 mortem
787 138 924 240 praedibit
941 157 1044 238 suam.)
1182 161 1239 223 1t3

17 270 36 382 i,
106 312 252 456 &prius
268 277 632 404 democete‘trmsignne
643 331 732 392 ¹quam
753 311 896 391 operarios
908 312 1027 388 ‘mittant
1049 310 1084 371 ad
1102 307 1237 373 laborem.

170 405 263 453 terum
281 390 305 449 si
324 389 387 469 quis
405 387 470 447 hine
488 385 613 470 colligat,
637 387 728 448 erem
751 387 880 467 homines
902 387 937 448 ad
959 387 995 448 ali
1035 387 1062 448 'd
1086 388 1235 469 agendum,

104 491 139 534 ac
159 489 236 528 suam
257 465 358 546 cuique
371 461 543 558 provinciam
558 461 784 534 diuinitusiniun
807 465 825 538 i,
843 483 880 524 ne
898 463 992 558 ignavi
1023 463 1155 538 esideant,
1175 485 1237 524 non

94 542 262 624 'torquebit-
273 540 378 602 Christi
397 539 490 600 verba.
518 537 675 620 Colligere
695 485 899 615 etiamiieebit,
910 539 1047 601 ’mutilem
1067 559 1128 601 esse
1145 549 1235 600 totam

103 621 193 685 vitam
212 629 346 692 nostram,
365 629 392 678 et
405 615 506 676 merito
520 635 578 677 nos.
588 613 708 696 inertiae
720 616 854 692 damnari,
863 635 1020 698 ¹quousque
1034 617 1072 678 ad
1083 616 1138 678 Dei
1149 623 1236 676 matr·

105 699 204 758 ilatum
224 706 253 756 et
271 693 446 756 vocationem
467 691 583 772 quisque
601 692 688 752 vitam
707 713 783 756 suam
804 713 866 754 eom
888 706 962 754 onat.
997 693 1082 754 Unde
1100 692 1235 774 sequitur,

105 769 347 856 satagendonihil
365 769 512 850 proficere,
536 768 584 848 qui
602 779 710 847 temere
726 769 781 828 hoc
802 768 873 838 veli
911 769 929 828 d
947 770 1021 832 vitae
1060 791 1128 830 enus
1147 769 1236 830 susei-

12 903 13 912 ,
103 849 203 930 piunt,
226 867 278 908 nee
296 855 459 924 exspectant
475 842 533 904 Dei
552 843 678 904 vocantis
695 853 805 902 nutum.
843 791 1129 924 ,Poanemoelicum
1150 846 1235 906 etiam

106 948 143 986 ex
163 917 267 986 chr-im
286 921 457 1002 verbiueos
476 921 589 989 demum
607 919 718 999 plaeere
736 922 816 994 Deo,
834 921 932 1000 qui-in
951 921 1068 982 fratrum
1086 921 1236 982 utilitatem

106 1001 259 1066 laborant..
274 999 429 1062 Denarium
450 995 516 1076 (qui
529 994 616 1076 paulo
631 995 695 1074 plus
714 1008 834 1075 quatum
853 995 970 1056 caroleis
989 991 1093 1077 galleis
1111 997 1235 1072 valebat)

107 1077 221 1148 diurnae
241 1073 350 1156 'operae
375 1067 664 1154 ordinariam,iuisse‘
679 1071 841 1150 mercedem
864 1065 1009 1152 probabile
1033 1083 1084 1131 est.
1139 1073 1236 1144 Horae

100 1153 214 1228 tertiae,
235 1161 330 1212 sertae
350 1161 380 1208 et
398 1167 492 1207 nonae
512 1145 764 1206 ideo-'nominatim
782 1145 814 1204 fit
832 1146 956 1220 mentio,
968 1146 1041 1227 quia,
1060 1167 1145 1226 quum
1164 1147 1237 1228 apud

105 1240 216 1292 veteres
229 1221 369 1291 'dietiib'oi
386 1223 493 1284 soleret
512 1221 624 1283 diesin
642 1221 726 1282 boras
744 1221 914 1298 duodecim,⁴
927 1222 970 1283 ab.
982 1234 1047 1282 ertu
1067 1221 1132 1283 solis
1149 1245 1238 1303 usque

104 1307 140 1368 ad
158 1325 303 1376 occasum,
326 1312 387 1372 erat
405 1297 457 1360 alia
474 1297 529 1358 diei
544 1297 659 1378 partitio
674 1297 708 1374 ,in
726 1310 828 1368 ternas,
839 1299 932 1374 boras:
955 1298 1164 1376 sicuti,rersum
1183 1320 1238 1372 uo,

105 1395 181 1517 ptem
208 1363 370 1514 divplceliant
394 1376 426 1462 in
450 1385 572 1456 quatuor
594 1373 710 1466 vigilias.
762 1375 861 1456 Itaque
887 1361 957 1470 bora
981 1375 1127 1438 undecima
1143 1373 1255 1436 ⁴finem-

16 1464 20 1477 '
124 1457 162 1518 iei
181 1455 204 1517 si
227 1456 254 1514 ui
291 1465 329 1513 at.
552 1461 554 1464 ’
589 1505 590 1509 ,
701 1451 706 1468 '
969 1469 974 1480 ·

183 1477 228 1595 Sil·
259 1532 359 1608 mmm
380 1519 482 1588 aulem
503 1539 704 1620 vespero-eto.
748 1527 843 1606 Quod
856 1528 938 1591 lubet
957 1528 1164 1612 paterfamiliae
1180 1527 1238 1590 iniss

105 1611 179 1669 tium
197 1605 258 1666 fieri
277 1627 299 1670 a,
311 1605 477 1686 postremis,
487 1605 601 1666 minime
615 1607 645 1666 in
660 1627 697 1666 eo
709 1608 897 1686 quaerendum
911 1619 955 1668 est
967 1609 1141 1690 mysterium,
1160 1603 1238 1686 quasi

107 1685 219 1768 primos
235 1681 314 1742 Deus
334 1693 462 1756 coronet,
482 1683 528 1762 qui
548 1683 654 1760 ordine,
666 1683 803 1767 temporis
821 1683 956 1766 postremi
977 1696 1049 1746 sunt.
1087 1685 1161 1744 Nam
1181 1683 1237 1742 boc

14 1823 15 1831 ,
107 1770 299 1822 commentum
325 1758 438 1818 minime
463 1769 682 1820 consentaneum
707 1768 781 1820 esset
803 1761 881 1834 Pauli
907 1763 1060 1822 doctrinae.
1091 1761 1166 1838 ‚Qui
1188 1781 1238 1838 su·
1274 1797 1277 1804 ·
1334 1818 1337 1824 .

14 1834 18 1892 ,'
106 1837 237 1920 perstites
257 1846 354 1910 erunt,
377 1834 481 1916 inquit,
503 1829 951 1915 usqueadllbristindventum,
977 1859 1036 1900 non
1056 1836 1238 1918 praevenient
1274 1841 1275 1844 ’

108 1935 167 1994 eos,
187 1913 330 1993 quiprius
349 1911 554 1972 obdormieriut
571 1912 602 1977 iu
616 1913 738 1987 Christo,
759 1915 817 2048 sed,
827 1925 988 1995 sequentur.
1003 1959 1006 1966 ·
1021 1914 1147 1976 Christus
1165 1931 1236 1975 vero

107 1991 248 2052 diversum
267 1987 395 2050 ordinem
413 1987 468 2048 hoe
486 1987 553 2048 loeo
572 1989 682 2064 statuit,
706 1989 769 2070 quia
780 2011 807 2048 «a
818 1991 872 2070 iter
895 1992 1050 2072 exprimere
1064 1995 1133 2052 ¹non
1152 2001 1244 2070 pote,
1266 2040 1271 2060 ,

107 2077 156 2126 rat
174 2065 263 2144 (quod
280 2063 546 2140 tandemsubiieit),
566 2067 680 2142 primos,
701 2067 766 2145 q'ui‘a
786 2067 838 2126 sibi
857 2088 916 2125 non
935 2065 996 2146 pbis
1015 2067 1138 2142 daretur,
1158 2067 1237 2123 mtt'r-¹

108 2161 240 2204 morasse.
278 2141 360 2202 Adde
379 2140 476 2216 etiam,
500 2143 578 2221 quod
600 2139 654 2200 boe
671 2160 799 2200 murmur
819 2156 944 2202 asserere
963 2143 1055 2204 noluit
1072 2143 1172 2201 ultimo
1191 2141 1238 2200 die

109 2218 243 2300 futurum,
263 2216 312 2279 sed
331 2228 563 2297 tautmnnegare
583 2237 692 2276 eausam
713 2217 775 2276 iore
793 2217 992 2288 murmurandi.
1023 2217 1238 2296 prosopopoeia

109 2296 198 2366 enim,
214 2287 305 2372 'quam
323 2292 444 2367 inducit,
468 2313 528 2350 non
547 2312 659 2370 parvam
679 2291 769 2355 lucem
789 2291 874 2352 affert
895 2291 961 2350 huie
980 2292 1139 2365 doetrinae,
1162 2291 1239 2368 quod
1297 2309 1298 2312 ’

12 2369 16 2396 ’
108 2369 165 2431 Dei
186 2365 333 2430 liberalitas
360 2367 443 2428 nullis
472 2367 618 2426 hominum
640 2365 764 2444 ¹querelis
787 2367 826 2426 sit
850 2365 985 2442 obnoxia,
1014 2367 1078 2425 dom
1105 2359 1238 2460 indignos

12 2429 15 2504 l
108 2457 231 2526 praeter,
248 2444 379 2524 meritum
409 2441 506 2520 amplis
534 2441 664 2521 praemiis
683 2441 820 2500 honorae
859 2443 980 2516 'Frustra
992 2442 1239 2526 ·ergo·'imagrnati

13 2511 30 2590 l'
109 2533 176 2584 sunt
193 2519 313 2599 quidam,
332 2516 451 2578 Iudaeos
469 2515 511 2576 his
530 2515 622 2576 verbis
642 2516 802 2608 perstringi,
822 2517 869 2598 qui
888 2516 1002 2601 maligni
1021 2527 1050 2580 et
1067 2519 1152 2580 invidi
1175 2520 1239 2579 iue-

13 2603 14 2616 ’
110 2607 180 2659 runt
199 2617 230 2654 er·
250 2615 266 2654 a
284 2592 406 2672 Gentes:
435 2611 500 2652 nam
517 2591 579 2652 liliis
597 2593 653 2652 Der
671 2591 741 2653 tales
762 2583 942 2662 rn''meree}ie
961 2594 1241 2676 aequari’absurdum‘

13 2705 14 2736 t
106 2669 197 2741 sorel.
230 2615 271 2730 lu
292 2667 387 2750 fideles
405 2687 476 2729 vero
499 2687 559 2728 non
577 2669 724 2748 competit¹
737 2664 806 2730 haee
830 2671 997 2750 malignitas,
1022 2685 1053 2734 ut
1072 2674 1167 2734 obstre
1188 2685 1246 2734 ant·

13 2739 15 2758 '
109 2752 188 2811 Deo.
226 2743 317 2825 Atqui
339 2743 453 2825 simplex
475 2763 572 2806 sensus
596 2757 652 2820 est,
672 2745 794 2806 liberum
812 2765 870 2808 esse
887 2751 966 2822 Deo,
983 2771 1076 2829 ,quum
1095 2750 1238 2811 nemmem*

13 2835 15 2846 ’
109 2826 181 2886 iuste
201 2821 333 2883 mercede
350 2819 472 2894 fraudet,
496 2824 649 2901 quos'·sero
668 2821 781 2884 vocavit
799 2822 924 2896 indebito
963 2827 1067 2886 memio
1088 2847 1199 2886 ornare.

187 2903 233 2962 16.
274 2898 329 2960 Sto
347 2901 508 2958 *novissimi
534 2909 621 2958 erunt
644 2902 745 2976 primi.
789 2901 857 2960 Non
882 2845 995 2961 conlbrt
1014 2901 1094 2962 vnunc
1117 2903 1239 2972 ludaeos

111 2975 263 3051 Gentibus,
282 2973 409 3035 ut=alibi2
428 2993 481 3036 nee
494 2975 642 3056 reprobos,
662 2975 709 3056 qui
729 2997 745 3048 a
763 2975 817 3036 lide
835 2977 977 3053 deficiunt,
999 2978 1093 3038 eleetis
1109 2978 1156 3058 qui
1170 2998 1239 3057 per-

111 3063 247 3116 severant.
286 3053 386 3129 Itaque
408 3050 523 3112 minime
547 3049 679 3130 quadrat,
700 3071 771 3130 qtrae
794 3075 809 3112 a
833 3054 995 3132 quibusdam
1019 3053 1150 3112 inseritur
1173 3071 1239 3113 sen-
1260 3053 1288 3058 ”

110 3131 243 3206 undam,
265 3130 369 3186 multi
382 3130 494 3197 vocati,
521 3129 614 3204 pauo!
635 3130 731 3186 electi.
776 3129 900 3190 Tantum
924 3131 1014 3191 voluit
1039 3129 1181 3206 Christus,
1205 3141 1238 3208 ut
1286 3145 1290 3160 '

111 3208 226 3287 quisque
249 3217 315 3264 ante
338 3202 407 3264 alios
428 3215 543 3266 vocatus
566 3213 622 3276 est,
649 3203 687 3262 ita
711 3195 824 3265 alacrius
846 3225 976 3268 ‚curreret
1008 3195 1239 3272 deinde*omnes

111 3282 217 3347 hortari
236 3281 273 3340 ad
289 3279 468 3354 modestiam,
491 3299 529 3338 ne
548 3299 583 3338 se
597 3277 642 3337 alii
653 3278 718 3342 eliis
737 3281 910 3360 praeferant,
934 3281 982 3341 sed
1001 3293 1033 3341 ut
1050 3281 1170 3343 libenter
1183 3285 1239 3357 ,etl-¹

111 3360 224 3419 mittant
249 3357 284 3418 ed
307 3377 488 3416 communem
502 3353 636 3436 palmam.
675 3357 736 3416 Visi
761 3355 871 3418 fuerant
884 3356 1040 3440 Apostoli,
1066 3359 1129 3439 quia
1150 3360 1240 3420 tdtius‘

103 3432 416 3513 eeclesiaeprmittee
442 3443 535 3507 erant,
562 3431 616 3492 sibi
637 3432 747 3512 eliquid
775 3431 910 3492 eximium*
931 3451 1056 3500 sumere:
1086 3451 1140 3497 nee
1168 3449 1240 3497 vero

113 3511 243 3574 Christus
263 3508 390 3590 negavit,
414 3502 482 3588 quid
505 3507 607 3568 sessuri
631 3521 725 3570 essent
747 3509 849 3570 iudices
873 3510 908 3569 ad
931 3512 1066 3591 regendas
1090 3513 1239 3574 duodecim
1301 3574 1307 3582 ,

110 3588 201 3648 tribus
219 3586 322 3644 israela
340 3585 398 3644 Sed
417 3605 455 3644 ne
474 3604 527 3664 qua
547 3602 596 3646 eos
615 3585 731 3646 ambitio
751 3596 799 3644 aut
815 3595 888 3646 vana'
903 3586 946 3645 s'ui
965 3587 1132 3648 confidentia
1152 3587 1240 3652 effert
1271 3595 1278 3620 '

13 3666 31 3750 ,'
109 3674 170 3738 ret,
196 3659 277 3721 simul
295 3659 429 3720 monendi
446 3661 575 3735 luerunt,
587 3659 680 3735 alios,
704 3661 751 3740 qui
765 3659 863 3744 longo
884 3673 950 3758 post
973 3675 1102 3744 tempore
1121 3659 1241 3724 uocandi

13 3785 16 3794 .
113 3747 219 3809 essent,
237 3735 366 3796 eiusdem
379 3735 484 3817 gloriae
503 3737 566 3796 fore
584 3737 690 3812 socios,
713 3737 777 3816 quia
796 3737 902 3797 nemim
922 3738 1072 3802 obstrictus
1090 3747 1133 3814 est
1151 3740 1242 3809 Deus,¹

112 3814 163 3875 sed
186 3829 367 3892 quoscunque
389 3812 478 3871 visum
496 3824 544 3894 ¹est
567 3813 657 3897 gratie
677 3826 774 3890 vocat,
802 3823 831 3876 et
850 3815 957 3898 voeatis
980 3811 1136 3896 praemium
1159 3811 1240 3893 quale

13 3907 15 3949 t
99 3887 421 3968 ,munuumpendtu
595 3907 606 3918 ’·
693 3925 697 3934 ·
953 3913 957 3920 ¹
1047 3915 1049 3920 ¹
1147 3907 1151 3916 ·

12 2113 17 2162 l

170 4119 326 4246 *usai
352 4115 522 4240 lintris.
544 4145 624 4242 xx„
660 4105 989 4234 172et'ast'enaem
1010 4111 1104 4222 mm⁸
1126 4097 1265 4221 mu

115 4261 285 4349 solymam,
312 4261 486 4350 aestuu'psit
501 4261 671 4338 duodecim
693 4261 870 4366 discipulos
892 4273 1037 4320 seorsum
1058 4255 1093 4317 iu
1114 4259 1183 4340 vie,
1210 4254 1244 4322 e‘t
