2764 4774
156 223 215 285 ru
295 215 404 285 suut.
427 217 494 293 XX.
533 229 659 304 eumsrt
677 212 967 310 uetmuuerro'ur
982 229 1166 293 sseuusro„

157 365 266 435 latione
288 379 349 443 n'on
373 371 467 434 modu'
483 369 639 452 Apostolos
658 367 747 439 erexit
765 367 895 432 Christus
913 319 1082 430 adlliheram
1101 369 1243 436 muneris
1263 373 1300 432 cn'
1373 397 1374 420 t

143 451 329 530 .exoequeudi
348 449 489 522 fiduciam,
513 447 565 506 sed*
584 446 667 508 fldem
692 443 838 528 Evangelii
860 445 905 506 sui
927 445 958 505 in
985 467 1084 508 omues
1109 459 1229 509 aetates
1248 460 1301 509 sta·

156 526 257 590 bitivir.
294 529 445 606 Nunquam
468 533 546 584 certe
570 533 628 584 tarn
652 521 770 582 arduum
794 539 895 582 munus
919 523 1035 606 aggredi
1053 523 1216 602 Apostolis
1235 545 1301 606 per-

158 623 270 665 suasum
288 602 377 676 soret,
400 599 457 660 nisi
475 598 581 658 scireut
596 597 626 658 in
646 597 727 660 coelo
747 599 846 660 sedere
863 619 946 658 suum
966 598 1122 674 vindicem,
1149 600 1203 660 cui
1223 623 1299 675 sum-

158 675 238 741 mum
256 678 401 760 imperium
421 676 516 734 datum
537 687 623 736 esset:
643 695 707 736 nam
726 674 787 734 sine
804 673 851 734 tali
868 673 1007 755 praesidio
1027 675 1213 756 impossibile
1231 677 1303 739 fuis-

158 769 204 820 set
221 755 368 836 quiequam
383 751 536 832 proicere
574 751 662 832 arqui
680 751 730 812 nbi
748 750 863 818 audiunt
882 749 963 810 coelo
985 762 1016 812 et
1035 763 1132 812 terrae
1150 773 1296 834 praeesse,

153 832 206 905 eui
229 850 346 910 operam
369 849 446 890 suam
471 827 579 902 locant,
603 827 659 888 boc
683 849 740 888 uno
765 828 798 886 ad
825 827 978 907 superanda
1002 829 1118 908 quaevis
1147 829 1297 890 obstacula

157 907 224 969 satis
246 920 385 997 superque
409 904 539 966 instructi
562 915 636 964 sunt
685 903 772 977 Quod
792 922 864 963 vero
889 903 922 961 ad
944 901 1087 966 auditores
1106 919 1245 985 spectat,
1275 907 1298 967 si

158 981 379 1062 contemptdulis
398 993 506 1056 eorum,
525 981 573 1060 qui
585 979 770 1062 Evangelium
783 980 959 1054 annuntiant,
975 971 1069 1040 lorma
1088 999 1197 1042 eorum
1211 983 1296 1042 fidem

157 1059 285 1122 dehittut
301 1058 348 1122 vei
365 1057 507 1132 moratur,
530 1069 640 1117 sursunt
661 1055 758 1116 oculos
785 1055 819 1115 ad
839 1056 930 1134 ipsum
948 1067 1095 1122 auctorem
1113 1057 1233 1120 referre
1251 1060 1296 1119 di-

159 1147 255 1212 mauu,
278 1156 294 1197 a
319 1135 402 1226 cuius
416 1145 557 1224 potestate
575 1132 742 1195 aestimanda
763 1143 805 1192 est
825 1131 968 1214 Evangelii
987 1132 1127 1215 maiestas.
1169 1134 1217 1194 Ita
1237 1135 1293 1209 iet,

159 1225 194 1273 ut
211 1234 264 1295 per
282 1231 348 1272 suos
363 1221 506 1272 rnrmstros
519 1206 683 1290 loquentem
701 1207 843 1289 despicere
859 1229 922 1268 non
939 1207 1065 1270 audeant.
1104 1209 1225 1272 Diserte
1241 1233 1294 1271 an·
1373 1227 1374 1270 t

136 1335 138 1339 -
158 1299 219 1349 tem
237 1299 344 1349 setam
367 1286 441 1348 coeli
459 1307 541 1366 quarn
559 1297 652 1346 terrae
670 1285 815 1345 dominum
839 1296 867 1346 et
886 1303 983 1378 regem
1002 1283 1083 1360 facit,
1108 1287 1177 1365 qnia
1198 1288 1292 1378 Evau3

159 1364 226 1446 gelli
251 1363 460 1446 praedicatione
485 1361 613 1422 homiues
636 1361 687 1423 sub
714 1359 878 1453 obsequium
896 1363 977 1420 suum
997 1381 1118 1446 cogens,
1142 1365 1232 1446 regni
1249 1384 1292 1424 sur
1373 1367 1374 1408 Ὗ

158 1441 261 1503 solium
285 1440 428 1501 constituit
450 1439 481 1498 iu
505 1450 593 1504 terra:
627 1450 657 1498 et
677 1459 743 1498 suos
762 1457 922 1505 rn9novam
940 1437 1026 1518 vitam
1045 1458 1242 1518 regenerans,
1262 1449 1292 1500 et
1373 1439 1374 1490 l

159 1519 195 1592 ad
213 1539 292 1600 spem
311 1515 403 1576 salutis
422 1513 555 1588 invitans,
576 1514 672 1575 coelos
690 1514 794 1596 aperit,
817 1524 852 1573 ut
870 1513 903 1573 ad
923 1511 1031 1578 beatem
1049 1512 1293 1583 immortalitatem
1373 1573 1374 1578 ,

160 1615 225 1686 enm
245 1592 351 1686 angelis
370 1589 492 1666 attollat,
517 1591 564 1684 qui
587 1591 665 1672 prius
685 1611 744 1651 nou
766 1589 856 1650 solum
875 1587 1023 1670 reptbbaut
1041 1587 1070 1650 lu
1091 1591 1221 1667 mundo,
1246 1591 1292 1653 sed

159 1691 191 1728 rn
210 1684 308 1734 mortus
326 1667 565 1750 abyssmdemersr
585 1679 673 1730 erant.
714 1666 924 1802 Memiuqrimus
948 1685 1038 1747 vero,
1055 1667 1134 1745 quod
1160 1667 1292 1730 Christus
1373 1713 1374 1724 ,

158 1745 221 1806 iure
245 1768 298 1808 suo
323 1765 435 1824 semper
457 1744 531 1824 apud
551 1743 663 1804 Patrem
686 1743 796 1818 hahuit,
847 1761 884 1803 oc
905 1741 945 1801 illi
964 1741 994 1802 ln
1014 1761 1098 1804 carne
1115 1755 1222 1822 nostra
1245 1745 1291 1804 da-

159 1833 222 1882 tum
241 1843 316 1898 esse,
340 1822 385 1882 vel
405 1823 456 1892 (ut
475 1819 573 1880 clarius
592 1819 707 1898 loquar)
725 1819 756 1890 iu
774 1839 896 1898 persona
914 1817 1085 1893 Mediatoris.
1122 1819 1197 1881 Non
1217 1821 1290 1881 enirn

158 1909 301 1958 aeternam
319 1897 472 1975 potentiam
490 1894 587 1968 iactat,
607 1916 659 1972 qua
678 1893 819 1973 praeditus
838 1895 892 1954 luit
911 1906 976 1955 aute
994 1906 1119 1956 creatum
1139 1898 1289 1969 mundum,
1373 1925 1374 1960 v

45 1999 51 2006 ·
159 1973 208 2034 sed
227 1991 309 2050 quarn
328 1989 404 2028 nunc
428 1963 550 2060 accepit,
572 1971 640 2031 dum
663 1970 805 2036 ordinatus
825 1970 880 2029 fuit
903 1969 999 2032 mundi
1017 1971 1107 2032 iudex.
1147 1973 1217 2034 Imo
1236 1993 1288 2038 no·
1373 1979 1374 2020 l

158 2049 275 2112 tandum
301 2056 357 2122 est,
383 2047 530 2138 imperruiu
556 2045 613 2106 hoc
635 2065 695 2104 non
720 2044 805 2108 luisse
821 2044 937 2126 ,liquido
963 2047 1125 2130 cognitum,
1155 2049 1288 2110 doneca

158 2123 277 2192 mortuis
299 2134 464 2198 resurrexit,
488 2122 551 2200 quie
574 2134 644 2184 tunc
663 2117 774 2186 demum
795 2122 895 2182 summi
914 2125 958 2184 tte
980 2125 1002 2184 's
1024 2121 1184 2205 insignibus
1203 2145 1288 2186 orna-

96 2211 99 2218 '
159 2213 205 2268 tus
229 2201 260 2260 in
282 2199 400 2261 sublime
418 2197 530 2282 prodiit.
570 2197 639 2274 Quo
659 2199 742 2259 etiam
760 2199 884 2280 pertinet
903 2198 948 2260 illu
988 2199 1065 2260 Penii
1080 2199 1219 2276 (Phttt,
1236 2201 1288 2274 lh),

94 2303 102 2328 s
158 2277 319 2338 Exinanivit
335 2277 365 2338 sb
385 2277 489 2357 ipsum:
512 2289 664 2360 propterea
685 2275 813 2336 emtam
831 2275 907 2334 illum
921 2277 1009 2350 Deus,
1029 2287 1059 2334 et
1078 2275 1215 2337 deditilli
1233 2298 1284 2340 uo-

158 2375 227 2415 meu
245 2354 321 2434 qnod
341 2364 383 2420 est
401 2373 486 2432 supra
504 2373 590 2413 omne
608 2373 728 2430 nornen,
747 2364 802 2412 etc.
841 2351 1008 2430 Quanquam
1028 2363 1124 2414 autern
1142 2350 1209 2416 ailibi
1227 2371 1281 2414 ses-

157 2431 202 2497 'sio
221 2431 255 2492 ad
266 2429 356 2492 Patris
373 2429 517 2490 dexteram
534 2429 564 2488 in
585 2428 694 2497 coelum
714 2427 839 2499 ascensui
858 2428 1166 2509 subiicituritanquam
1187 2429 1283 2500 ordine

158 2507 312 2600 posterior:
341 2505 405 2586 quia
432 2518 525 2566 tamen
554 2505 725 2566 resurreetio
751 2515 780 2572 et
805 2505 834 2562 in
855 2503 1127 2566 ¹coelum·asceusus
1150 2527 1198 2568 res
1220 2519 1285 2566 sunt

101 2625 108 2644 κ
158 2585 234 2644 mter
255 2603 287 2648 se
305 2587 403 2644 mutuo
423 2603 581 2659 connexae,
603 2581 705 2643 merito
727 2589 805 2656 uuud
827 2581 863 2652 de
881 2601 930 2642 sua
948 2581 1076 2674 potentia
1097 2592 1157 2642 tarn
1176 2583 1286 2666 magni-

63 2667 66 2680 ‘
157 2659 211 2724 fiee
231 2653 417 2729 conciduntur
435 2658 571 2719 Christus.

63 2750 70 2759 ··
173 2743 183 2770 *
234 2739 281 2797 19.
318 2737 472 2800 Exeuntes
497 2756 592 2820 ergo„
621 2734 789 2814 Quanquam
818 2733 947 2808 Marsus,
974 2741 1131 2814 'postquam
1161 2733 1285 2803 namurit

160 2811 306 2873 Christum
326 2811 484 2890 apparuisse
510 2809 641 2876 undecim
668 2810 819 2898 discipulis,
846 2831 914 2873 mox
938 2808 1051 2870 subiicit·
1070 2811 1229 2878 mandatum
1249 2813 1284 2869 de

88 2871 94 2896 ⁸
159 2887 314 2970 Evangelio
338 2887 537 3024 praedicando,
561 2893 734 2952 nontamen
757 2885 924 2958 continuum
942 2897 1035 2945 actum
1056 2886 1197 2968 designat:
1220 2889 1284 2968 quia

159 2985 194 3024 ex
214 2964 338 3030 lll'atthae
367 2975 501 3026 contextu
517 2963 682 3046 colligimus,
699 2961 757 3032 hoe
776 2983 834 3022 nou
854 2961 930 3044 prius
950 2982 1008 3023 esse
1028 2962 1131 3022 factum
1151 2983 1234 3043 quam
1255 2964 1283 3022 in

159 3039 312 3101 Galilaeam
331 3039 435 3122 egressi
454 3053 556 3102 essent.
598 3039 713 3100 Summa
731 3050 823 3114 autem
845 3043 902 3114 est,
926 3037 1159 3119 ut-Evangeliurn
1179 3039 1284 3120 ubique

173 3117 366 3199 'roruulgando
388 3117 418 3176 in
436 3115 500 3178 fidei
521 3116 709 3198 obedientiam
728 3127 826 3208 gentes
847 3135 945 3176 omnes
963 3115 1109 3191 adducant,
1131 3114 1233 3176 deinde
1252 3127 1282 3174 ut

157 3137 316 3254 isunnam
340 3213 416 3256 suam
441 3194 594 3276 obsigneut
616 3215 649 3254 ae
667 3203 793 3252 sanciant
811 3190 955 3272 Evangelii
974 3191 1065 3274 signo.
1104 3191 1193 3272 Apud
1209 3195 1277 3253 ttae-

157 3269 271 3328 thaeum
294 3270 376 3330 initio
399 3269 531 3330 iubentur
553 3269 714 3350 simpliciter
735 3270 854 3341 docere,
879 3266 927 3327 sed
949 3270 1023 3348 apud
1042 3269 1171 3328 Marcum
1190 3266 1279 3358 expri-

156 3343 246 3403 mitur
269 3347 412 3406 doctrinae
435 3367 538 3428 genus,
560 3363 662 3427 nempe
681 3358 713 3404 ut
734 3343 916 3426 Evangelium
934 3341 1104 3426 praedicent.
1143 3347 1183 3407 Et
1200 3341 1281 3424 paulo

116 3426 124 3436 “
157 3431 225 3500 post
247 3421 321 3499 apud
331 3421 517 3484 ,Matthaeum
542 3423 632 3504 ipsum
654 3421 762 3482 additur
783 3419 941 3495 restrictio,
970 3433 1001 3480 ut
1026 3421 1149 3480 doceant
1172 3439 1283 3480 servare

157 3513 340 3586 quaeeunque
367 3491 509 3580 praecepit
531 3498 678 3558 Dominus.
721 3495 796 3556 Hinc
818 3493 967 3570 ducamus,
1000 3495 1200 3578 Apostolatuur
1223 3515 1283 3556 non

45 3583 50 3590 '
159 3591 222 3634 esse
244 3589 356 3632 manem
386 3571 501 3634 honoris
524 3575 652 3648 titulum,
681 3574 729 3634 sed
754 3591 903 3652 operosum
929 3593 1044 3648 munus,
1068 3571 1188 3652 ideoque
1213 3572 1283 3631 nihil

77 3699 92 3718 s
158 3649 248 3734 magis
266 3667 326 3710 esse
348 3645 498 3724 absurdum
520 3649 566 3710 vei
587 3651 678 3709 minus
696 3647 857 3725 tolerabile,
879 3669 961 3732 quam
988 3661 1020 3708 ut
1043 3649 1094 3710 sihi
1113 3648 1210 3710 larvati
1229 3649 1283 3709 bo-

136 3724 141 3737 ’
158 3729 249 3790 mines
268 3735 400 3806 usurpent
418 3723 495 3800 hune
514 3725 663 3800 honorem,
687 3726 735 3806 qui
760 3725 851 3795 otiose
869 3737 1020 3806 regnantes
1039 3725 1159 3786 docendi
1179 3747 1281 3796 munus

157 3821 223 3864 ase
242 3801 379 3891 (elicitum.
416 3800 444 3874 A
472 3801 545 3882 Papa
568 3803 700 3864 Romano
723 3802 837 3882 eiusque
861 3801 979 3861 cohorte
1001 3825 1033 3862 su
1056 3801 1123 3877 erbe
1141 3802 1283 3863 successio

156 3879 227 3951 haec
244 3880 374 3964 iactatur,
392 3875 468 3960 quasi
487 3899 665 3941 communem
685 3900 748 3939 cum
767 3877 854 3939 Petro
875 3889 903 3938 et
921 3878 981 3938 eius
999 3821 1114 3962 collegis
1131 3897 1282 3958 personam

1027 4574 1088 4668 Ν

158 3956 326 4016 sustineant:
357 3957 469 4024 interim
488 3955 634 4020 doetrinae
658 3955 746 4016 nihilo
767 3955 857 4031 maior
880 3953 931 4014 illis
951 3975 1017 4018 cura
1037 3966 1093 4029 est,
1120 3975 1203 4034 quam
1224 3955 1282 4018 bu·
1373 4003 1374 4022 ,

93 4081 101 4096 .
157 4033 261 4112 percis,
279 4015 331 4091 vel
343 4032 445 4093 Bacchi
469 4044 499 4093 et
518 4033 638 4111 Veneris
656 4030 854 4104 sacerdotibus¹
894 4033 1002 4090 Verum
1024 4051 1077 4110 qua
1096 4029 1204 4102 frome,
1230 4030 1282 4089 ob-
1373 4085 1374 4090 ,

157 4127 257 4183 secro,
281 4107 309 4166 ln
337 4129 436 4168 eorum
460 4108 553 4170 locum
576 4129 606 4168 se
629 4109 798 4190 subrogant,
831 4127 901 4188 quos
924 4107 1041 4167 audiunt
1063 4117 1173 4168 creatos
1198 4105 1283 4168 tuse
1373 4117 1374 4150 ῑ

158 4182 305 4268 Evangelii
329 4185 501 4272 praecones?
545 4182 601 4246 Sed
629 4185 753 4264 quumvis
767 4195 769 4200 ’
785 4204 835 4244 eos
862 4192 921 4254 non
938 4183 1055 4264 pudeat
1081 4181 1282 4268 impudentiam

158 4280 237 4330 suam
257 4261 388 4338 prodere,
399 4269 501 4332 'tamen
520 4261 593 4342 apud
613 4267 713 4322 omnes
730 4260 789 4322 sani
800 4259 894 4324 ludicii
912 4258 1033 4328 lectores
1048 4258 1104 4324 boe
1120 4259 1283 4320 unoverho

152 4333 223 4424 'snus
244 4334 333 4397 valide
357 4338 548 4420 prosternitur
570 4336 657 4400 iutilia
681 4355 780 4398 corum
799 4335 967 4426 hierasepia,
986 4336 1068 4416 'quud
1087 4333 1180 4420 nudus
1200 4331 1282 4416 tipo-
