2830 4772
194 187 254 252 m
412 184 524 250 SEC’l'.
543 183 626 246 XIX.
664 195 920 249 omnesaue
939 195 980 242 nr
998 197 1092 243 mons.

278 335 417 406 HARC.
437 337 522 404 xlv.
578 335 631 401 tl.
652 333 695 399 Et
714 335 801 400 vertit
821 335 932 410 tertio,
961 331 1101 420 dicitque
1121 331 1199 410 illis,
1231 331 1329 398 Dor-

173 437 272 506 'mite
292 440 439 528 postbac,
460 449 492 503 ct
512 439 721 526 requiescite:
746 435 876 513 scilicit,
898 439 985 502 venit
1006 436 1098 500 bora:
1125 455 1200 500 cece
1220 435 1326 500 tradi·

195 553 249 612 tur
269 543 369 610 lilius
397 541 534 606 bominis
561 543 596 605 iu
622 556 735 604 manus
758 551 973 628 peccatorum.
1024 539 1075 606 42.
1097 539 1238 624 Surgite,
1269 561 1324 604 ea-

196 667 281 712 nns:
314 665 389 708 ecce
410 643 658 730 appropinquat,
691 643 748 728 qui
773 663 825 706 ure
848 639 966 729 prodit.
1013 639 1067 705 43.
1091 641 1133 705 Et
1160 644 1323 708 continuo
1382 649 1383 652 ’

196 747 300 814 adbuc
321 767 361 812 eo
383 746 549 833 loquente,
586 740 706 808 accedit
728 742 839 822 ludas,
866 743 922 828 qui
948 762 1033 808 uuus
1059 753 1127 808 erat
1151 765 1171 810 e
1192 743 1322 810 duode-

193 852 265 926 cim,
287 857 319 915 et
338 869 410 914 cum
432 869 472 914 eo
493 843 587 914 turba
607 842 704 910 multa
726 867 800 910 cnm
819 843 932 934 gladiis
955 855 987 910 et
1012 843 1163 924 tmubus,
1191 869 1211 911 a
1232 869 1321 914 suni·

191 953 253 1019 mis
276 949 513 1028 sacerdotibus,
548 958 581 1014 et
610 947 740 1028 scribis,
772 959 805 1016 et
835 945 1029 1015 senioribus.
1091 949 1145 1014 44.
1170 949 1318 1016 Dederat

194 1065 314 1134 autem,
334 1055 391 1144 qui
410 1051 571 1142 prodebat
591 1072 676 1126 eum,
698 1053 778 1136 ipsis
801 1052 1024 1136 intersignum.
1046 1047 1171 1129 dicens,
1193 1052 1317 1138 Quem-

194 1179 321 1244 cunque
342 1155 505 1222 osculatus
530 1153 638 1232 luero,
660 1155 687 1218 is
711 1163 771 1218 cst:
810 1151 1067 1242 comprehendite
1087 1176 1173 1234 eum,
1202 1167 1237 1220 et
1258 1155 1317 1220 ab·

194 1259 301 1330 ducite
321 1269 423 1326 caute.
465 1257 517 1326 45.
538 1257 739 1332 tevestem,
760 1254 930 1320 coulestirn
951 1253 1073 1320 aceedit
1092 1255 1134 1320 ad
1155 1256 1254 1336 illum,
1276 1281 1316 1323 ac

195 1363 290 1440 dicit,
321 1359 443 1441 llabbi,
475 1357 589 1427 Rabbi.
632 1360 673 1425 Et
701 1357 862 1426 osculatus
889 1367 938 1424 est
967 1379 1046 1422 enm.
1089 1359 1141 1423 46.
1161 1358 1212 1426 llli
1234 1382 1313 1428 vcro

193 1467 370 1534 iniecerunt
389 1465 424 1528 iu
445 1485 517 1528 eum
538 1483 650 1528 manus
672 1483 761 1540 suas,
782 1472 814 1528 et
834 1471 986 1548 ceperunt
1006 1481 1088 1526 eum.

276 1631 375 1702 LUC.
397 1634 491 1700 XXll.
533 1633 585 1697 47.
606 1629 847 1704 Adbucautenr
869 1653 910 1696 eo
931 1629 1092 1718 loquente,
1115 1653 1190 1698 ecce
1210 1629 1313 1707 turba,

194 1747 225 1803 et
245 1739 302 1822 qui
321 1733 498 1801 vocabatur
518 1734 629 1816 ludas,
650 1755 734 1802 nnus
756 1757 774 1798 e
796 1733 983 1810 duodecim,
1010 1733 1218 1799 antecedebat
1238 1757 1311 1800 eos:

192 1847 224 1924 et
252 1837 519 1924 appropinquavit
543 1837 631 1914 lesu,
665 1847 699 1901 nt
728 1835 925 1902 oscularetur
946 1855 1026 1901 eum.
1069 1835 1120 1900 48.
1142 1838 1230 1904 lesus
1254 1860 1310 1902 au-

191 1949 255 2003 tem
278 1936 361 2003 dixit
381 1937 445 2016 illi,
466 1934 560 2016 Inda,
582 1936 695 2006 osculo
717 1937 835 2034 Filium
858 1939 993 2006 bominis
1013 1936 1143 2026 prodis?

264 2223 366 2289 blattb.
385 2229 435 2294 tn
468 2227 606 2288 normae
622 2230 699 2304 inm,
721 2221 956 2308 et'requr'esctte.
997 2225 1067 2288 Satis
1088 2226 1222 2288 conreuit
1246 2227 1306 2288 iro-

189 2303 253 2366 nice
269 2303 316 2368 bic
336 2303 481 2366 Christum
500 2304 591 2388 loqui:
622 2304 672 2366 sed
690 2306 841 2366 tenendum
858 2303 939 2378 sinam
958 2315 1012 2377 est,
1046 2321 1172 2383 quorsum
1191 2315 1305 2381 spectet
1382 2357 1383 2364 ,

191 2379 291 2442 ironia.
340 2379 416 2456 Quia
440 2380 516 2444 enim
541 2379 669 2444 Christus
702 2379 851 2460 discipulos
880 2381 1024 2460 monendo
1047 2377 1112 2438 nibil
1134 2376 1305 2471 proiecerat,
1382 2375 1383 2412 ³

99 2508 103 2516 .
189 2477 249 2518 non
263 2455 349 2517 modo
365 2478 463 2518 eorum
476 2455 632 2518 socordiam
647 2457 759 2538 oblique
775 2457 949 2547 perstringit:
969 2457 1017 2516 sed
1035 2457 1186 2528 denuntiat,
1206 2477 1303 2534 qnam-

189 2531 230 2596 vis
251 2553 351 2618 segnes
370 2552 431 2594 esse
449 2533 551 2608 velint,
576 2555 635 2594 non
658 2533 722 2594 iore
745 2532 797 2593 ilts
816 2555 860 2594 am
881 2533 932 2593 lius
950 2533 1100 2616 integrum.
1138 2533 1240 2592 Sensus
1261 2545 1303 2594 est

188 2607 287 2690 igiturs
313 2606 377 2684 quia
395 2607 528 2669 hactenus
546 2610 619 2688 spurt
637 2631 689 2670 vos
707 2611 791 2670 verba
811 2556 932 2690 perdidi,
958 2609 1012 2672 iarn
1032 2631 1085 2670 ros
1106 2607 1213 2668 hortari
1231 2609 1301 2670 desi·
1382 2649 1383 2688 ,

189 2703 267 2755 nam,
295 2681 345 2742 sed
369 2693 512 2776 utcunque
534 2683 615 2746 vobis
634 2705 687 2766 per
705 2705 751 2746 rne
769 2687 893 2746 dormire
912 2685 1005 2759 liceat,
1018 2688 1022 2694 '
1034 2684 1089 2746 boc
1111 2695 1205 2744 minen
1224 2685 1301 2746 vobis

189 2759 285 2820 bostes
302 2777 363 2818 non
400 2771 557 2832 ermittent,
576 2759 631 2825 sert
643 2761 746 2820 inritos
766 2774 871 2844 cogent
888 2763 922 2824 ad
941 2761 1118 2845 vigilandum.
1143 2760 1213 2821 Ideo
1233 2761 1302 2841 apud
1382 2833 1383 2842 χ

65 2867 73 2886 ·
189 2830 317 2894 Marcum
339 2777 460 2909 additur,
491 2835 623 2913 sufficit:
661 2835 717 2896 acsi
735 2838 865 2911 dixisset,
903 2859 963 2898 non
988 2858 1047 2898 esse
1072 2835 1125 2895 ianr
1149 2837 1302 2898 dormiendi

188 2921 308 3004 tempus.
349 2913 441 2988 Atque
459 2911 514 2970 boe
537 2912 623 2973 modo
648 2911 813 2992 plerumque
832 2913 971 2976 Dominus
993 2913 1140 2974 ‘bominum
1158 2911 1300 3006 segnitiem
1331 2968 1335 2974 .

190 2998 306 3073 castigat
342 2986 447 3066 utqui
465 2986 499 3047 ad
518 2986 604 3048 verba
622 2988 699 3048 surdi
722 2989 850 3066 suerunt,
873 2989 949 3050 malis
972 2991 1083 3050 tandem
1107 3001 1197 3050 coacu
1217 2988 1301 3072 evigi-

189 3063 258 3126 lent.
335 3083 400 3124 uare
424 3063 559 3124 discamus
583 3064 701 3124 Domini
729 3067 822 3126 verbis
845 3079 952 3126 mature
975 3067 1131 3140 attendere,
1170 3065 1298 3146 nequod

189 3139 249 3219 ipse
265 3151 368 3218 sponte
386 3161 402 3200 a
420 3139 502 3204 nobis
520 3139 621 3202 elicere
640 3142 700 3204 vult
715 3163 779 3203 sero
796 3153 962 3222 ¹cruorqueat
979 3142 1136 3210 necessitas.
1382 3201 1383 3220 2

264 3219 311 3278 46.
348 3216 486 3300 Surgite,
514 3238 626 3279 eamus.
674 3218 727 3280 His
750 3219 842 3280 verbis
866 3219 998 3294 declarat,
1032 3240 1067 3282 ex
1093 3238 1149 3298 quo
1173 3227 1299 3296 precatus

189 3287 258 3364 init,
276 3291 357 3352 noris
376 3287 458 3354 armis
478 3315 508 3354 se
528 3315 587 3354 esse
605 3295 780 3354 instructum.
820 3295 899 3356 Prius
919 3295 1030 3374 quidem
1049 3295 1114 3354 satis
1133 3293 1297 3354 voluntarius

188 3365 223 3424 ad
241 3376 362 3430 mortens
383 3369 487 3446 sumat,
509 3371 557 3430 sed
576 3372 606 3428 in
625 3372 685 3451 ipso
701 3371 817 3432 articulo
838 3391 901 3431 cum
921 3372 1009 3432 earnis
1028 3369 1185 3430 infirmitate
1203 3370 1299 3437 durum

188 3439 227 3502 itti
246 3451 387 3503 certamen
407 3445 476 3520 suit,
507 3459 539 3506 ut
557 3445 678 3508 libenter
695 3467 726 3510 se
744 3467 761 3510 a
778 3459 871 3508 morte
890 3446 1069 3521 subduceret,
1100 3445 1224 3508 simodo
1242 3446 1298 3506 lici-

187 3527 249 3580 tum
267 3515 366 3578 suisset
386 3541 449 3580 cum
469 3522 543 3582 bona
562 3524 651 3584 Patris
670 3523 769 3595 venia,
798 3518 935 3584 Precibus
956 3545 1025 3608 ergo
1048 3535 1078 3584 et
1101 3521 1227 3604 lacrymis
1248 3543 1296 3584 no·

188 3615 250 3656 vern
270 3615 287 3654 e
311 3594 392 3656 coelo
415 3596 547 3657 virtutem
567 3599 701 3658 obtinuit:
732 3619 790 3658 non
814 3599 889 3677 qnod
911 3597 1188 3679 unqunmtvscitlarit
1210 3599 1296 3680 inopie

187 3671 309 3746 virtutis,
328 3671 376 3732 sed
398 3672 461 3751 quia
478 3673 530 3734 sub
550 3673 639 3735 carnis
658 3675 830 3748 infirmitate,
848 3689 930 3754 quam
948 3687 1049 3756 sponte
1067 3666 1233 3753 susceperat
1251 3695 1296 3734 an-

187 3748 232 3810 ule
251 3759 280 3812 et
298 3769 360 3809 eum
379 3748 496 3812 molesto
513 3749 671 3831 difficilique
691 3765 793 3814 conatu
812 3751 939 3814 laborare
958 3751 1057 3825 voluit,
1071 3763 1108 3810 nt
1122 3752 1218 3819 incus
1234 3773 1296 3830 per-

188 3845 256 3904 sona
285 3825 431 3886 victoriam
457 3824 538 3888 nobis
572 3828 738 3908 acquireret.
796 3831 879 3890 Nunc
912 3849 981 3902 vero
1016 3828 1110 3888 sedata
1137 3827 1294 3908 trepidatio-

188 3919 237 3976 ne,
257 3913 286 3964 et
304 3903 405 3962 timore
423 3901 553 3978 subacto,
573 3925 666 3964 rursus
688 3912 721 3964 ut'
737 3905 925 3966 voluntarium
943 3903 1106 3980 sacrificium
1126 3903 1233 3982 offerat⁸
1245 3905 1293 3963 Pa-

187 3975 237 4052 tri,
256 3998 315 4036 non
333 3978 418 4037 ruodo
438 3997 497 4039 non
517 3979 631 4058 fugitat,
650 3983 701 4040 sed·
718 3981 790 4040 ultro
810 3983 983 4045 adnnentem'
1001 3980 1133 4046 occurrit.
1155 3997 1160 4015 ¹

153 4128 155 4134 s
261 4056 307 4116 47.
345 4055 451 4116 Adbuc
467 4077 499 4114 eo
518 4057 660 4131 loquente.
700 4057 811 4118 Sedulo'
824 4057 982 4138 exprimunt
999 4056 1202 4136 Evangeiistne,
1220 4077 1294 4136 prae·

190 4123 279 4186 visum
298 4127 381 4190 fuisse
393 4129 541 4213 thomino
559 4129 688 4207 quicquid
698 4133 808 4190 accidit:
827 4135 901 4194 unde
920 4144 1001 4194 certo
1018 4131 1111 4216 colligi
1122 4131 1222 4224 potuit,
1241 4153 1293 4192 non

189 4207 301 4258 externa
319 4203 448 4263 violentia
465 4203 555 4282 ipsum
579 4205 613 4264 ad
632 4207 862 4282 mortemtmhi,
887 4204 940 4268 nisi
965 4219 1099 4288 quatenus
1121 4207 1200 4290 impii
1221 4227 1293 4266 arca-

189 4287 255 4328 num
275 4276 329 4334 Dei
348 4277 493 4338 consitium
512 4278 739 4356 exsequebantur,
780 4282 949 4364 Quanquam
969 4305 1040 4366 ergo
1056 4283 1175 4366 lugubre
1193 4291 1222 4344 et
1237 4281 1294 4362 ple.
