2790 4764
300 211 420 310 fon
458 228 526 305 ,nr
543 247 575 290 a
593 191 837 304 unaarum
855 228 913 294 ner
931 228 1098 310 vivoru)
1199 234 1255 298 ns

39 358 43 371 ⁸
88 349 91 356 Ι
123 381 202 449 rum.
245 380 301 448 29.
325 382 369 450 Et
389 381 459 471 ipse
479 379 556 447 dicit
576 381 656 464 illis,
685 383 825 462 Atros,
848 403 943 471 quem
965 403 1018 450 me
1040 345 1145 452 dicitis
1166 390 1256 456 esaei

124 483 345 573 Respondens
364 484 601 580 autemPetrus
623 483 701 552 dicit
720 483 776 567 illi,
799 487 852 552 Tn
873 499 908 554 es
932 485 1091 558 Christus.

172 691 178 702 ·
210 679 312 749 LUC.
334 682 389 749 lx.
432 681 484 748 18.
516 649 782 764 stiterimus,
808 705 906 772 quum
927 629 1017 752 solus
1038 694 1123 752 esset
1145 705 1252 770 orana,
1318 671 1329 702 ⁸

127 794 215 850 erant
236 805 307 849 cum
327 783 385 862 illo
408 795 440 866 et
461 783 620 874 discipuli,
640 787 909 874 interrogavitque
922 787 998 853 illos
1014 787 1132 866 dicens,
1144 789 1253 876 Quem

118 910 176 980 ¹rne
204 886 314 954 dicunt
341 909 413 953 esse
438 886 571 953 turbae?
614 888 663 955 19.
695 891 739 954 nt
766 887 815 953 illi
840 889 1071 976 respondentes
1094 892 1252 975 dixerunt,

124 991 275 1056 Ioannem
296 991 488 1076 Baptistam,
521 986 577 1053 alii
597 997 701 1052 autem
722 989 838 1071 Ellam,
866 990 921 1056 alii
941 1011 1035 1072 vero,
1060 993 1150 1079 quod
1171 995 1253 1062 Pro-

121 1093 216 1180 pheta
244 1095 404 1182 quispiam
435 1091 476 1157 de
497 1091 639 1175 'antiquis
669 1083 817 1159 s'arrexit.
863 1091 917 1157 20.
947 1090 1034 1158 Dixit
1055 1101 1158 1160 autem
1178 1095 1251 1178 illia,

121 1197 200 1276 Vos
225 1206 344 1276 autem,
374 1215 470 1281 quern
491 1213 542 1257 me
562 1190 668 1269 dicitis
689 1195 779 1280 esset
806 1193 1039 1284 ‘Respondent
1061 1195 1174 1266 Simon
1192 1181 1253 1268 ne-

121 1308 188 1366 trus
209 1298 298 1380 dixit,
322 1298 487 1368 Christum
508 1293 582 1360 Dei.
671 1291 683 1308 '
1085 1293 1095 1306 “

198 1517 303 1586 Matth.
322 1519 369 1582 13.
407 1517 569 1656 Ἤσκει
593 1499 761 1580 Caesareae
778 1515 918 1600 Philippi.
955 1520 1071 1603 'Marcus
1093 1501 1253 1584 bunc'scr-

123 1613 242 1658 monem
262 1595 294 1656 in
311 1595 414 1658 itinere
486 1594 556 1656 itum
575 1613 635 1656 esse
652 1593 750 1658 tradit:
770 1595 861 1658 Lucas
879 1616 959 1671 vero,
978 1617 1064 1678 quum
1078 1609 1174 1660 oraret
1187 1598 1254 1658 nuh
1284 1617 1291 1626 ·

76 1674 78 1682 '
122 1675 223 1754 losque
244 1693 342 1734 secum
363 1667 480 1732 haberet
503 1670 794 1752 praeterdiscipulos:
825 1673 982 1736 Matthaeus
1003 1673 1120 1736 nonita
1140 1671 1253 1736 cu'riose

122 1763 181 1812 tem
202 1773 235 1810 us
254 1760 345 1811 notat.
375 1748 495 1812 Certum
512 1759 608 1808 tamen
628 1758 679 1822 est,
700 1749 817 1810 eandem
836 1769 853 1810 a
870 1749 966 1818 arnus,
976 1748 1122 1812 historiam
1140 1750 1253 1825 referri,

124 1838 156 1888 et
177 1771 241 1888 deri
264 1835 374 1908 potest,
400 1835 433 1886 ut
457 1818 585 1888 Christus
608 1823 639 1884 in
656 1821 965 1914 illaperegrinatione,
988 1837 1136 1908 postquam
1156 1825 1186 1886 in
1205 1825 1252 1888 illa
1367 1907 1370 1914 Ι

123 1903 245 1965 statione
264 1901 353 1983 aliqua
371 1911 501 1983 precatus
520 1912 606 1974 esset,
632 1900 662 1960 in
680 1922 742 1980 ¹rro
763 1901 854 1968 averit
872 1901 1030 1984 discipulos.
1072 1905 1167 1966 Porro
1187 1901 1253 1984 quia

123 1979 225 2061 duplex
243 1990 304 2040 erat
318 1979 458 2042 Caesarea
474 1911 834 2114 (νεᾛίὲηοξῇἰρτ,
853 1999 925 2060 quae
944 1980 1022 2060 prius
1040 1979 1125 2042 turris
1137 1981 1252 2042 Strato,

124 2055 182 2127 nis:
195 2080 199 2092 ¹
210 2066 240 2116 et
254 2054 330 2116 haec
354 2055 391 2116 ad
407 2054 513 2116 radices
533 2054 559 2116 L
626 2053 637 2112 i
653 2054 773 2129 thontis;
796 2073 857 2116 noa
872 2055 975 2146 procul
994 2076 1011 2116 a
1029 2055 1151 2118 Iordane
1174 2055 1252 2133 sita),

124 2130 272 2212 epitheton
293 2130 480 2192 distinctionis
499 2149 579 2214 causa
597 2129 715 2190 additur.
753 2130 819 2192 Etsi·
834 2151 910 2192 enrm
928 2131 1040 2212 quidam
1057 2143 1173 2223 putant,
1199 2153 1253 2194 eo-

123 2208 188 2268 dem
209 2207 240 2267 in
259 2205 325 2269 loco
344 2217 513 2270 exstructam
533 2225 612 2280 esse,
633 2203 683 2264 uhi
702 2203 769 2268 olim
789 2217 849 2268 erat
867 2207 932 2266 Dan
951 2206 1099 2286 oppidum,
1124 2227 1190 2284 qnia
1207 2217 1253 2267 ta-

122 2305 190 2344 men
207 2305 300 2364 nuper
318 2293 458 2344 exstructa
476 2280 567 2341 iuerat
586 2277 745 2360 aPhilippo
756 2279 920 2356 Tetrarcha,
939 2291 1040 2340 vocata
1053 2281 1108 2342 fnit
1121 2281 1193 2340 Phili
1213 2282 1251 2360 pi.

120 2361 220 2439 (inem
239 2382 285 2418 me
302 2361 405 2418 dicunt
419 2357 559 2417 homines.
585 2356 688 2414 Posset
702 2355 791 2416 videri
806 2375 912 2429 sensus,
931 2375 1070 2434 quaenam
1082 2354 1170 2436 vulgo

123 2448 199 2506 esset
217 2437 254 2496 de
272 2435 480 2514 Redemptore,
500 2429 549 2508 qni
566 2427 638 2488 iilius
655 2427 779 2489 hominis
796 2428 886 2490 factus
905 2441 974 2490 erat.
1011 2429 1077 2490 Alia
1095 2442 1191 2492 umen
1211 2443 1255 2502 cst

22 2532 26 2547 ·
122 2510 267 2592 quaestio:
285 2529 388 2588 nempe
406 2506 539 2586 quidnam
557 2505 593 2564 de
612 2504 677 2562 Iesu
694 2501 753 2562 filio
764 2503 870 2564 Mariae
885 2504 1008 2564 sentiant
1025 2503 1163 2570 homines.
1192 2507 1254 2571 Suo

123 2597 231 2653 autem„
245 2605 328 2644 more
350 2601 458 2642 nomen
472 2583 538 2658 filii
560 2579 687 2640 bominis
710 2580 837 2666 arguunt,
865 2580 922 2642 acsi
940 2581 1059 2657 diceret,
1083 2585 1167 2646 Nunc
1185 2585 1254 2648 dum
1293 2645 1295 2652 ,

123 2681 213 2724 earne
236 2658 349 2720 indutus
368 2658 398 2720 iu
418 2659 501 2718 terris
521 2676 633 2732 versor,
655 2666 788 2737 tanquam
808 2678 880 2720 unns
904 2679 938 2720 ex
956 2658 1101 2720 hominum
1121 2682 1254 2740 numero,

122 2737 269 2820 quodnam
288 2734 323 2796 de
341 2755 387 2796 me
406 2745 449 2796 est
466 2731 616 2812 iudicium?
672 2731 829 2796 Consilium
848 2746 942 2795 autem
960 2734 1065 2798 Christi
1085 2736 1147 2812 luit,
1168 2739 1253 2801 disci,

18 2821 20 2830 ’
122 2813 207 2896 pulos
232 2811 320 2874 solide
342 2811 453 2874 firmare
477 2811 508 2901 iq
529 2821 606 2872 certa
622 2808 691 2887 fide,
719 2830 758 2871 ne
776 2809 854 2872 inter
871 2811 964 2874 varios
983 2833 1112 2878 rumores
1130 2815 1253 2878 fluctua-

18 2949 19 2954 ,
90 2901 233 2970 ,renum
253 2900 286 2950 ut
304 2888 398 2949 statim
414 2887 579 2950 videbimus.

199 2970 246 3029 14.
290 2967 355 3026 Alii
376 2966 524 3024 Ioomrem.
570 2963 626 3024 llic
648 2983 742 3045 neque
766 2963 802 3026 de
844 2961 958 3026 roiessis
985 2963 1096 3037 Christi
1114 2965 1254 3042 hostibus,

18 3107 21 3118 ‚
121 3064 216 3124 neque
244 3041 281 3104 de
329 3041 435 3102 roianis
456 3040 720 3120 «contemptoribus,
754 3041 803 3102 sed
824 2985 861 3102 de
883 3041 971 3125 magis
995 3063 1062 3110 sana
1086 3051 1117 3116 qt
1140 3041 1253 3134 integra

121 3131 204 3202 parte
226 3063 337 3200 pepedi,
368 3116 496 3198 etqnasi
522 3117 557 3178 de
576 3115 682 3178 selecto
702 3116 844 3178 Ecclesiae
861 3117 936 3200 flore
959 3140 973 3178 a
996 3117 1064 3178 itur:
1103 3137 1152 3178 eos
1176 3138 1254 3183 emm

90 3241 100 3252 .
121 3208 233 3257 tantum
256 3203 480 3256 commemorant
502 3191 627 3272 discipuli
633 3235 642 3268 ‚
662 3191 710 3274 qui
728 3193 886 3255 honorifice
904 3195 940 3254 de
961 3196 987 3256 C
1008 3192 1077 3254 risto
1097 3191 1254 3275 loqueban-

122 3286 183 3347 tur,
209 3281 351 3334 ettamen
370 3291 456 3350 quum
475 3268 527 3329 illis
544 3289 598 3360 pro
621 3269 691 3329 osita
709 3269 746 3330 sit
764 3270 877 3346 veritas,
896 3290 983 3330 nemo
1003 3269 1040 3333 ad
1052 3289 1116 3330 etun
1134 3291 1254 3353 scopum

121 3347 228 3423 tendit,
257 3349 305 3408 sed
331 3367 431 3408 ornnes
455 3344 486 3404 in
512 3367 570 3406 sms
593 3290 698 3408 ‹leliriis
722 3357 903 3407 evanescunt.
949 3345 1036 3406 Unde
1079 3347 1252 3429 erspieimus,

121 3436 229 3506 quauta
255 3424 294 3484 sit
307 3422 431 3484 vhnmani
450 3421 559 3503 ingenii
575 3421 715 3497 debilitas,
743 3423 821 3512 (prod
839 3443 901 3482 non
919 3423 1006 3482 modo
1024 3368 1094 3484 adil
1113 3425 1186 3486 recti
1205 3438 1254 3486 aut

122 3501 185 3563 veri
204 3521 220 3560 a
239 3521 270 3561 se
289 3501 442 3580 concipere
458 3509 567 3578 potest,
587 3497 636 3558 sed
655 3499 689 3560 eh
708 3519 783 3560 vens
802 3497 886 3560 etiam
904 3497 1047 3580 principiis
1068 3521 1180 3563 errores
1199 3499 1253 3562 sibi
1364 3537 1365 3544 κ

119 3575 249 3668 fabricat
282 3575 370 3712 hddlq
384 3570 470 3656 quod,
490 3595 588 3654 quum·
598 3571 726 3634 Christus
745 3573 1103 3669 unicumsiteoncordiap
1123 3589 1153 3669 et
1192 3577 1250 3668 acis
1364 3621 1365 3631 ,

92 3687 95 3698 ’
122 3651 690 3808 tittnttmttttttttttt
705 3649 936 3788 ²³tttt¹ltts
954 3652 1162 3791 libelii&
1185 3675 1253 3786 at}

123 3827 207 3886 quam
230 3805 262 3865 in
286 3803 399 3868 Christo
424 3801 572 3864 constabat
595 3801 661 3877 fidei
683 3802 788 3864 unitas:
818 3813 847 3864 ct
871 3814 966 3865 umen
986 3806 1033 3886 qm
1052 3801 1155 3882 aliquid
1172 3801 1252 3884 prius
1361 3839 1363 3874 3

125 3903 280 3943 consensus
298 3880 466 3944 videbantur
484 3877 560 3940 inter
577 3899 609 3940 se
626 3875 745 3956 hahere,
771 3901 848 3940 nunc
867 3879 897 3940 in
916 3881 1004 3942 varias
1022 3877 1175 3966 sententias
1193 3877 1252 3964 dis
1359 3933 1362 3949 ,

64 3969 70 3982 ⁸
123 3957 243 4018 siliunt·
275 3956 412 4017 Videmus
440 3953 538 4028 etiam,
575 3965 609 4014 ut
636 3976 719 4016 error
747 3955 866 4016 subinde
895 3977 1024 4018 errorem
1051 3962 1154 4034 pareat,
1186 3973 1253 4013 uam
1359 3957 1361 3992 ³

59 4055 64 4068 ·
123 4035 187 4114 quia
210 4029 289 4114 vulgi
314 4031 413 4092 animis
437 4041 614 4112 praesumpta
637 4031 779 4094 insederat
803 4031 913 4113 opinio,
943 4031 975 4090 in
997 4027 1107 4091 diversa
1130 4047 1252 4110 corpora
1358 4077 1360 4100 ,

123 4111 228 4172 animm
246 4109 378 4191 migrare,
396 4105 462 4168 hinc
480 4107 511 4166 fit
529 4118 562 4166 ut
580 4109 614 4170 ad
633 4107 728 4170 salsam
746 4107 820 4168 hanc
839 4107 1067 4198 imaginationem
1087 4102 1176 4185 magis
1194 4103 1254 4167 sint

143 4184 267 4268 ropensi.
307 4183 460 4246 Caeterum
481 4184 610 4262 quamvis.
625 4181 733 4246 Christi
750 4185 873 4242 adventu
893 4203 924 4239 ιιι
941 4181 1018 4237 hunc
1034 4179 1153 4236 modum
1170 4179 1253 4241 divisi

123 4205 233 4323 luerint
250 4259 359 4351 Ιιιὼρί,
380 4259 432 4342 piis
450 4269 546 4320 tamen
564 4255 710 4320 obstaculo
731 4275 870 4320 essenon
889 4251 986 4312 debuit
1004 4249 1065 4308 talis
1084 4251 1252 4340 opinionum
1343 4289 1358 4439 p

124 4339 257 4417 varietas,
279 4357 349 4420 quus
368 4355 467 4418 purnn
484 4333 543 4399 eiua
561 4331 758 4417 cognitionem
778 4334 951 4409 appeterent
1001 4323 1075 4414 llam
1093 4345 1117 4384 ar
1135 4327 1197 4405 qrris
1215 4343 1252 4386 eo
