<?xml version="1.0" encoding="UTF-8"?>
<!DOCTYPE html PUBLIC "-//W3C//DTD XHTML 1.0 Transitional//EN"
    "http://www.w3.org/TR/xhtml1/DTD/xhtml1-transitional.dtd">
<html xmlns="http://www.w3.org/1999/xhtml" xml:lang="en" lang="en">
 <head>
  <title>
</title>
<meta http-equiv="Content-Type" content="text/html;charset=utf-8" />
  <meta name='ocr-system' content='tesseract 3.04.00' />
  <meta name='ocr-capabilities' content='ocr_page ocr_carea ocr_par ocr_line ocrx_word'/>
</head>
<body>
  <div class='ocr_page' id='page_1' title='image "./novumtestamentu00calvgoog_0390.png"; bbox 0 0 2796 4774; ppageno 0'>
   <div class='ocr_carea' id='block_1_1' title="bbox 270 271 1235 374">
    <p class='ocr_par' dir='ltr' id='par_1_1' title="bbox 270 271 1235 374">
     <span class='ocr_line' id='line_1_1' title="bbox 270 271 1235 374; baseline -0.006 -16"><span class='ocrx_word' id='word_1_1' title='bbox 270 295 387 374; x_wconf 64' lang='lat' dir='ltr'>«ma</span> <span class='ocrx_word' id='word_1_2' title='bbox 409 289 557 355; x_wconf 71' lang='lat' dir='ltr'>susm</span> <span class='ocrx_word' id='word_1_3' title='bbox 575 289 705 352; x_wconf 64' lang='lat' dir='ltr'>morsm.</span> <span class='ocrx_word' id='word_1_4' title='bbox 744 275 904 367; x_wconf 65' lang='lat' dir='ltr'>somno)</span> <span class='ocrx_word' id='word_1_5' title='bbox 1109 289 1166 354; x_wconf 82' lang='lat' dir='ltr'>ass</span> <span class='ocrx_word' id='word_1_6' title='bbox 1227 271 1235 324; x_wconf 72' lang='lat' dir='ltr'>s</span> 
     </span>
    </p>
   </div>
   <div class='ocr_carea' id='block_1_2' title="bbox 36 429 1356 538">
    <p class='ocr_par' dir='ltr' id='par_1_2' title="bbox 36 429 1356 538">
     <span class='ocr_line' id='line_1_2' title="bbox 36 429 1356 538; baseline 0.009 -30"><span class='ocrx_word' id='word_1_7' title='bbox 36 443 211 531; x_wconf 71' lang='lat' dir='ltr'>suppeteret</span> <span class='ocrx_word' id='word_1_8' title='bbox 248 446 314 530; x_wconf 80' lang='lat' dir='ltr'>Ego</span> <span class='ocrx_word' id='word_1_9' title='bbox 332 435 735 538; x_wconf 74' lang='lat' dir='ltr'>omsuporiuseoummem</span> <span class='ocrx_word' id='word_1_10' title='bbox 752 441 853 504; x_wconf 66' lang='lat' dir='ltr'>initui</span> <span class='ocrx_word' id='word_1_11' title='bbox 870 431 989 504; x_wconf 77' lang='lat' dir='ltr'>nomine</span> <span class='ocrx_word' id='word_1_12' title='bbox 1005 429 1168 512; x_wconf 69' lang='lat' dir='ltr'>invocando</span> <span class='ocrx_word' id='word_1_13' title='bbox 1277 501 1278 505; x_wconf 16' lang='grc' dir='ltr'>η</span> <span class='ocrx_word' id='word_1_14' title='bbox 1349 431 1356 507; x_wconf 72' lang='lat'>&#39;-</span> 
     </span>
    </p>
   </div>
   <div class='ocr_carea' id='block_1_3' title="bbox 35 519 1226 611">
    <p class='ocr_par' dir='ltr' id='par_1_3' title="bbox 35 519 1226 611">
     <span class='ocr_line' id='line_1_3' title="bbox 35 519 1226 611; baseline -0.009 -25"><span class='ocrx_word' id='word_1_15' title='bbox 35 522 277 608; x_wconf 81' lang='lat' dir='ltr'>perseverantiam</span> <span class='ocrx_word' id='word_1_16' title='bbox 300 541 317 582; x_wconf 82' lang='grc' dir='ltr'>ιι</span> <span class='ocrx_word' id='word_1_17' title='bbox 341 521 519 583; x_wconf 82' lang='lat' dir='ltr'>Centunons</span> <span class='ocrx_word' id='word_1_18' title='bbox 542 519 678 580; x_wconf 84' lang='lat' dir='ltr'>laudatam</span> <span class='ocrx_word' id='word_1_19' title='bbox 701 539 762 579; x_wconf 87' lang='lat' dir='ltr'>esse</span> <span class='ocrx_word' id='word_1_20' title='bbox 785 531 865 600; x_wconf 80' lang='lat' dir='ltr'>puto.</span> <span class='ocrx_word' id='word_1_21' title='bbox 911 519 1083 611; x_wconf 74' lang='lat' dir='ltr'><strong>Quanquam</strong></span> <span class='ocrx_word' id='word_1_22' title='bbox 1105 528 1167 579; x_wconf 79' lang='lat' dir='ltr'>tlon</span> <span class='ocrx_word' id='word_1_23' title='bbox 1221 565 1226 575; x_wconf 82' lang='lat'><em>‚</em></span> 
     </span>
    </p>
   </div>
   <div class='ocr_carea' id='block_1_4' title="bbox 35 564 1306 670">
    <p class='ocr_par' dir='ltr' id='par_1_4' title="bbox 35 564 1306 670">
     <span class='ocr_line' id='line_1_4' title="bbox 35 564 1306 670; baseline -0.008 -7"><span class='ocrx_word' id='word_1_24' title='bbox 35 601 118 663; x_wconf 87' lang='lat' dir='ltr'>solus</span> <span class='ocrx_word' id='word_1_25' title='bbox 137 598 244 663; x_wconf 75' lang='lat' dir='ltr'>Christi</span> <span class='ocrx_word' id='word_1_26' title='bbox 263 589 368 660; x_wconf 79' lang='lat' dir='ltr'>clamor</span> <span class='ocrx_word' id='word_1_27' title='bbox 386 619 452 659; x_wconf 88' lang='lat' dir='ltr'>eum</span> <span class='ocrx_word' id='word_1_28' title='bbox 469 591 594 670; x_wconf 81' lang='lat' dir='ltr'>induxit,</span> <span class='ocrx_word' id='word_1_29' title='bbox 616 609 649 656; x_wconf 88' lang='lat' dir='ltr'>ut</span> <span class='ocrx_word' id='word_1_30' title='bbox 667 597 703 655; x_wconf 91' lang='lat' dir='ltr'>de</span> <span class='ocrx_word' id='word_1_31' title='bbox 720 613 759 668; x_wconf 48' lang='lat' dir='ltr'>eo,</span> <span class='ocrx_word' id='word_1_32' title='bbox 775 594 929 657; x_wconf 81' lang='lat' dir='ltr'>honorifice</span> <span class='ocrx_word' id='word_1_33' title='bbox 948 605 1079 658; x_wconf 77' lang='lat' dir='ltr'>sentiret:</span> <span class='ocrx_word' id='word_1_34' title='bbox 1100 593 1167 668; x_wconf 60' lang='lat' dir='ltr'>,sed</span> <span class='ocrx_word' id='word_1_35' title='bbox 1212 651 1237 666; x_wconf 15' lang='lat' dir='ltr'>‚y</span> <span class='ocrx_word' id='word_1_36' title='bbox 1292 564 1306 646; x_wconf 20' lang='lat' dir='ltr'>l,</span> 
     </span>
    </p>
   </div>
   <div class='ocr_carea' id='block_1_5' title="bbox 10 669 1169 1212">
    <p class='ocr_par' dir='ltr' id='par_1_5' title="bbox 10 669 1169 1212">
     <span class='ocr_line' id='line_1_5' title="bbox 36 669 1168 758; baseline -0.008 -20"><span class='ocrx_word' id='word_1_37' title='bbox 36 678 106 758; x_wconf 87' lang='lat' dir='ltr'>quia</span> <span class='ocrx_word' id='word_1_38' title='bbox 123 675 237 738; x_wconf 81' lang='lat' dir='ltr'>ridebat</span> <span class='ocrx_word' id='word_1_39' title='bbox 255 671 393 758; x_wconf 81' lang='lat' dir='ltr'>insignem</span> <span class='ocrx_word' id='word_1_40' title='bbox 418 675 478 735; x_wconf 89' lang='lat' dir='ltr'>eius</span> <span class='ocrx_word' id='word_1_41' title='bbox 496 671 631 732; x_wconf 82' lang='lat' dir='ltr'>virtutem</span> <span class='ocrx_word' id='word_1_42' title='bbox 654 691 730 732; x_wconf 78' lang='lat' dir='ltr'>cum</span> <span class='ocrx_word' id='word_1_43' title='bbox 743 670 909 734; x_wconf 79' lang='lat' dir='ltr'>coelestibus</span> <span class='ocrx_word' id='word_1_44' title='bbox 931 672 1071 734; x_wconf 88' lang='lat' dir='ltr'>miraculis</span> <span class='ocrx_word' id='word_1_45' title='bbox 1094 669 1168 732; x_wconf 83' lang='lat' dir='ltr'>con·</span> 
     </span>
     <span class='ocr_line' id='line_1_6' title="bbox 35 746 1168 836; baseline -0.005 -24"><span class='ocrx_word' id='word_1_46' title='bbox 35 773 159 836; x_wconf 86' lang='lat' dir='ltr'>gruere,</span> <span class='ocrx_word' id='word_1_47' title='bbox 182 754 252 814; x_wconf 87' lang='lat' dir='ltr'>b&#39;ssc</span> <span class='ocrx_word' id='word_1_48' title='bbox 271 751 311 812; x_wconf 91' lang='lat' dir='ltr'>illi</span> <span class='ocrx_word' id='word_1_49' title='bbox 330 771 458 830; x_wconf 83' lang='lat' dir='ltr'>expressa</span> <span class='ocrx_word' id='word_1_50' title='bbox 471 747 535 808; x_wconf 85' lang='lat' dir='ltr'>-luit</span> <span class='ocrx_word' id='word_1_51' title='bbox 559 747 709 808; x_wconf 80' lang='lat' dir='ltr'>confessio.</span> <span class='ocrx_word' id='word_1_52' title='bbox 749 746 900 807; x_wconf 79' lang='lat' dir='ltr'>Caeterum</span> <span class='ocrx_word' id='word_1_53' title='bbox 920 751 996 826; x_wconf 89' lang='lat' dir='ltr'>quod</span> <span class='ocrx_word' id='word_1_54' title='bbox 1014 751 1109 810; x_wconf 86' lang='lat' dir='ltr'>Deum</span> <span class='ocrx_word' id='word_1_55' title='bbox 1126 747 1168 807; x_wconf 79' lang='lat' dir='ltr'>¹tl‘-¹</span> 
     </span>
     <span class='ocr_line' id='line_1_7' title="bbox 36 821 1167 918; baseline -0.006 -28"><span class='ocrx_word' id='word_1_56' title='bbox 36 829 142 892; x_wconf 90' lang='lat' dir='ltr'>muisse</span> <span class='ocrx_word' id='word_1_57' title='bbox 160 829 273 903; x_wconf 91' lang='lat' dir='ltr'>dicitur,</span> <span class='ocrx_word' id='word_1_58' title='bbox 293 849 352 890; x_wconf 92' lang='lat' dir='ltr'>nou</span> <span class='ocrx_word' id='word_1_59' title='bbox 371 827 408 886; x_wconf 87' lang='lat' dir='ltr'>ita</span> <span class='ocrx_word' id='word_1_60' title='bbox 427 823 530 918; x_wconf 85' lang='lat' dir='ltr'>exponi</span> <span class='ocrx_word' id='word_1_61' title='bbox 547 821 743 904; x_wconf 75' lang='lat' dir='ltr'>debet,&#39;qussi</span> <span class='ocrx_word' id='word_1_62' title='bbox 760 822 874 902; x_wconf 86' lang='lat' dir='ltr'>penitus</span> <span class='ocrx_word' id='word_1_63' title='bbox 892 823 1049 903; x_wconf 84' lang='lat' dir='ltr'>resipuerit.</span> <span class='ocrx_word' id='word_1_64' title='bbox 1087 827 1167 894; x_wconf 82' lang='lat' dir='ltr'>Tan-</span> 
     </span>
     <span class='ocr_line' id='line_1_8' title="bbox 34 895 1168 992; baseline -0.005 -26"><span class='ocrx_word' id='word_1_65' title='bbox 34 919 101 966; x_wconf 88' lang='lat' dir='ltr'>tum</span> <span class='ocrx_word' id='word_1_66' title='bbox 121 905 228 966; x_wconf 87' lang='lat' dir='ltr'>subitus</span> <span class='ocrx_word' id='word_1_67' title='bbox 257 915 287 965; x_wconf 89' lang='lat' dir='ltr'>et</span> <span class='ocrx_word' id='word_1_68' title='bbox 301 903 437 984; x_wconf 69' lang='lat' dir='ltr'>¹evanidus</span> <span class='ocrx_word' id='word_1_69' title='bbox 456 911 574 981; x_wconf 80' lang='lat' dir='ltr'>smpstus</span> <span class='ocrx_word' id='word_1_70' title='bbox 593 898 663 976; x_wconf 70' lang='lat' dir='ltr'>luit,</span> <span class='ocrx_word' id='word_1_71' title='bbox 688 911 720 959; x_wconf 90' lang='lat' dir='ltr'>ut</span> <span class='ocrx_word' id='word_1_72' title='bbox 742 919 788 960; x_wconf 89' lang='lat' dir='ltr'>sae</span> <span class='ocrx_word' id='word_1_73' title='bbox 808 917 825 958; x_wconf 87' lang='lat' dir='ltr'>e</span> <span class='ocrx_word' id='word_1_74' title='bbox 844 895 1168 992; x_wconf 56' lang='lat' dir='ltr'>confingituanbs‘hotss</span> 
     </span>
     <span class='ocr_line' id='line_1_9' title="bbox 36 919 1167 1059; baseline -0.005 -17"><span class='ocrx_word' id='word_1_75' title='bbox 36 982 132 1042; x_wconf 80' lang='lat' dir='ltr'>mines</span> <span class='ocrx_word' id='word_1_76' title='bbox 151 972 305 1042; x_wconf 73' lang='lat' dir='ltr'>sommis</span> <span class='ocrx_word' id='word_1_77' title='bbox 322 981 431 1042; x_wconf 88' lang='lat' dir='ltr'>deditos</span> <span class='ocrx_word' id='word_1_78' title='bbox 443 975 563 1059; x_wconf 85' lang='lat' dir='ltr'>¹percelli</span> <span class='ocrx_word' id='word_1_79' title='bbox 575 975 632 1038; x_wconf 85' lang='lat' dir='ltr'>Dei</span> <span class='ocrx_word' id='word_1_80' title='bbox 650 975 763 1050; x_wconf 88' lang='lat' dir='ltr'>timore,</span> <span class='ocrx_word' id='word_1_81' title='bbox 782 919 848 1036; x_wconf 82' lang='lat' dir='ltr'>dum</span> <span class='ocrx_word' id='word_1_82' title='bbox 867 975 1070 1037; x_wconf 78' lang='lat' dir='ltr'>formidabilem</span> <span class='ocrx_word' id='word_1_83' title='bbox 1089 996 1167 1037; x_wconf 88' lang='lat' dir='ltr'>suam</span> 
     </span>
     <span class='ocr_line' id='line_1_10' title="bbox 10 1050 1169 1138; baseline -0.007 -18"><span class='ocrx_word' id='word_1_84' title='bbox 10 1075 13 1080; x_wconf 84' lang='lat'>&#39;</span> <span class='ocrx_word' id='word_1_85' title='bbox 36 1057 199 1138; x_wconf 89' lang='lat' dir='ltr'>potentiam</span> <span class='ocrx_word' id='word_1_86' title='bbox 222 1057 334 1118; x_wconf 84' lang='lat' dir='ltr'>exserit:</span> <span class='ocrx_word' id='word_1_87' title='bbox 362 1057 412 1116; x_wconf 90' lang='lat' dir='ltr'>sed</span> <span class='ocrx_word' id='word_1_88' title='bbox 434 1053 497 1134; x_wconf 86' lang='lat' dir='ltr'>quia</span> <span class='ocrx_word' id='word_1_89' title='bbox 519 1067 590 1111; x_wconf 73' lang='lat' dir='ltr'>nors</span> <span class='ocrx_word' id='word_1_90' title='bbox 603 1050 780 1114; x_wconf 77' lang='lat' dir='ltr'>subesrviva</span> <span class='ocrx_word' id='word_1_91' title='bbox 797 1051 889 1126; x_wconf 83' lang='lat' dir='ltr'>radix,</span> <span class='ocrx_word' id='word_1_92' title='bbox 912 1051 1043 1133; x_wconf 79' lang='lat' dir='ltr'>protinus</span> <span class='ocrx_word' id='word_1_93' title='bbox 1062 1053 1169 1114; x_wconf 67' lang='lat' dir='ltr'>securli</span> 
     </span>
     <span class='ocr_line' id='line_1_11' title="bbox 37 1127 1169 1212; baseline -0.006 -17"><span class='ocrx_word' id='word_1_94' title='bbox 37 1147 130 1196; x_wconf 89' lang='lat' dir='ltr'>tatem</span> <span class='ocrx_word' id='word_1_95' title='bbox 151 1131 310 1209; x_wconf 91' lang='lat' dir='ltr'>obducere,</span> <span class='ocrx_word' id='word_1_96' title='bbox 329 1151 401 1211; x_wconf 88' lang='lat' dir='ltr'>quae</span> <span class='ocrx_word' id='word_1_97' title='bbox 419 1149 531 1192; x_wconf 86' lang='lat' dir='ltr'>sensum</span> <span class='ocrx_word' id='word_1_98' title='bbox 550 1129 627 1188; x_wconf 92' lang='lat' dir='ltr'>illum</span> <span class='ocrx_word' id='word_1_99' title='bbox 651 1129 817 1212; x_wconf 83' lang='lat' dir='ltr'>exstinguat.</span> <span class='ocrx_word' id='word_1_100' title='bbox 842 1129 910 1188; x_wconf 89' lang='lat' dir='ltr'>Non</span> <span class='ocrx_word' id='word_1_101' title='bbox 929 1128 982 1188; x_wconf 89' lang='lat' dir='ltr'>luit</span> <span class='ocrx_word' id='word_1_102' title='bbox 1000 1127 1092 1210; x_wconf 64' lang='lat' dir='ltr'>igitur*</span> <span class='ocrx_word' id='word_1_103' title='bbox 1105 1149 1169 1188; x_wconf 89' lang='lat' dir='ltr'>mu-</span> 
     </span>
    </p>
   </div>
   <div class='ocr_carea' id='block_1_6' title="bbox 36 1177 1368 1285">
    <p class='ocr_par' dir='ltr' id='par_1_6' title="bbox 36 1177 1368 1285">
     <span class='ocr_line' id='line_1_12' title="bbox 36 1177 1368 1285; baseline -0.005 -15"><span class='ocrx_word' id='word_1_104' title='bbox 36 1222 115 1272; x_wconf 89' lang='lat' dir='ltr'>tatus</span> <span class='ocrx_word' id='word_1_105' title='bbox 136 1210 288 1283; x_wconf 82' lang='lat' dir='ltr'>Centurio,</span> <span class='ocrx_word' id='word_1_106' title='bbox 313 1220 345 1266; x_wconf 93' lang='lat' dir='ltr'>ut</span> <span class='ocrx_word' id='word_1_107' title='bbox 364 1229 394 1268; x_wconf 91' lang='lat' dir='ltr'>se</span> <span class='ocrx_word' id='word_1_108' title='bbox 417 1207 482 1266; x_wconf 92' lang='lat' dir='ltr'>Deo</span> <span class='ocrx_word' id='word_1_109' title='bbox 504 1205 534 1264; x_wconf 91' lang='lat' dir='ltr'>iu</span> <span class='ocrx_word' id='word_1_110' title='bbox 558 1203 698 1284; x_wconf 88' lang='lat' dir='ltr'>reliquum</span> <span class='ocrx_word' id='word_1_111' title='bbox 717 1207 789 1266; x_wconf 83' lang='lat' dir='ltr'>vitae</span> <span class='ocrx_word' id='word_1_112' title='bbox 812 1216 923 1285; x_wconf 89' lang='lat' dir='ltr'>tempus</span> <span class='ocrx_word' id='word_1_113' title='bbox 944 1204 1101 1281; x_wconf 88' lang='lat' dir='ltr'>addiceret,</span> <span class='ocrx_word' id='word_1_114' title='bbox 1119 1205 1170 1264; x_wconf 90' lang='lat' dir='ltr'>sed</span> <span class='ocrx_word' id='word_1_115' title='bbox 1257 1265 1259 1271; x_wconf 82' lang='grc'>,</span> <span class='ocrx_word' id='word_1_116' title='bbox 1355 1177 1368 1215; x_wconf 37' lang='lat' dir='ltr'>l‘</span> 
     </span>
    </p>
   </div>
   <div class='ocr_carea' id='block_1_7' title="bbox 9 1279 1280 2436">
    <p class='ocr_par' dir='ltr' id='par_1_7' title="bbox 9 1279 1280 2436">
     <span class='ocr_line' id='line_1_13' title="bbox 36 1279 1170 1361; baseline -0.007 -13"><span class='ocrx_word' id='word_1_117' title='bbox 36 1299 151 1348; x_wconf 83' lang='lat' dir='ltr'>tantum</span> <span class='ocrx_word' id='word_1_118' title='bbox 169 1286 288 1347; x_wconf 75' lang='lat' dir='ltr'>Deitatis</span> <span class='ocrx_word' id='word_1_119' title='bbox 304 1283 411 1344; x_wconf 77' lang='lat' dir='ltr'><strong>Christi</strong></span> <span class='ocrx_word' id='word_1_120' title='bbox 429 1293 642 1342; x_wconf 90' lang='lat' dir='ltr'>momentaneus</span> <span class='ocrx_word' id='word_1_121' title='bbox 658 1301 761 1361; x_wconf 83' lang='lat' dir='ltr'>praeco</span> <span class='ocrx_word' id='word_1_122' title='bbox 781 1280 844 1341; x_wconf 82' lang='lat' dir='ltr'>luit.</span> <span class='ocrx_word' id='word_1_123' title='bbox 881 1279 970 1355; x_wconf 87' lang='lat' dir='ltr'>Quod</span> <span class='ocrx_word' id='word_1_124' title='bbox 985 1290 1078 1342; x_wconf 87' lang='lat' dir='ltr'>autem</span> <span class='ocrx_word' id='word_1_125' title='bbox 1095 1281 1170 1360; x_wconf 87' lang='lat' dir='ltr'>apud</span> 
     </span>
     <span class='ocr_line' id='line_1_14' title="bbox 36 1357 1170 1436; baseline -0.004 -14"><span class='ocrx_word' id='word_1_126' title='bbox 36 1364 149 1426; x_wconf 88' lang='lat' dir='ltr'>Lucam</span> <span class='ocrx_word' id='word_1_127' title='bbox 167 1362 415 1436; x_wconf 73' lang='lat' dir='ltr'>babeturtautum</span> <span class='ocrx_word' id='word_1_128' title='bbox 436 1357 549 1434; x_wconf 75' lang='lat' dir='ltr'>dixisse,</span> <span class='ocrx_word' id='word_1_129' title='bbox 576 1361 710 1420; x_wconf 70' lang='lat' dir='ltr'>berelais</span> <span class='ocrx_word' id='word_1_130' title='bbox 727 1359 1029 1432; x_wconf 72' lang='lat' dir='ltr'>immb&#39;sdl&#39;tus‘erot,</span> <span class='ocrx_word' id='word_1_131' title='bbox 1054 1359 1170 1417; x_wconf 80' lang='lat' dir='ltr'>tbntnu·</span> 
     </span>
     <span class='ocr_line' id='line_1_15' title="bbox 9 1431 1170 1516; baseline -0.005 -16"><span class='ocrx_word' id='word_1_132' title='bbox 9 1483 10 1490; x_wconf 30' lang='grc' dir='ltr'><strong>ι</strong></span> <span class='ocrx_word' id='word_1_133' title='bbox 37 1440 107 1500; x_wconf 89' lang='lat' dir='ltr'>dem</span> <span class='ocrx_word' id='word_1_134' title='bbox 131 1438 207 1499; x_wconf 86' lang='lat' dir='ltr'>valet</span> <span class='ocrx_word' id='word_1_135' title='bbox 232 1436 289 1498; x_wconf 89' lang='lat' dir='ltr'>acsi</span> <span class='ocrx_word' id='word_1_136' title='bbox 311 1447 410 1516; x_wconf 83' lang='lat' dir='ltr'>aperte</span> <span class='ocrx_word' id='word_1_137' title='bbox 430 1455 462 1496; x_wconf 87' lang='lat' dir='ltr'>ex</span> <span class='ocrx_word' id='word_1_138' title='bbox 483 1435 613 1511; x_wconf 86' lang='lat' dir='ltr'>rimeret,</span> <span class='ocrx_word' id='word_1_139' title='bbox 637 1455 698 1498; x_wconf 88' lang='lat' dir='ltr'>esse</span> <span class='ocrx_word' id='word_1_140' title='bbox 720 1435 777 1510; x_wconf 78' lang='lat' dir='ltr'>Dei</span> <span class='ocrx_word' id='word_1_141' title='bbox 800 1431 918 1510; x_wconf 73' lang='lat' dir='ltr'>Filium,</span> <span class='ocrx_word' id='word_1_142' title='bbox 946 1434 1020 1510; x_wconf 76' lang='lat' dir='ltr'>sicot</span> <span class='ocrx_word' id='word_1_143' title='bbox 1043 1432 1093 1494; x_wconf 85' lang='lat' dir='ltr'>alii·</span> <span class='ocrx_word' id='word_1_144' title='bbox 1112 1433 1170 1504; x_wconf 84' lang='lat' dir='ltr'>duo</span> 
     </span>
     <span class='ocr_line' id='line_1_16' title="bbox 37 1509 1267 1596; baseline -0.004 -22"><span class='ocrx_word' id='word_1_145' title='bbox 37 1513 240 1596; x_wconf 74' lang='lat' dir='ltr'>Evangelistae</span> <span class='ocrx_word' id='word_1_146' title='bbox 267 1523 391 1572; x_wconf 86' lang='lat' dir='ltr'>narrant.</span> <span class='ocrx_word' id='word_1_147' title='bbox 479 1531 523 1570; x_wconf 83' lang='lat' dir='ltr'>am</span> <span class='ocrx_word' id='word_1_148' title='bbox 550 1511 651 1593; x_wconf 77' lang='lat' dir='ltr'>passim</span> <span class='ocrx_word' id='word_1_149' title='bbox 681 1514 755 1572; x_wconf 83' lang='lat' dir='ltr'>fama</span> <span class='ocrx_word' id='word_1_150' title='bbox 806 1512 999 1587; x_wconf 83' lang='lat' dir='ltr'>escrebuerat,</span> <span class='ocrx_word' id='word_1_151' title='bbox 1036 1509 1170 1572; x_wconf 83' lang='lat' dir='ltr'>allectum</span> <span class='ocrx_word' id='word_1_152' title='bbox 1203 1551 1208 1564; x_wconf 50' lang='grc' dir='ltr'><strong>ι</strong></span> <span class='ocrx_word' id='word_1_153' title='bbox 1265 1540 1267 1544; x_wconf 93' lang='grc'><strong><em>·</em></strong></span> 
     </span>
     <span class='ocr_line' id='line_1_17' title="bbox 38 1533 1173 1669; baseline -0.004 -18"><span class='ocrx_word' id='word_1_154' title='bbox 38 1591 130 1651; x_wconf 79' lang='lat' dir='ltr'>luisse</span> <span class='ocrx_word' id='word_1_155' title='bbox 148 1589 300 1651; x_wconf 79' lang='lat' dir='ltr'>Christum·</span> <span class='ocrx_word' id='word_1_156' title='bbox 311 1585 462 1668; x_wconf 86' lang='lat' dir='ltr'>supplicio,</span> <span class='ocrx_word' id='word_1_157' title='bbox 505 1587 549 1656; x_wconf 85' lang='lat' dir='ltr'>uia</span> <span class='ocrx_word' id='word_1_158' title='bbox 568 1603 670 1668; x_wconf 73' lang='lat' dir='ltr'>septo</span> <span class='ocrx_word' id='word_1_159' title='bbox 690 1581 765 1648; x_wconf 77' lang='lat' dir='ltr'>Filio</span> <span class='ocrx_word' id='word_1_160' title='bbox 783 1533 839 1648; x_wconf 74' lang='lat' dir='ltr'>bei</span> <span class='ocrx_word' id='word_1_161' title='bbox 853 1599 984 1669; x_wconf 56' lang='lat' dir='ltr'>*ger-eret:</span> <span class='ocrx_word' id='word_1_162' title='bbox 1008 1585 1085 1648; x_wconf 82' lang='lat' dir='ltr'>nuuc</span> <span class='ocrx_word' id='word_1_163' title='bbox 1103 1587 1173 1648; x_wconf 84' lang='lat' dir='ltr'>dum&#39;</span> 
     </span>
     <span class='ocr_line' id='line_1_18' title="bbox 37 1607 1172 1745; baseline -0.008 -17"><span class='ocrx_word' id='word_1_164' title='bbox 37 1666 165 1742; x_wconf 82' lang='lat' dir='ltr'>iustitiae</span> <span class='ocrx_word' id='word_1_165' title='bbox 188 1665 297 1732; x_wconf 88' lang='lat' dir='ltr'>laudem</span> <span class='ocrx_word' id='word_1_166' title='bbox 322 1666 353 1726; x_wconf 78' lang='lat' dir='ltr'>ei·</span> <span class='ocrx_word' id='word_1_167' title='bbox 371 1607 643 1739; x_wconf 74' lang='lat' dir='ltr'>tribuitCeuturio,</span> <span class='ocrx_word' id='word_1_168' title='bbox 658 1663 1095 1745; x_wconf 71' lang='lat' dir='ltr'>-eumquemcrimiue-asserit,</span> <span class='ocrx_word' id='word_1_169' title='bbox 1119 1663 1172 1724; x_wconf 54' lang='lat' dir='ltr'>Fi„</span> 
     </span>
     <span class='ocr_line' id='line_1_19' title="bbox 10 1740 1173 1832; baseline -0.003 -29"><span class='ocrx_word' id='word_1_170' title='bbox 10 1789 13 1797; x_wconf 87' lang='lat'><em>.</em></span> <span class='ocrx_word' id='word_1_171' title='bbox 37 1745 111 1804; x_wconf 91' lang='lat' dir='ltr'>lium</span> <span class='ocrx_word' id='word_1_172' title='bbox 121 1741 178 1802; x_wconf 90' lang='lat' dir='ltr'>Dei</span> <span class='ocrx_word' id='word_1_173' title='bbox 197 1741 278 1802; x_wconf 90' lang='lat' dir='ltr'>simul</span> <span class='ocrx_word' id='word_1_174' title='bbox 296 1740 412 1803; x_wconf 85' lang='lat' dir='ltr'>latetur:</span> <span class='ocrx_word' id='word_1_175' title='bbox 432 1760 491 1800; x_wconf 91' lang='lat' dir='ltr'>non</span> <span class='ocrx_word' id='word_1_176' title='bbox 551 1741 588 1806; x_wconf 90' lang='lat' dir='ltr'>od</span> <span class='ocrx_word' id='word_1_177' title='bbox 607 1740 738 1812; x_wconf 85' lang='lat' dir='ltr'>distincte</span> <span class='ocrx_word' id='word_1_178' title='bbox 755 1740 936 1832; x_wconf 79' lang='lat' dir='ltr'>intelligeret,</span> <span class='ocrx_word' id='word_1_179' title='bbox 953 1741 1107 1824; x_wconf 77' lang='lat' dir='ltr'>‚quomodo</span> <span class='ocrx_word' id='word_1_180' title='bbox 1119 1760 1173 1823; x_wconf 75' lang='lat' dir='ltr'>ge·</span> 
     </span>
     <span class='ocr_line' id='line_1_20' title="bbox 37 1761 1192 1897; baseline -0.003 -17"><span class='ocrx_word' id='word_1_181' title='bbox 37 1819 119 1881; x_wconf 85' lang='lat' dir='ltr'>nitus</span> <span class='ocrx_word' id='word_1_182' title='bbox 143 1831 215 1879; x_wconf 85' lang='lat' dir='ltr'>esset</span> <span class='ocrx_word' id='word_1_183' title='bbox 235 1817 361 1878; x_wconf 85' lang='lat' dir='ltr'>Christus</span> <span class='ocrx_word' id='word_1_184' title='bbox 386 1835 420 1878; x_wconf 84' lang='lat' dir='ltr'>ex</span> <span class='ocrx_word' id='word_1_185' title='bbox 438 1761 629 1892; x_wconf 50' lang='lat' dir='ltr'>Dedissme’,</span> <span class='ocrx_word' id='word_1_186' title='bbox 655 1817 704 1879; x_wconf 91' lang='lat' dir='ltr'>sed</span> <span class='ocrx_word' id='word_1_187' title='bbox 724 1817 787 1897; x_wconf 91' lang='lat' dir='ltr'>quia</span> <span class='ocrx_word' id='word_1_188' title='bbox 808 1817 935 1882; x_wconf 87' lang='lat' dir='ltr'>&#39;divmum</span> <span class='ocrx_word' id='word_1_189' title='bbox 960 1815 1061 1897; x_wconf 87' lang='lat' dir='ltr'>aliquid</span> <span class='ocrx_word' id='word_1_190' title='bbox 1085 1813 1115 1878; x_wconf 92' lang='lat' dir='ltr'>iu</span> <span class='ocrx_word' id='word_1_191' title='bbox 1136 1835 1192 1877; x_wconf 89' lang='lat' dir='ltr'>eo·</span> 
     </span>
     <span class='ocr_line' id='line_1_21' title="bbox 39 1892 1200 1975; baseline -0.006 -16"><span class='ocrx_word' id='word_1_192' title='bbox 39 1913 106 1959; x_wconf 81' lang='lat' dir='ltr'>esse</span> <span class='ocrx_word' id='word_1_193' title='bbox 125 1893 328 1966; x_wconf 50' lang='lat' dir='ltr'>nomitatim,</span> <span class='ocrx_word' id='word_1_194' title='bbox 352 1893 679 1973; x_wconf 76' lang='lat' dir='ltr'>quodquedseumenrts</span> <span class='ocrx_word' id='word_1_195' title='bbox 697 1893 847 1956; x_wconf 79' lang='lat' dir='ltr'>convictus</span> <span class='ocrx_word' id='word_1_196' title='bbox 866 1892 927 1954; x_wconf 81' lang='lat' dir='ltr'>no&#39;d</span> <span class='ocrx_word' id='word_1_197' title='bbox 944 1894 1090 1975; x_wconf 84' lang='lat' dir='ltr'>vulgarem</span> <span class='ocrx_word' id='word_1_198' title='bbox 1110 1911 1173 1954; x_wconf 86' lang='lat' dir='ltr'>esse</span> <span class='ocrx_word' id='word_1_199' title='bbox 1196 1901 1200 1922; x_wconf 75' lang='lat'><strong>¹</strong></span> 
     </span>
     <span class='ocr_line' id='line_1_22' title="bbox 37 1963 1175 2050; baseline 0.001 -19"><span class='ocrx_word' id='word_1_200' title='bbox 37 1972 203 2046; x_wconf 88' lang='lat' dir='ltr'>homiuem,</span> <span class='ocrx_word' id='word_1_201' title='bbox 228 1971 282 2046; x_wconf 89' lang='lat' dir='ltr'>sed</span> <span class='ocrx_word' id='word_1_202' title='bbox 299 1969 431 2042; x_wconf 88' lang='lat' dir='ltr'>divinitus</span> <span class='ocrx_word' id='word_1_203' title='bbox 455 1963 739 2036; x_wconf 73' lang='lat' dir='ltr'>excitatumstaluit.</span> <span class='ocrx_word' id='word_1_204' title='bbox 758 2021 762 2035; x_wconf 84' lang='grc'><strong>,</strong></span> <span class='ocrx_word' id='word_1_205' title='bbox 777 1970 869 2046; x_wconf 86' lang='lat' dir='ltr'>Quod</span> <span class='ocrx_word' id='word_1_206' title='bbox 887 1971 925 2032; x_wconf 78' lang='lat' dir='ltr'>td</span> <span class='ocrx_word' id='word_1_207' title='bbox 940 1972 1036 2034; x_wconf 80' lang='lat' dir='ltr'>turbas</span> <span class='ocrx_word' id='word_1_208' title='bbox 1055 1981 1175 2050; x_wconf 75' lang='lat' dir='ltr'>spectat,</span> 
     </span>
     <span class='ocr_line' id='line_1_23' title="bbox 38 2043 1280 2133; baseline -0.003 -24"><span class='ocrx_word' id='word_1_209' title='bbox 38 2059 160 2133; x_wconf 81' lang='lat' dir='ltr'>pectora</span> <span class='ocrx_word' id='word_1_210' title='bbox 184 2047 330 2106; x_wconf 89' lang='lat' dir='ltr'>tundendo</span> <span class='ocrx_word' id='word_1_211' title='bbox 358 2043 459 2126; x_wconf 82' lang='lat' dir='ltr'>piaculi</span> <span class='ocrx_word' id='word_1_212' title='bbox 486 2059 595 2126; x_wconf 77' lang='lat' dir='ltr'>reatum</span> <span class='ocrx_word' id='word_1_213' title='bbox 624 2046 791 2108; x_wconf 82' lang='lat' dir='ltr'>desecatae</span> <span class='ocrx_word' id='word_1_214' title='bbox 818 2058 897 2121; x_wconf 70' lang='lat' dir='ltr'>utut,</span> <span class='ocrx_word' id='word_1_215' title='bbox 929 2047 1006 2130; x_wconf 64' lang='lat' dir='ltr'>guod</span> <span class='ocrx_word' id='word_1_216' title='bbox 1034 2046 1175 2121; x_wconf 71' lang='lat' dir='ltr'>sentirent</span> <span class='ocrx_word' id='word_1_217' title='bbox 1276 2051 1280 2076; x_wconf 81' lang='lat'><strong>¹</strong></span> 
     </span>
     <span class='ocr_line' id='line_1_24' title="bbox 38 2068 1174 2220; baseline -0.004 -35"><span class='ocrx_word' id='word_1_218' title='bbox 38 2121 185 2208; x_wconf 81' lang='lat' dir='ltr'>piaculum</span> <span class='ocrx_word' id='word_1_219' title='bbox 202 2122 303 2182; x_wconf 85' lang='lat' dir='ltr'>iniusta</span> <span class='ocrx_word' id='word_1_220' title='bbox 323 2133 351 2180; x_wconf 89' lang='lat' dir='ltr'>et</span> <span class='ocrx_word' id='word_1_221' title='bbox 369 2119 489 2181; x_wconf 83' lang='lat' dir='ltr'>nefanda</span> <span class='ocrx_word' id='word_1_222' title='bbox 508 2116 593 2180; x_wconf 77' lang='lat' dir='ltr'>caede</span> <span class='ocrx_word' id='word_1_223' title='bbox 611 2068 723 2220; x_wconf 86' lang='lat' dir='ltr'>publice</span> <span class='ocrx_word' id='word_1_224' title='bbox 743 2133 920 2191; x_wconf 84' lang='lat' dir='ltr'>contractum</span> <span class='ocrx_word' id='word_1_225' title='bbox 939 2143 1007 2183; x_wconf 87' lang='lat' dir='ltr'>esse.</span> <span class='ocrx_word' id='word_1_226' title='bbox 1032 2121 1090 2182; x_wconf 89' lang='lat' dir='ltr'>Sed</span> <span class='ocrx_word' id='word_1_227' title='bbox 1109 2105 1174 2201; x_wconf 80' lang='lat' dir='ltr'>quil</span> 
     </span>
     <span class='ocr_line' id='line_1_25' title="bbox 39 2183 1174 2278; baseline -0.005 -16"><span class='ocrx_word' id='word_1_228' title='bbox 39 2221 105 2262; x_wconf 89' lang='lat' dir='ltr'>uon</span> <span class='ocrx_word' id='word_1_229' title='bbox 124 2197 195 2258; x_wconf 89' lang='lat' dir='ltr'>ultra</span> <span class='ocrx_word' id='word_1_230' title='bbox 213 2217 377 2278; x_wconf 81' lang='lat' dir='ltr'>progressae</span> <span class='ocrx_word' id='word_1_231' title='bbox 395 2207 474 2270; x_wconf 89' lang='lat' dir='ltr'>sunt,</span> <span class='ocrx_word' id='word_1_232' title='bbox 492 2183 563 2255; x_wconf 88' lang='lat' dir='ltr'>nihil</span> <span class='ocrx_word' id='word_1_233' title='bbox 580 2196 633 2256; x_wconf 81' lang='lat' dir='ltr'>iths</span> <span class='ocrx_word' id='word_1_234' title='bbox 652 2197 761 2276; x_wconf 75' lang='lat' dir='ltr'>proluit</span> <span class='ocrx_word' id='word_1_235' title='bbox 778 2217 842 2258; x_wconf 90' lang='lat' dir='ltr'>suus</span> <span class='ocrx_word' id='word_1_236' title='bbox 860 2197 1000 2277; x_wconf 83' lang='lat' dir='ltr'>planetus:</span> <span class='ocrx_word' id='word_1_237' title='bbox 1025 2195 1079 2258; x_wconf 83' lang='lat' dir='ltr'>nisi</span> <span class='ocrx_word' id='word_1_238' title='bbox 1097 2197 1174 2256; x_wconf 84' lang='lat' dir='ltr'>sorte</span> 
     </span>
     <span class='ocr_line' id='line_1_26' title="bbox 39 2271 1175 2360; baseline -0.003 -24"><span class='ocrx_word' id='word_1_239' title='bbox 39 2273 209 2360; x_wconf 85' lang='lat' dir='ltr'>quibusdam</span> <span class='ocrx_word' id='word_1_240' title='bbox 233 2272 357 2346; x_wconf 83' lang='lat' dir='ltr'>melioris</span> <span class='ocrx_word' id='word_1_241' title='bbox 378 2272 569 2351; x_wconf 88' lang='lat' dir='ltr'>poenitentiae</span> <span class='ocrx_word' id='word_1_242' title='bbox 593 2271 703 2331; x_wconf 89' lang='lat' dir='ltr'>initium</span> <span class='ocrx_word' id='word_1_243' title='bbox 730 2271 776 2332; x_wconf 89' lang='lat' dir='ltr'>vel</span> <span class='ocrx_word' id='word_1_244' title='bbox 805 2275 980 2354; x_wconf 78' lang='lat' dir='ltr'>praeparatio</span> <span class='ocrx_word' id='word_1_245' title='bbox 1005 2271 1069 2334; x_wconf 81' lang='lat' dir='ltr'>fuit.</span> <span class='ocrx_word' id='word_1_246' title='bbox 1115 2272 1175 2333; x_wconf 80' lang='lat' dir='ltr'>Sed</span> 
     </span>
     <span class='ocr_line' id='line_1_27' title="bbox 40 2346 1175 2436; baseline -0.005 -22"><span class='ocrx_word' id='word_1_247' title='bbox 40 2351 111 2436; x_wconf 81' lang='lat' dir='ltr'>quia</span> <span class='ocrx_word' id='word_1_248' title='bbox 136 2361 245 2412; x_wconf 81' lang='lat' dir='ltr'>tantum</span> <span class='ocrx_word' id='word_1_249' title='bbox 268 2347 430 2410; x_wconf 75' lang='lat' dir='ltr'>lamentatio</span> <span class='ocrx_word' id='word_1_250' title='bbox 454 2347 537 2413; x_wconf 78' lang='lat' dir='ltr'>nobis</span> <span class='ocrx_word' id='word_1_251' title='bbox 564 2346 748 2422; x_wconf 76' lang='lat' dir='ltr'>describitur,</span> <span class='ocrx_word' id='word_1_252' title='bbox 780 2369 863 2428; x_wconf 85' lang='lat' dir='ltr'>quam</span> <span class='ocrx_word' id='word_1_253' title='bbox 878 2348 1020 2410; x_wconf 64' lang='lat' dir='ltr'>neusin</span> <span class='ocrx_word' id='word_1_254' title='bbox 1042 2346 1108 2409; x_wconf 85' lang='lat' dir='ltr'>Filii</span> <span class='ocrx_word' id='word_1_255' title='bbox 1130 2348 1175 2408; x_wconf 90' lang='lat' dir='ltr'>soi</span> 
     </span>
    </p>
   </div>
   <div class='ocr_carea' id='block_1_8' title="bbox 11 2422 1292 2520">
    <p class='ocr_par' dir='ltr' id='par_1_8' title="bbox 11 2422 1292 2520">
     <span class='ocr_line' id='line_1_28' title="bbox 11 2422 1292 2520; baseline -0.002 -32"><span class='ocrx_word' id='word_1_256' title='bbox 11 2497 12 2506; x_wconf 10' lang='grc' dir='ltr'>χ</span> <span class='ocrx_word' id='word_1_257' title='bbox 41 2427 166 2520; x_wconf 80' lang='lat' dir='ltr'>gloriam</span> <span class='ocrx_word' id='word_1_258' title='bbox 189 2423 319 2498; x_wconf 79' lang='lat' dir='ltr'>extorsit,</span> <span class='ocrx_word' id='word_1_259' title='bbox 347 2423 483 2484; x_wconf 88' lang='lat' dir='ltr'>discamus</span> <span class='ocrx_word' id='word_1_260' title='bbox 506 2423 562 2484; x_wconf 90' lang='lat' dir='ltr'>boc</span> <span class='ocrx_word' id='word_1_261' title='bbox 585 2422 734 2512; x_wconf 70' lang='lat' dir='ltr'>exemplo,¹</span> <span class='ocrx_word' id='word_1_262' title='bbox 761 2445 861 2504; x_wconf 75' lang='lat' dir='ltr'>partum</span> <span class='ocrx_word' id='word_1_263' title='bbox 882 2423 1025 2489; x_wconf 77' lang='lat' dir='ltr'>aut.uihil</span> <span class='ocrx_word' id='word_1_264' title='bbox 1049 2445 1123 2500; x_wconf 88' lang='lat' dir='ltr'>esse,</span> <span class='ocrx_word' id='word_1_265' title='bbox 1150 2425 1175 2488; x_wconf 89' lang='lat' dir='ltr'>si</span> <span class='ocrx_word' id='word_1_266' title='bbox 1285 2491 1292 2502; x_wconf 55' lang='grc'>,</span> 
     </span>
    </p>
   </div>
   <div class='ocr_carea' id='block_1_9' title="bbox 11 2495 1178 2813">
    <p class='ocr_par' dir='ltr' id='par_1_9' title="bbox 11 2495 1174 2656">
     <span class='ocr_line' id='line_1_29' title="bbox 11 2495 1174 2588; baseline 0 -24"><span class='ocrx_word' id='word_1_267' title='bbox 11 2521 12 2528; x_wconf 73' lang='grc'>’</span> <span class='ocrx_word' id='word_1_268' title='bbox 40 2525 107 2588; x_wconf 86' lang='lat' dir='ltr'>qurs</span> <span class='ocrx_word' id='word_1_269' title='bbox 131 2523 164 2562; x_wconf 85' lang='lat' dir='ltr'>ex</span> <span class='ocrx_word' id='word_1_270' title='bbox 187 2500 329 2579; x_wconf 86' lang='lat' dir='ltr'>praesenti</span> <span class='ocrx_word' id='word_1_271' title='bbox 354 2499 410 2560; x_wconf 87' lang='lat' dir='ltr'>Dei</span> <span class='ocrx_word' id='word_1_272' title='bbox 439 2501 568 2581; x_wconf 82' lang='lat' dir='ltr'>potentia</span> <span class='ocrx_word' id='word_1_273' title='bbox 592 2495 743 2560; x_wconf 78' lang='lat' dir='ltr'>ho&#39;rrorem</span> <span class='ocrx_word' id='word_1_274' title='bbox 773 2499 932 2582; x_wconf 81' lang='lat' dir='ltr'>concipiat,</span> <span class='ocrx_word' id='word_1_275' title='bbox 961 2499 1054 2564; x_wconf 86' lang='lat' dir='ltr'>donee</span> <span class='ocrx_word' id='word_1_276' title='bbox 1080 2501 1174 2564; x_wconf 75' lang='lat' dir='ltr'>sedata</span> 
     </span>
     <span class='ocr_line' id='line_1_30' title="bbox 19 2575 1035 2656; baseline -0.005 -14"><span class='ocrx_word' id='word_1_277' title='bbox 19 2603 24 2616; x_wconf 82' lang='lat'><strong>·</strong></span> <span class='ocrx_word' id='word_1_278' title='bbox 40 2577 281 2645; x_wconf 83' lang='lat' dir='ltr'>consternatione</span> <span class='ocrx_word' id='word_1_279' title='bbox 296 2577 327 2636; x_wconf 92' lang='lat' dir='ltr'>in</span> <span class='ocrx_word' id='word_1_280' title='bbox 348 2577 435 2636; x_wconf 91' lang='lat' dir='ltr'>corde</span> <span class='ocrx_word' id='word_1_281' title='bbox 452 2575 602 2656; x_wconf 85' lang='lat' dir='ltr'>tranquillo</span> <span class='ocrx_word' id='word_1_282' title='bbox 620 2575 741 2637; x_wconf 83' lang='lat' dir='ltr'>resideat</span> <span class='ocrx_word' id='word_1_283' title='bbox 758 2575 815 2636; x_wconf 87' lang='lat' dir='ltr'>Dei</span> <span class='ocrx_word' id='word_1_284' title='bbox 833 2575 928 2638; x_wconf 88' lang='lat' dir='ltr'>timor.</span> <span class='ocrx_word' id='word_1_285' title='bbox 951 2645 952 2650; x_wconf 7' lang='grc' dir='ltr'>ἵ</span> <span class='ocrx_word' id='word_1_286' title='bbox 986 2601 988 2606; x_wconf 68' lang='grc'>’</span> <span class='ocrx_word' id='word_1_287' title='bbox 1032 2605 1035 2612; x_wconf 70' lang='grc'><strong>’</strong></span> 
     </span>
    </p>

    <p class='ocr_par' dir='ltr' id='par_1_10' title="bbox 122 2653 1178 2738">
     <span class='ocr_line' id='line_1_31' title="bbox 122 2653 1178 2738; baseline 0.002 -22"><span class='ocrx_word' id='word_1_288' title='bbox 122 2655 184 2718; x_wconf 77' lang='grc' dir='ltr'>55.Ι</span> <span class='ocrx_word' id='word_1_289' title='bbox 207 2655 305 2712; x_wconf 82' lang='lat' dir='ltr'>Erant</span> <span class='ocrx_word' id='word_1_290' title='bbox 325 2663 427 2712; x_wconf 80' lang='lat' dir='ltr'>autem</span> <span class='ocrx_word' id='word_1_291' title='bbox 445 2655 487 2712; x_wconf 78' lang='lat' dir='ltr'>s&#39;bs‘</span> <span class='ocrx_word' id='word_1_292' title='bbox 506 2655 654 2714; x_wconf 67' lang='lat' dir='ltr'>mutinen.</span> <span class='ocrx_word' id='word_1_293' title='bbox 671 2653 760 2714; x_wconf 81' lang='lat' dir='ltr'>..Hoc</span> <span class='ocrx_word' id='word_1_294' title='bbox 782 2654 905 2718; x_wconf 83' lang='lat' dir='ltr'>additum</span> <span class='ocrx_word' id='word_1_295' title='bbox 930 2653 1016 2716; x_wconf 82' lang='lat' dir='ltr'>inissa</span> <span class='ocrx_word' id='word_1_296' title='bbox 1033 2653 1178 2738; x_wconf 53' lang='lat' dir='ltr'>interpres</span> 
     </span>
    </p>

    <p class='ocr_par' dir='ltr' id='par_1_11' title="bbox 40 2725 1176 2813">
     <span class='ocr_line' id='line_1_32' title="bbox 40 2725 1176 2813; baseline 0 -19"><span class='ocrx_word' id='word_1_297' title='bbox 40 2748 103 2806; x_wconf 87' lang='lat' dir='ltr'>tor,</span> <span class='ocrx_word' id='word_1_298' title='bbox 121 2741 154 2792; x_wconf 86' lang='lat' dir='ltr'>ut</span> <span class='ocrx_word' id='word_1_299' title='bbox 165 2729 302 2804; x_wconf 86' lang='lat' dir='ltr'>sciamus,</span> <span class='ocrx_word' id='word_1_300' title='bbox 321 2749 406 2808; x_wconf 88' lang='lat' dir='ltr'>quum</span> <span class='ocrx_word' id='word_1_301' title='bbox 425 2725 481 2789; x_wconf 87' lang='lat' dir='ltr'>buc</span> <span class='ocrx_word' id='word_1_302' title='bbox 501 2739 531 2790; x_wconf 91' lang='lat' dir='ltr'>et</span> <span class='ocrx_word' id='word_1_303' title='bbox 546 2729 612 2798; x_wconf 88' lang='lat' dir='ltr'>illuc</span> <span class='ocrx_word' id='word_1_304' title='bbox 631 2730 698 2812; x_wconf 88' lang='lat' dir='ltr'>luga</span> <span class='ocrx_word' id='word_1_305' title='bbox 710 2729 806 2810; x_wconf 78' lang='lat' dir='ltr'>dilapsi</span> <span class='ocrx_word' id='word_1_306' title='bbox 825 2743 919 2802; x_wconf 84' lang='lat' dir='ltr'>essent</span> <span class='ocrx_word' id='word_1_307' title='bbox 930 2729 1075 2813; x_wconf 71' lang='lat' dir='ltr'>discipuli,</span> <span class='ocrx_word' id='word_1_308' title='bbox 1089 2753 1176 2812; x_wconf 84' lang='lat' dir='ltr'>quos-</span> 
     </span>
    </p>
   </div>
   <div class='ocr_carea' id='block_1_10' title="bbox 42 2803 1366 2886">
    <p class='ocr_par' dir='ltr' id='par_1_12' title="bbox 42 2803 1366 2886">
     <span class='ocr_line' id='line_1_33' title="bbox 42 2803 1366 2886; baseline -0.006 -14"><span class='ocrx_word' id='word_1_309' title='bbox 42 2813 112 2873; x_wconf 87' lang='lat' dir='ltr'>dam</span> <span class='ocrx_word' id='word_1_310' title='bbox 130 2817 224 2867; x_wconf 86' lang='lat' dir='ltr'>tamen</span> <span class='ocrx_word' id='word_1_311' title='bbox 244 2826 278 2866; x_wconf 86' lang='lat' dir='ltr'>ex</span> <span class='ocrx_word' id='word_1_312' title='bbox 297 2803 408 2867; x_wconf 90' lang='lat' dir='ltr'>illorum</span> <span class='ocrx_word' id='word_1_313' title='bbox 427 2815 655 2867; x_wconf 72' lang='lat' dir='ltr'>&#39;coetu&#39;retentos</span> <span class='ocrx_word' id='word_1_314' title='bbox 674 2827 691 2866; x_wconf 92' lang='lat' dir='ltr'>a</span> <span class='ocrx_word' id='word_1_315' title='bbox 709 2805 834 2868; x_wconf 90' lang='lat' dir='ltr'>Domino</span> <span class='ocrx_word' id='word_1_316' title='bbox 854 2807 938 2868; x_wconf 84' lang='lat' dir='ltr'>luisse</span> <span class='ocrx_word' id='word_1_317' title='bbox 956 2820 1054 2873; x_wconf 89' lang='lat' dir='ltr'>testes.</span> <span class='ocrx_word' id='word_1_318' title='bbox 1075 2809 1176 2886; x_wconf 82' lang='lat' dir='ltr'>Quan-</span> <span class='ocrx_word' id='word_1_319' title='bbox 1262 2826 1265 2832; x_wconf 84' lang='lat'>·</span> <span class='ocrx_word' id='word_1_320' title='bbox 1361 2854 1366 2864; x_wconf 87' lang='lat'><em>.</em></span> 
     </span>
    </p>
   </div>
   <div class='ocr_carea' id='block_1_11' title="bbox 42 2880 1181 3126">
    <p class='ocr_par' dir='ltr' id='par_1_13' title="bbox 42 2880 1181 3126">
     <span class='ocr_line' id='line_1_34' title="bbox 42 2880 1176 2971; baseline -0.003 -23"><span class='ocrx_word' id='word_1_321' title='bbox 42 2905 135 2971; x_wconf 80' lang='lat' dir='ltr'>quam</span> <span class='ocrx_word' id='word_1_322' title='bbox 155 2883 392 2944; x_wconf 78' lang='lat' dir='ltr'>smsmloannes</span> <span class='ocrx_word' id='word_1_323' title='bbox 409 2880 563 2963; x_wconf 83' lang='lat' dir='ltr'>Apostolus</span> <span class='ocrx_word' id='word_1_324' title='bbox 587 2893 713 2944; x_wconf 80' lang='lat' dir='ltr'>acruce</span> <span class='ocrx_word' id='word_1_325' title='bbox 729 2901 790 2943; x_wconf 91' lang='lat' dir='ltr'>non</span> <span class='ocrx_word' id='word_1_326' title='bbox 813 2883 951 2960; x_wconf 76' lang='lat' dir='ltr'>discessit,</span> <span class='ocrx_word' id='word_1_327' title='bbox 964 2885 1059 2946; x_wconf 66' lang='lat' dir='ltr'>*nulla</span> <span class='ocrx_word' id='word_1_328' title='bbox 1079 2891 1176 2945; x_wconf 81' lang='lat' dir='ltr'>tamen</span> 
     </span>
     <span class='ocr_line' id='line_1_35' title="bbox 42 2957 1181 3042; baseline -0.002 -18"><span class='ocrx_word' id='word_1_329' title='bbox 42 2965 94 3027; x_wconf 86' lang='lat' dir='ltr'>hic</span> <span class='ocrx_word' id='word_1_330' title='bbox 116 2959 147 3019; x_wconf 90' lang='lat' dir='ltr'>lit</span> <span class='ocrx_word' id='word_1_331' title='bbox 165 2959 224 3020; x_wconf 89' lang='lat' dir='ltr'>eius</span> <span class='ocrx_word' id='word_1_332' title='bbox 243 2957 365 3020; x_wconf 83' lang='lat' dir='ltr'>mentio:</span> <span class='ocrx_word' id='word_1_333' title='bbox 384 2959 434 3020; x_wconf 88' lang='lat' dir='ltr'>sed</span> <span class='ocrx_word' id='word_1_334' title='bbox 457 2967 566 3021; x_wconf 85' lang='lat' dir='ltr'>tantum</span> <span class='ocrx_word' id='word_1_335' title='bbox 588 2957 735 3024; x_wconf 82' lang='lat' dir='ltr'>laudantur</span> <span class='ocrx_word' id='word_1_336' title='bbox 759 2959 905 3036; x_wconf 85' lang='lat' dir='ltr'>mulieres,</span> <span class='ocrx_word' id='word_1_337' title='bbox 935 2983 1014 3042; x_wconf 81' lang='lat' dir='ltr'>qnae·</span> <span class='ocrx_word' id='word_1_338' title='bbox 1030 2959 1181 3022; x_wconf 76' lang='lat' dir='ltr'>Christum</span> 
     </span>
     <span class='ocr_line' id='line_1_36' title="bbox 42 3033 1177 3126; baseline -0.004 -26"><span class='ocrx_word' id='word_1_339' title='bbox 42 3041 80 3104; x_wconf 83' lang='lat' dir='ltr'>ad</span> <span class='ocrx_word' id='word_1_340' title='bbox 102 3047 223 3097; x_wconf 91' lang='lat' dir='ltr'>mortem</span> <span class='ocrx_word' id='word_1_341' title='bbox 241 3057 329 3116; x_wconf 89' lang='lat' dir='ltr'>usque</span> <span class='ocrx_word' id='word_1_342' title='bbox 348 3033 495 3106; x_wconf 82' lang='lat' dir='ltr'>comitatae</span> <span class='ocrx_word' id='word_1_343' title='bbox 513 3045 592 3109; x_wconf 92' lang='lat' dir='ltr'>sunt,</span> <span class='ocrx_word' id='word_1_344' title='bbox 611 3035 687 3115; x_wconf 85' lang='lat' dir='ltr'>quod</span> <span class='ocrx_word' id='word_1_345' title='bbox 706 3034 771 3120; x_wconf 81' lang='lat' dir='ltr'>viris</span> <span class='ocrx_word' id='word_1_346' title='bbox 789 3036 898 3118; x_wconf 86' lang='lat' dir='ltr'>trepide</span> <span class='ocrx_word' id='word_1_347' title='bbox 915 3035 1098 3126; x_wconf 65' lang='lat' dir='ltr'>fugientibus,</span> <span class='ocrx_word' id='word_1_348' title='bbox 1118 3033 1177 3096; x_wconf 84' lang='lat' dir='ltr'>ela-</span> 
     </span>
    </p>
   </div>
   <div class='ocr_carea' id='block_1_12' title="bbox 42 3109 1297 3194">
    <p class='ocr_par' dir='ltr' id='par_1_14' title="bbox 42 3109 1297 3194">
     <span class='ocr_line' id='line_1_37' title="bbox 42 3109 1297 3194; baseline -0.006 -14"><span class='ocrx_word' id='word_1_349' title='bbox 42 3119 106 3180; x_wconf 84' lang='lat' dir='ltr'>rius</span> <span class='ocrx_word' id='word_1_350' title='bbox 125 3111 225 3174; x_wconf 89' lang='lat' dir='ltr'>enituit</span> <span class='ocrx_word' id='word_1_351' title='bbox 242 3109 389 3194; x_wconf 81' lang='lat' dir='ltr'>singularis</span> <span class='ocrx_word' id='word_1_352' title='bbox 409 3131 503 3170; x_wconf 88' lang='lat' dir='ltr'>earum</span> <span class='ocrx_word' id='word_1_353' title='bbox 521 3111 610 3190; x_wconf 88' lang='lat' dir='ltr'>pietas</span> <span class='ocrx_word' id='word_1_354' title='bbox 630 3131 697 3194; x_wconf 89' lang='lat' dir='ltr'>erga</span> <span class='ocrx_word' id='word_1_355' title='bbox 715 3111 887 3194; x_wconf 84' lang='lat' dir='ltr'>magistrum.</span> <span class='ocrx_word' id='word_1_356' title='bbox 924 3113 1095 3182; x_wconf 83' lang='lat' dir='ltr'>Raroemm</span> <span class='ocrx_word' id='word_1_357' title='bbox 1115 3117 1198 3181; x_wconf 80' lang='lat' dir='ltr'>stu·¹</span> <span class='ocrx_word' id='word_1_358' title='bbox 1294 3142 1297 3148; x_wconf 37' lang='lat' dir='ltr'>s</span> 
     </span>
    </p>
   </div>
   <div class='ocr_carea' id='block_1_13' title="bbox 21 3186 1245 4487">
    <p class='ocr_par' dir='ltr' id='par_1_15' title="bbox 21 3186 1266 4487">
     <span class='ocr_line' id='line_1_38' title="bbox 21 3186 1177 3278; baseline -0.006 -23"><span class='ocrx_word' id='word_1_359' title='bbox 21 3249 22 3255; x_wconf 74' lang='grc'>,</span> <span class='ocrx_word' id='word_1_360' title='bbox 43 3194 86 3256; x_wconf 86' lang='lat' dir='ltr'>dii</span> <span class='ocrx_word' id='word_1_361' title='bbox 107 3188 206 3250; x_wconf 89' lang='lat' dir='ltr'>ardore</span> <span class='ocrx_word' id='word_1_362' title='bbox 224 3191 361 3269; x_wconf 74' lang='lat' dir='ltr'>praeditas</span> <span class='ocrx_word' id='word_1_363' title='bbox 383 3186 468 3248; x_wconf 83' lang='lat' dir='ltr'>luisse</span> <span class='ocrx_word' id='word_1_364' title='bbox 487 3197 602 3248; x_wconf 79' lang='lat' dir='ltr'>necesse</span> <span class='ocrx_word' id='word_1_365' title='bbox 621 3199 676 3261; x_wconf 85' lang='lat' dir='ltr'>est,</span> <span class='ocrx_word' id='word_1_366' title='bbox 701 3209 787 3278; x_wconf 80' lang='lat' dir='ltr'>quae,</span> <span class='ocrx_word' id='word_1_367' title='bbox 819 3189 929 3249; x_wconf 84' lang='lat' dir='ltr'>tametsi</span> <span class='ocrx_word' id='word_1_368' title='bbox 947 3187 1016 3252; x_wconf 85' lang='lat' dir='ltr'>nibil</span> <span class='ocrx_word' id='word_1_369' title='bbox 1033 3199 1177 3269; x_wconf 85' lang='lat' dir='ltr'>praestare</span> 
     </span>
     <span class='ocr_line' id='line_1_39' title="bbox 22 3261 1180 3346; baseline 0 -21"><span class='ocrx_word' id='word_1_370' title='bbox 22 3307 23 3325; x_wconf 44' lang='grc' dir='ltr'><strong>ι</strong></span> <span class='ocrx_word' id='word_1_371' title='bbox 44 3266 136 3334; x_wconf 87' lang='lat' dir='ltr'>officii</span> <span class='ocrx_word' id='word_1_372' title='bbox 154 3276 284 3346; x_wconf 88' lang='lat' dir='ltr'>possent,</span> <span class='ocrx_word' id='word_1_373' title='bbox 307 3264 337 3324; x_wconf 90' lang='lat' dir='ltr'>iu</span> <span class='ocrx_word' id='word_1_374' title='bbox 356 3261 488 3326; x_wconf 85' lang='lat' dir='ltr'>extremis</span> <span class='ocrx_word' id='word_1_375' title='bbox 509 3274 605 3332; x_wconf 63' lang='lat' dir='ltr'>murto</span> <span class='ocrx_word' id='word_1_376' title='bbox 623 3263 735 3344; x_wconf 73' lang='lat' dir='ltr'>probru</span> <span class='ocrx_word' id='word_1_377' title='bbox 748 3264 879 3345; x_wconf 85' lang='lat' dir='ltr'>positum</span> <span class='ocrx_word' id='word_1_378' title='bbox 897 3275 1062 3331; x_wconf 75' lang='lat' dir='ltr'>reverenter</span> <span class='ocrx_word' id='word_1_379' title='bbox 1081 3263 1180 3326; x_wconf 86' lang='lat' dir='ltr'>colere</span> 
     </span>
     <span class='ocr_line' id='line_1_40' title="bbox 23 3339 1245 3423; baseline 0.001 -22"><span class='ocrx_word' id='word_1_380' title='bbox 23 3341 304 3409; x_wconf 56' lang='lat' dir='ltr'>*non&#39;destiterunt</span> <span class='ocrx_word' id='word_1_381' title='bbox 343 3339 444 3422; x_wconf 87' lang='lat' dir='ltr'>Neque</span> <span class='ocrx_word' id='word_1_382' title='bbox 464 3349 561 3400; x_wconf 80' lang='lat' dir='ltr'>tamm</span> <span class='ocrx_word' id='word_1_383' title='bbox 583 3341 658 3401; x_wconf 86' lang='lat' dir='ltr'>viros</span> <span class='ocrx_word' id='word_1_384' title='bbox 677 3361 776 3402; x_wconf 90' lang='lat' dir='ltr'>omnes</span> <span class='ocrx_word' id='word_1_385' title='bbox 798 3340 927 3423; x_wconf 80' lang='lat' dir='ltr'>fugisse,</span> <span class='ocrx_word' id='word_1_386' title='bbox 946 3363 980 3406; x_wconf 84' lang='lat' dir='ltr'>ex</span> <span class='ocrx_word' id='word_1_387' title='bbox 998 3343 1079 3402; x_wconf 86' lang='lat' dir='ltr'>Luca</span> <span class='ocrx_word' id='word_1_388' title='bbox 1094 3339 1177 3404; x_wconf 87' lang='lat' dir='ltr'>oolli-</span> <span class='ocrx_word' id='word_1_389' title='bbox 1242 3389 1245 3394; x_wconf 90' lang='lat'>.</span> 
     </span>
     <span class='ocr_line' id='line_1_41' title="bbox 24 3411 1178 3506; baseline 0 -27"><span class='ocrx_word' id='word_1_390' title='bbox 24 3441 25 3448; x_wconf 53' lang='lat'>¹</span> <span class='ocrx_word' id='word_1_391' title='bbox 46 3424 156 3506; x_wconf 79' lang='lat' dir='ltr'>gimus:</span> <span class='ocrx_word' id='word_1_392' title='bbox 183 3417 257 3504; x_wconf 52' lang='lat' dir='ltr'>quia·</span> <span class='ocrx_word' id='word_1_393' title='bbox 268 3415 354 3494; x_wconf 89' lang='lat' dir='ltr'>dicit,</span> <span class='ocrx_word' id='word_1_394' title='bbox 376 3435 475 3476; x_wconf 79' lang='lat' dir='ltr'>omues</span> <span class='ocrx_word' id='word_1_395' title='bbox 498 3419 563 3476; x_wconf 77' lang='lat' dir='ltr'>eius</span> <span class='ocrx_word' id='word_1_396' title='bbox 582 3411 665 3476; x_wconf 73' lang='lat' dir='ltr'>absos</span> <span class='ocrx_word' id='word_1_397' title='bbox 703 3419 787 3476; x_wconf 79' lang='lat' dir='ltr'>rocol</span> <span class='ocrx_word' id='word_1_398' title='bbox 803 3413 932 3496; x_wconf 72' lang='lat' dir='ltr'>stetisse.</span> <span class='ocrx_word' id='word_1_399' title='bbox 949 3418 1028 3487; x_wconf 64' lang='lat' dir='ltr'>”Sed</span> <span class='ocrx_word' id='word_1_400' title='bbox 1046 3415 1178 3480; x_wconf 86' lang='lat' dir='ltr'>mulieres</span> 
     </span>
     <span class='ocr_line' id='line_1_42' title="bbox 47 3482 1181 3582; baseline -0.003 -24"><span class='ocrx_word' id='word_1_401' title='bbox 47 3491 201 3582; x_wconf 33' lang='lat' dir='ltr'>uonnsine.</span> <span class='ocrx_word' id='word_1_402' title='bbox 214 3493 488 3573; x_wconf 76' lang='lat' dir='ltr'>causapotissimum</span> <span class='ocrx_word' id='word_1_403' title='bbox 512 3493 656 3554; x_wconf 80' lang='lat' dir='ltr'>celebrant</span> <span class='ocrx_word' id='word_1_404' title='bbox 688 3492 885 3577; x_wconf 61' lang='lat' dir='ltr'>&#39;vangelistm</span> <span class='ocrx_word' id='word_1_405' title='bbox 908 3482 1070 3576; x_wconf 71' lang='lat' dir='ltr'>quollvlris</span> <span class='ocrx_word' id='word_1_406' title='bbox 1091 3485 1181 3578; x_wconf 56' lang='lat' dir='ltr'>p‘raea</span> 
     </span>
     <span class='ocr_line' id='line_1_43' title="bbox 47 3565 1177 3654; baseline -0.004 -17"><span class='ocrx_word' id='word_1_407' title='bbox 47 3577 122 3637; x_wconf 80' lang='lat' dir='ltr'>sem</span> <span class='ocrx_word' id='word_1_408' title='bbox 139 3565 166 3627; x_wconf 83' lang='lat' dir='ltr'>dr</span> <span class='ocrx_word' id='word_1_409' title='bbox 188 3588 240 3628; x_wconf 85' lang='lat' dir='ltr'>uae</span> <span class='ocrx_word' id='word_1_410' title='bbox 259 3581 358 3632; x_wconf 88' lang='lat' dir='ltr'>essent.</span> <span class='ocrx_word' id='word_1_411' title='bbox 397 3573 466 3631; x_wconf 86' lang='lat' dir='ltr'>Meo</span> <span class='ocrx_word' id='word_1_412' title='bbox 485 3570 597 3650; x_wconf 88' lang='lat' dir='ltr'>quidem</span> <span class='ocrx_word' id='word_1_413' title='bbox 622 3567 726 3632; x_wconf 87' lang='lat' dir='ltr'>iudicio</span> <span class='ocrx_word' id='word_1_414' title='bbox 749 3571 831 3632; x_wconf 85' lang='lat' dir='ltr'>tacita</span> <span class='ocrx_word' id='word_1_415' title='bbox 855 3570 1028 3652; x_wconf 87' lang='lat' dir='ltr'>comparatio</span> <span class='ocrx_word' id='word_1_416' title='bbox 1051 3571 1177 3654; x_wconf 78' lang='lat' dir='ltr'>graviter</span> 
     </span>
     <span class='ocr_line' id='line_1_44' title="bbox 47 3589 1178 3731; baseline -0.009 -17"><span class='ocrx_word' id='word_1_417' title='bbox 47 3589 205 3731; x_wconf 59' lang='lat' dir='ltr'>Apostodss</span> <span class='ocrx_word' id='word_1_418' title='bbox 224 3643 395 3726; x_wconf 82' lang='lat' dir='ltr'>perstringit.</span> <span class='ocrx_word' id='word_1_419' title='bbox 425 3647 471 3708; x_wconf 86' lang='lat' dir='ltr'>De</span> <span class='ocrx_word' id='word_1_420' title='bbox 489 3651 552 3728; x_wconf 89' lang='lat' dir='ltr'>ipso</span> <span class='ocrx_word' id='word_1_421' title='bbox 576 3667 700 3727; x_wconf 82' lang='lat' dir='ltr'>corporo</span> <span class='ocrx_word' id='word_1_422' title='bbox 722 3645 838 3728; x_wconf 80' lang='lat' dir='ltr'>loquor:</span> <span class='ocrx_word' id='word_1_423' title='bbox 856 3647 1093 3729; x_wconf 63' lang='lat' dir='ltr'>namquta‘unus</span> <span class='ocrx_word' id='word_1_424' title='bbox 1112 3643 1178 3706; x_wconf 75' lang='lat' dir='ltr'>tan·</span> 
     </span>
     <span class='ocr_line' id='line_1_45' title="bbox 33 3719 1204 3808; baseline -0.005 -22"><span class='ocrx_word' id='word_1_425' title='bbox 33 3741 113 3790; x_wconf 79' lang='lat' dir='ltr'>‚tum</span> <span class='ocrx_word' id='word_1_426' title='bbox 134 3719 258 3805; x_wconf 80' lang='lat' dir='ltr'>residuus</span> <span class='ocrx_word' id='word_1_427' title='bbox 282 3731 432 3804; x_wconf 75' lang='lat' dir='ltr'>marsserat,</span> <span class='ocrx_word' id='word_1_428' title='bbox 465 3722 501 3782; x_wconf 92' lang='lat' dir='ltr'>de</span> <span class='ocrx_word' id='word_1_429' title='bbox 525 3743 560 3791; x_wconf 77' lang='lat' dir='ltr'>co</span> <span class='ocrx_word' id='word_1_430' title='bbox 588 3721 685 3798; x_wconf 78' lang='lat' dir='ltr'>(simui</span> <span class='ocrx_word' id='word_1_431' title='bbox 704 3743 743 3784; x_wconf 93' lang='lat' dir='ltr'>nu</span> <span class='ocrx_word' id='word_1_432' title='bbox 764 3743 796 3784; x_wconf 87' lang='lat' dir='ltr'>er</span> <span class='ocrx_word' id='word_1_433' title='bbox 814 3724 888 3802; x_wconf 84' lang='lat' dir='ltr'>dixi)</span> <span class='ocrx_word' id='word_1_434' title='bbox 903 3735 962 3786; x_wconf 90' lang='lat' dir='ltr'>tres</span> <span class='ocrx_word' id='word_1_435' title='bbox 980 3721 1177 3808; x_wconf 80' lang='lat' dir='ltr'>Evangelistae</span> <span class='ocrx_word' id='word_1_436' title='bbox 1199 3745 1204 3756; x_wconf 73' lang='lat'>¹</span> 
     </span>
     <span class='ocr_line' id='line_1_46' title="bbox 29 3745 1176 3884; baseline -0.005 -23"><span class='ocrx_word' id='word_1_437' title='bbox 29 3809 156 3866; x_wconf 57' lang='lat' dir='ltr'>esseut.</span> <span class='ocrx_word' id='word_1_438' title='bbox 183 3795 361 3858; x_wconf 85' lang='lat' dir='ltr'>Fuit·autem</span> <span class='ocrx_word' id='word_1_439' title='bbox 382 3795 482 3856; x_wconf 79' lang='lat' dir='ltr'>electii&#39;</span> <span class='ocrx_word' id='word_1_440' title='bbox 494 3797 610 3858; x_wconf 83' lang='lat' dir='ltr'>testibus</span> <span class='ocrx_word' id='word_1_441' title='bbox 629 3797 685 3884; x_wconf 77' lang='lat' dir='ltr'>boc</span> <span class='ocrx_word' id='word_1_442' title='bbox 704 3745 784 3860; x_wconf 63' lang='lat' dir='ltr'>vadio</span> <span class='ocrx_word' id='word_1_443' title='bbox 802 3801 980 3880; x_wconf 86' lang='lat' dir='ltr'>prob&#39;rosum,</span> <span class='ocrx_word' id='word_1_444' title='bbox 998 3799 1032 3860; x_wconf 90' lang='lat' dir='ltr'>ab</span> <span class='ocrx_word' id='word_1_445' title='bbox 1053 3805 1095 3858; x_wconf 89' lang='lat' dir='ltr'>eo&#39;</span> <span class='ocrx_word' id='word_1_446' title='bbox 1108 3815 1176 3875; x_wconf 88' lang='lat' dir='ltr'>spe·</span> 
     </span>
     <span class='ocr_line' id='line_1_47' title="bbox 48 3871 1183 3953; baseline -0.004 -16"><span class='ocrx_word' id='word_1_447' title='bbox 48 3873 160 3944; x_wconf 69' lang='lat' dir='ltr'>eraculo</span> <span class='ocrx_word' id='word_1_448' title='bbox 183 3893 214 3934; x_wconf 88' lang='lat' dir='ltr'>se</span> <span class='ocrx_word' id='word_1_449' title='bbox 236 3872 410 3947; x_wconf 83' lang='lat' dir='ltr'>subducere,</span> <span class='ocrx_word' id='word_1_450' title='bbox 446 3891 481 3932; x_wconf 84' lang='lat' dir='ltr'>ex</span> <span class='ocrx_word' id='word_1_451' title='bbox 504 3892 560 3952; x_wconf 90' lang='lat' dir='ltr'>quo</span> <span class='ocrx_word' id='word_1_452' title='bbox 584 3871 727 3953; x_wconf 66' lang='lat' dir='ltr'>peudsbat</span> <span class='ocrx_word' id='word_1_453' title='bbox 750 3878 848 3937; x_wconf 92' lang='lat' dir='ltr'>mundi</span> <span class='ocrx_word' id='word_1_454' title='bbox 873 3878 952 3938; x_wconf 84' lang='lat' dir='ltr'>salus.</span> <span class='ocrx_word' id='word_1_455' title='bbox 989 3876 1093 3953; x_wconf 85' lang='lat' dir='ltr'>Itaque·</span> <span class='ocrx_word' id='word_1_456' title='bbox 1107 3873 1183 3932; x_wconf 82' lang='lat' dir='ltr'>dunr&#39;</span> 
     </span>
     <span class='ocr_line' id='line_1_48' title="bbox 48 3947 1184 4040; baseline 0.001 -29"><span class='ocrx_word' id='word_1_457' title='bbox 48 3964 149 4040; x_wconf 77' lang='lat' dir='ltr'>postea</span> <span class='ocrx_word' id='word_1_458' title='bbox 169 3947 488 4032; x_wconf 75' lang='lat' dir='ltr'>Evangeliumpsomul</span> <span class='ocrx_word' id='word_1_459' title='bbox 510 3961 617 4024; x_wconf 74' lang='lat' dir='ltr'>arunt,</span> <span class='ocrx_word' id='word_1_460' title='bbox 638 3951 820 4032; x_wconf 83' lang='lat' dir='ltr'>praecipuum</span> <span class='ocrx_word' id='word_1_461' title='bbox 842 3952 975 4018; x_wconf 77' lang='lat' dir='ltr'>historiae</span> <span class='ocrx_word' id='word_1_462' title='bbox 992 3960 1078 4030; x_wconf 81' lang='lat' dir='ltr'>eaput</span> <span class='ocrx_word' id='word_1_463' title='bbox 1096 3969 1111 4010; x_wconf 88' lang='lat' dir='ltr'>a</span> <span class='ocrx_word' id='word_1_464' title='bbox 1130 3947 1184 4012; x_wconf 59' lang='lat' dir='ltr'>fest</span> 
     </span>
     <span class='ocr_line' id='line_1_49' title="bbox 35 4023 1177 4110; baseline -0.004 -21"><span class='ocrx_word' id='word_1_465' title='bbox 35 4028 134 4094; x_wconf 66' lang='lat' dir='ltr'>*minis</span> <span class='ocrx_word' id='word_1_466' title='bbox 149 4023 277 4085; x_wconf 82' lang='lat' dir='ltr'>mutuari</span> <span class='ocrx_word' id='word_1_467' title='bbox 300 4023 435 4106; x_wconf 81' lang='lat' dir='ltr'>oportuit.</span> <span class='ocrx_word' id='word_1_468' title='bbox 507 4025 562 4084; x_wconf 89' lang='lat' dir='ltr'>uod</span> <span class='ocrx_word' id='word_1_469' title='bbox 585 4023 638 4103; x_wconf 78' lang='lat' dir='ltr'>uisi</span> <span class='ocrx_word' id='word_1_470' title='bbox 661 4026 772 4110; x_wconf 83' lang='lat' dir='ltr'>ingenti</span> <span class='ocrx_word' id='word_1_471' title='bbox 795 4028 867 4092; x_wconf 88' lang='lat' dir='ltr'>malo</span> <span class='ocrx_word' id='word_1_472' title='bbox 887 4026 1050 4088; x_wconf 85' lang='lat' dir='ltr'>mirabiliter</span> <span class='ocrx_word' id='word_1_473' title='bbox 1073 4045 1177 4088; x_wconf 84' lang='lat' dir='ltr'>occur-</span> 
     </span>
     <span class='ocr_line' id='line_1_50' title="bbox 50 4093 1174 4184; baseline -0.009 -17"><span class='ocrx_word' id='word_1_474' title='bbox 50 4127 114 4168; x_wconf 88' lang='lat' dir='ltr'>sum</span> <span class='ocrx_word' id='word_1_475' title='bbox 134 4113 205 4161; x_wconf 85' lang='lat' dir='ltr'>esset</span> <span class='ocrx_word' id='word_1_476' title='bbox 224 4101 280 4160; x_wconf 77' lang='lat' dir='ltr'>oei</span> <span class='ocrx_word' id='word_1_477' title='bbox 299 4096 483 4184; x_wconf 86' lang='lat' dir='ltr'>providentia,</span> <span class='ocrx_word' id='word_1_478' title='bbox 502 4100 703 4180; x_wconf 81' lang='lat' dir='ltr'>redemptionis</span> <span class='ocrx_word' id='word_1_479' title='bbox 721 4103 822 4165; x_wconf 88' lang='lat' dir='ltr'>notitia</span> <span class='ocrx_word' id='word_1_480' title='bbox 840 4126 871 4166; x_wconf 88' lang='lat' dir='ltr'>se</span> <span class='ocrx_word' id='word_1_481' title='bbox 891 4117 920 4165; x_wconf 87' lang='lat' dir='ltr'>et</span> <span class='ocrx_word' id='word_1_482' title='bbox 932 4124 990 4172; x_wconf 85' lang='lat' dir='ltr'>¹uos</span> <span class='ocrx_word' id='word_1_483' title='bbox 1009 4093 1174 4181; x_wconf 66' lang='lat' dir='ltr'>privassent.</span> 
     </span>
     <span class='ocr_line' id='line_1_51' title="bbox 53 4173 1176 4258; baseline -0.007 -15"><span class='ocrx_word' id='word_1_484' title='bbox 53 4183 206 4243; x_wconf 86' lang='lat' dir='ltr'>Caeterum</span> <span class='ocrx_word' id='word_1_485' title='bbox 223 4178 383 4258; x_wconf 80' lang='lat' dir='ltr'>qbanuasn</span> <span class='ocrx_word' id='word_1_486' title='bbox 399 4177 430 4236; x_wconf 91' lang='lat' dir='ltr'>in</span> <span class='ocrx_word' id='word_1_487' title='bbox 445 4173 561 4236; x_wconf 74' lang='lat' dir='ltr'>leminis</span> <span class='ocrx_word' id='word_1_488' title='bbox 581 4193 645 4237; x_wconf 80' lang='lat' dir='ltr'>non</span> <span class='ocrx_word' id='word_1_489' title='bbox 658 4175 771 4242; x_wconf 77' lang='lat' dir='ltr'>ridetur</span> <span class='ocrx_word' id='word_1_490' title='bbox 792 4191 868 4240; x_wconf 84' lang='lat' dir='ltr'>tanta</span> <span class='ocrx_word' id='word_1_491' title='bbox 887 4191 950 4240; x_wconf 82' lang='lat' dir='ltr'>esse</span> <span class='ocrx_word' id='word_1_492' title='bbox 966 4177 1129 4252; x_wconf 87' lang='lat' dir='ltr'>auctoritas,</span> <span class='ocrx_word' id='word_1_493' title='bbox 1151 4174 1176 4235; x_wconf 89' lang='lat' dir='ltr'>si</span> 
     </span>
     <span class='ocr_line' id='line_1_52' title="bbox 42 4251 1178 4338; baseline -0.005 -18"><span class='ocrx_word' id='word_1_494' title='bbox 42 4269 145 4338; x_wconf 85' lang='lat' dir='ltr'>-tamen</span> <span class='ocrx_word' id='word_1_495' title='bbox 168 4253 361 4336; x_wconf 71' lang='lat' dir='ltr'>supendimus,</span> <span class='ocrx_word' id='word_1_496' title='bbox 388 4264 489 4334; x_wconf 87' lang='lat' dir='ltr'>quanta</span> <span class='ocrx_word' id='word_1_497' title='bbox 507 4251 761 4334; x_wconf 56' lang='lat' dir='ltr'>Spiritus-,virtute</span> <span class='ocrx_word' id='word_1_498' title='bbox 783 4269 882 4318; x_wconf 86' lang='lat' dir='ltr'>tontta</span> <span class='ocrx_word' id='word_1_499' title='bbox 899 4256 972 4318; x_wconf 85' lang='lat' dir='ltr'>illem</span> <span class='ocrx_word' id='word_1_500' title='bbox 990 4252 1178 4319; x_wconf 81' lang='lat' dir='ltr'>tentationem</span> 
     </span>
     <span class='ocr_line' id='line_1_53' title="bbox 38 4329 1176 4412; baseline -0.006 -16"><span class='ocrx_word' id='word_1_501' title='bbox 38 4329 182 4396; x_wconf 32' lang='lat' dir='ltr'>lsul&#39;iultae</span> <span class='ocrx_word' id='word_1_502' title='bbox 205 4330 324 4410; x_wconf 83' lang='lat' dir='ltr'>suerint,</span> <span class='ocrx_word' id='word_1_503' title='bbox 357 4351 418 4390; x_wconf 91' lang='lat' dir='ltr'>uon</span> <span class='ocrx_word' id='word_1_504' title='bbox 443 4330 497 4390; x_wconf 87' lang='lat' dir='ltr'>erit</span> <span class='ocrx_word' id='word_1_505' title='bbox 518 4350 569 4390; x_wconf 86' lang='lat' dir='ltr'>cur</span> <span class='ocrx_word' id='word_1_506' title='bbox 586 4329 698 4393; x_wconf 84' lang='lat' dir='ltr'>vacillet</span> <span class='ocrx_word' id='word_1_507' title='bbox 714 4332 783 4393; x_wconf 88' lang='lat' dir='ltr'>fides</span> <span class='ocrx_word' id='word_1_508' title='bbox 800 4344 913 4406; x_wconf 90' lang='lat' dir='ltr'>nostra,</span> <span class='ocrx_word' id='word_1_509' title='bbox 942 4351 1013 4412; x_wconf 80' lang='lat' dir='ltr'>quae</span> <span class='ocrx_word' id='word_1_510' title='bbox 1031 4331 1061 4391; x_wconf 92' lang='lat' dir='ltr'>in</span> <span class='ocrx_word' id='word_1_511' title='bbox 1080 4329 1176 4392; x_wconf 86' lang='lat' dir='ltr'>Deum</span> 
     </span>
     <span class='ocr_line' id='line_1_54' title="bbox 38 4395 1185 4487; baseline -0.008 -13"><span class='ocrx_word' id='word_1_512' title='bbox 38 4407 150 4474; x_wconf 83' lang='lat' dir='ltr'>l&#39;verum</span> <span class='ocrx_word' id='word_1_513' title='bbox 169 4395 326 4470; x_wconf 78' lang='lat' dir='ltr'>testdbtillii</span> <span class='ocrx_word' id='word_1_514' title='bbox 347 4417 493 4470; x_wconf 71' lang='lat' dir='ltr'>auctorem</span> <span class='ocrx_word' id='word_1_515' title='bbox 516 4407 672 4472; x_wconf 82' lang='lat' dir='ltr'>recumbet.</span> <span class='ocrx_word' id='word_1_516' title='bbox 714 4407 996 4487; x_wconf 72' lang='lat' dir='ltr'>Intereauotemus,</span> <span class='ocrx_word' id='word_1_517' title='bbox 1018 4403 1185 4472; x_wconf 85' lang='lat' dir='ltr'>incredibili</span> 
     </span>
    </p>
   </div>
   <div class='ocr_carea' id='block_1_14' title="bbox 42 4717 55 4750">
    <p class='ocr_par' dir='ltr' id='par_1_16' title="bbox 42 4717 55 4750">
     <span class='ocr_line' id='line_1_55' title="bbox 42 4717 55 4750; baseline 0 0"><span class='ocrx_word' id='word_1_518' title='bbox 42 4717 55 4750; x_wconf 69' lang='grc' dir='ltr'>Ε</span> 
     </span>
    </p>
   </div>
   <div class='ocr_carea' id='block_1_15' title="bbox 0 0 1420 4774">
    <p class='ocr_par' dir='ltr' id='par_1_17' title="bbox 0 0 1420 4774">
     <span class='ocr_line' id='line_1_56' title="bbox 0 0 1420 4774; baseline 0 0"><span class='ocrx_word' id='word_1_519' title='bbox 0 0 1420 4774; x_wconf 95' lang='lat' dir='ltr'> </span> 
     </span>
    </p>
   </div>
  </div>
 </body>
</html>
