2796 4774
185 316 189 326 ι
281 213 397 323 ¹(ao9.
432 201 565 306 Christus
585 228 732 304 damnatur
751 254 781 304 et
798 194 973 323 abducitur.)
1068 281 1075 334 5
1153 251 1211 313 361
1297 335 1300 346 Ι

67 393 114 454 illi
140 392 228 456 fuisse
245 394 360 458 'nomen
386 407 415 458 et
439 392 773 476 nummum'impelinm‘,
811 408 844 457 ut
871 419 966 460 coram
996 397 1058 478 ipso
1080 399 1211 462 llectatur

70 491 166 531 omne
186 491 276 562 genu,
301 474 371 552 rquia
390 472 528 554 seipsum
548 483 648 552 sponte
668 471 820 532 exinanivit
844 496 930 567 usque
949 477 984 538 ad
1003 485 1125 536 mortem
1144 499 1209 536 cru·

18 567 22 574 ·
71 547 277 622 cis(l’h1l.2,
300 543 422 626 8.1b.)?
453 549 550 628 Quare
570 549 600 609 si
616 548 699 609 hodie
719 547 802 609 etiam
823 547 935 623 Christo
955 552 1077 620 mundus
1095 564 1210 631 proter-

69 643 109 683 ve
131 623 236 699 illudit,
260 625 396 686 discamus
419 624 483 684 fidei
509 624 654 685 altitudine
672 645 804 704 superare
824 623 891 686 haec
910 627 1049 690 scaudala:
1073 649 1128 689 nec
1146 645 1211 690 mn-

71 721 189 771 remur,
209 701 373 798 quidimpil
394 701 509 762 Christo
528 719 684 794 perperam
698 700 843 784 affingant,
862 704 1038 790 sedrquibus
1054 704 1211 788 insignibus
1290 757 1294 760 .
1364 690 1369 716 κ

71 776 203 836 induerit
219 778 298 838 allum
317 777 447 840 coelestis
468 777 566 850 Pater,
595 799 652 856 quo
676 776 758 836 illurn
780 789 893 857 sceptro
914 792 1016 872 etqua
1035 782 1211 848 cornuade·

73 853 233 927 roraverit,
262 867 370 914 utnon
391 853 477 914 modo
497 852 847 933 longesuprahoruines,
873 854 922 914 se'd
942 868 1209 938 etramsupraom-
1251 896 1254 906 r
1333 879 1337 886 ·

73 949 128 990 nes
153 929 271 1008 angelos
295 931 423 992 emineat.
483 929 575 1004 Quod
595 931 707 991 Marcus
732 942 883 1010 purpuram
913 934 992 991 cocci
1018 932 1083 992 loco
1106 933 1210 1013 posuit,

72 1027 166 1084 quum
185 1008 287 1068 diversi
305 1009 362 1068 sint
381 1007 508 1080 colores,
536 1006 566 1065 in
592 1026 629 1066 eo
652 1005 767 1066 minime
790 1007 944 1066 sudandum
972 1018 1023 1071 est
1065 1007 1210 1070 Christum

74 1093 158 1142 veste
184 1084 304 1166 pretiosa
328 1083 411 1145 luisse
435 1083 578 1158 indutum,
610 1101 669 1143 non
696 1094 736 1144 est
776 1081 913 1143 robabile:
946 1085 1021 1144 unde
1044 1083 1108 1143 colli
1130 1086 1210 1160 ‘mnu

75 1178 139 1218 non
167 1152 256 1220 lulsse
281 1180 468 1242 purpuream,
510 1159 559 1218 sed
596 1179 668 1238 quae
696 1104 904 1221 similitudinem
933 1157 1053 1240 aliquam
1080 1104 1210 1236 rehhrrct,
1243 1223 1245 1227 ,
1288 1181 1292 1192 “

73 1237 313 1314 quemadmodum
334 1240 426 1316 pictor
446 1233 593 1306 veritatem
614 1234 738 1295 imitatur
756 1235 787 1294 iu
805 1236 867 1296 suis·
880 1236 985 1318 figuris.
1071 1272 1075 1280 ·

154 1314 202 1372 32.
228 1313 416 1382 ,Invenerunt
440 1312 583 1371 hominem
609 1315 802 1401 cyrenaeum.
819 1312 905 1392 ‘Hac
931 1311 1137 1380 circumstantia
1162 1332 1214 1372 ex·

72 1385 214 1466 primitur
228 1401 350 1450 esmona
369 1400 426 1448 tem
447 1387 540 1470 geritis
560 1385 682 1450 iudareae
708 1407 790 1469 quarn
808 1387 927 1448 militnm
947 1387 1102 1450 crudelitas,
1142 1389 1210 1451 Nou
1259 1387 1263 1396 ’

74 1463 196 1524 dubium
216 1478 271 1539 est,
303 1465 370 1544 quin
390 1464 567 1527 s'uas‘cruees
592 1476 658 1524 tunc
678 1475 789 1546 gestare
807 1463 882 1524 soliti
901 1463 1009 1524 luerint
1027 1463 1144 1525 malefici
1163 1487 1211 1525 us·
1269 1473 1276 1480 “

74 1560 135 1618 que
154 1538 187 1598 ad
207 1539 336 1620 supplicii
354 1541 457 1614 locum,
477 1541 525 1599 sed
545 1561 630 1620 quum
650 1562 708 1600 non
720 1541 774 1608 nisi
794 1540 903 1610 robusti
922 1542 1044 1601 latrones
1063 1540 1211 1624 crucifige-

25 1622 29 1634 '
75 1626 195 1689 rentur,
215 1637 293 1696 pares
311 1630 390 1677 erant
408 1616 443 1676 ad
462 1615 518 1676 tale
538 1637 610 1676 onus
628 1616 787 1676 serendum:
810 1615 916 1678 Christi
934 1616 986 1677 alia
1005 1615 1059 1675 fuit
1080 1618 1161 1687 ratio,
1180 1628 1213 1677 ut
1279 1627 1281 1631 ’
1316 1655 1319 1669 ›

74 1691 137 1771 ipsa
163 1693 290 1772 corporis
310 1693 439 1753 'debilitas
486 1692 554 1752 alam
579 1692 788 1754 demonstraret
811 1714 915 1775 agnum
939 1692 1087 1756 immolari.
1135 1693 1213 1776 Fieri

76 1768 163 1828 ctiam
189 1780 297 1848 potest,
327 1781 360 1828 nt
384 1769 420 1828 lla
443 1714 503 1829 elba
526 1768 683 1841 mutilatus,
713 1768 864 1848 multisque
889 1769 997 1851 iniuriis
1026 1766 1133 1830 duriter
1157 1791 1212 1852 op-

76 1865 202 1924 pressus,
236 1845 326 1906 crucis
357 1789 478 1926 ponderi
505 1845 691 1906 succubuerit.
742 1847 864 1920 Narrant
891 1859 984 1906 autem
1007 1845 1210 1929 Evangelblae,

76 1920 214 1981 rusticmn
235 1921 385 1982 hominem
397 1935 427 1984 et
453 1922 606 2004 ignobilem
630 1934 760 1982 coactum
779 1922 865 1982 luisse
883 1943 899 1982 a
919 1921 1064 1995 militibus,
1095 1935 1127 1984 ut
1146 1944 1210 1982 eru·

76 2017 141 2084 qam
162 2010 297 2078 gestaret:
334 1999 412 2079 quia,
446 2021 532 2079 quum
552 1998 716 2060 detestabile
742 2011 815 2061 esset
839 1999 1010 2079 supplicium
1033 1997 1114 2073 illud,
1146 1997 1210 2060 solo

79 2073 166 2134 etiam
186 2086 319 2134 contactu
338 2075 425 2155 pollui
444 2095 474 2135 se
494 2094 594 2135 ornnes
613 2076 757 2154 putabant.
777 2075 865 2152 “Qui
885 2095 955 2136 vero
975 2095 1008 2134 ex
1028 2075 1212 2155 contemptis-

78 2149 149 2212 sima
170 2149 258 2229 plebis
276 2151 360 2226 haece⁴
373 2151 408 2210 ad
425 2151 568 2213 sordidum
592 2161 621 2208 et
645 2150 750 2210 infame
774 2172 875 2211 munus
898 2153 1031 2230 arreptus
1045 2149 1111 2224 luit,
1147 2171 1211 2210 enm

80 2228 161 2299 Deus
187 2247 237 2306 per
261 2244 327 2285 suos
352 2241 505 2307 praecones
532 2224 672 2284 nobilitat:
707 2246 803 2305 neque
833 2225 908 2285 enim
936 2238 1137 2305 supervacuum
1161 2237 1212 2298 est,

80 2303 157 2382 qnod
183 2323 242 2360 non
266 2303 352 2364 modo
378 2303 537 2382 exprimunt
559 2301 753 2380 Evangelistae
775 2300 833 2360 eius
863 2321 982 2374 nomeu,
1020 2301 1069 2360 sed
1094 2301 1211 2380 patriam
1335 2357 1338 2368 ‚

74 2377 195 2458 ,noque
214 2378 244 2438 et
263 2378 334 2441 filios
354 2379 587 2437 commemorant.
626 2378 690 2437 Nec
713 2376 828 2436 dubium
853 2389 908 2451 est,
938 2377 1006 2457 quin
1028 2375 1082 2436 hoc
1101 2375 1212 2455 praelu-
1302 2417 1304 2423 ,

80 2401 131 2519 hio
150 2475 203 2514 nos
221 2453 399 2514 admonuerit
420 2455 511 2527 Deus,
550 2475 617 2512 uum
637 2453 737 2513 nullius
755 2453 841 2514 simus
857 2473 911 2543 per
933 2473 986 2513 nos
1004 2451 1061 2514 loci
1079 2448 1124 2514 vel
1143 2473 1210 2532 pre-

27 2517 45 2540 s
79 2529 129 2606 tii,
147 2530 310 2611 dignitatem
329 2541 360 2589 et
379 2529 480 2590 laruam
499 2473 581 2590 nobis
601 2529 670 2589 oriri
688 2552 723 2590 ex
743 2529 805 2590 titii
824 2551 865 2589 sur
885 2549 978 2588 cruce.

74 2659 78 2674 ,
156 2607 226 2665 Luc.
246 2609 293 2668 Ἠ.
331 2605 521 2685 Sequebatur
544 2617 645 2665 nutem
667 2624 760 2666 eum:
808 2603 943 2680 Quamvis
969 2605 1000 2664 in
1025 2603 1138 2685 publico
1163 2615 1211 2664 to·

79 2694 125 2744 tus
175 2681 276 2761 opulus
305 2703 363 2742 uno
398 2683 520 2743 clamore
551 2683 694 2744 Christum
729 2683 906 2757 damnasset,
950 2681 1076 2742 ridemus
1107 2693 1212 2756 tamem

102 2779 139 2819 uo
171 2779 215 2818 am
235 2779 295 2817 non
314 2757 398 2819 luisse
418 2757 521 2820 oblitos
541 2757 686 2820 doctrinae
709 2771 742 2820 et
761 2758 972 2819 miraculorum:
996 2757 1037 2818 sic
1060 2757 1089 2816 in
1109 2758 1212 2819 misera

80 2778 128 2897 hai
145 2833 324 2916 dissipatione
344 2835 456 2930 exiguas
479 2835 532 2895 sibi
556 2833 685 2914 reliquias
703 2837 782 2898 Deus
804 2835 933 2897 servavit.
973 2833 1059 2910 Quan
1078 2855 1142 2895 rum
1160 2855 1212 2894 au·
1276 2897 1278 2904 s

78 2927 139 2974 tem
155 2911 292 2978 imbecilla
311 2911 497 2973 initiatarum
516 2911 664 2972 mulierum
681 2911 759 2988 fides,
778 2908 911 2975 credibile
930 2922 1026 2976 tamen
1044 2857 1096 2983 eh,
1115 2908 1212 2970 occul·
1245 2969 1250 2978 ,
1273 2941 1277 2950 =

10 3023 12 3030 ·
81 3003 142 3052 tum
167 2987 253 3049 luisse
276 2987 385 3069 pletatis
408 3007 519 3062 semen,
555 2989 630 3049 unde
643 3001 752 3068 ¹postea
776 3009 829 3048 suo
851 2999 986 3079 tempore
1004 3006 1124 3068 germen
1159 3005 1211 3045 ro·

80 3066 139 3127 diit.
178 3066 292 3126 Interea
316 3065 399 3128 fletus
423 3083 517 3126 earum
541 3063 628 3124 valuit
651 3063 685 3124 ad
707 3064 888 3126 damnandam
911 3064 1024 3143 smpiam
1047 3006 1159 3123 nefauX

83 3161 140 3223 que
158 3141 283 3202 virorum
303 3141 511 3214 crudelitatem,
545 3140 593 3220 qui
619 3161 689 3200 cum·
701 3141 806 3202 scribis
829 3152 857 3202 et
876 3137 1065 3200 sacerdotibus
1083 3136 1114 3196 iu
1133 3157 1212 3197 rnor-
1247 3161 1257 3168 ·

85 3231 142 3280 tem
170 3217 276 3280 Christi
306 3219 544 3299 conspiraverant.
600 3219 707 3276 Verum
742 3217 815 3278 aliud
849 3213 902 3276 ltrtt
929 3216 1023 3274 Lucae
1054 3213 1210 3289 consilium,

85 3313 186 3374 nempe
213 3306 246 3354 ut
271 3293 417 3368 sciremus,
446 3293 513 3354 dum
531 3313 651 3357 excusso
676 3293 759 3354 freno
783 3291 902 3352 confuse
925 3289 1046 3352 exsultat
1064 3288 1212 3352 homiuum

86 3371 226 3449 impietas,
245 3372 339 3459 [teum
360 3391 420 3430 nou
436 3370 533 3443 ,otiose
549 3369 701 3464 speculari,
723 3369 790 3450 quid
808 3380 920 3450 agatur,
940 3367 988 3430 sed
1006 3365 1146 3428 vindicem
1165 3387 1212 3428 se-

77 3447 153 3521 dere
171 3445 200 3504 iu
221 3447 319 3520 coelo,
346 3448 397 3539 qui
418 3467 485 3508 mox
504 3447 540 3505 de
564 3447 674 3508 iniusta·
689 3445 800 3510 saevitia
819 3464 926 3527 poenas
944 3455 1046 3504 sumat:
1074 3465 1127 3504 nec
1145 3443 1210 3504 ideo

88 3523 270 3602 spernendam
291 3543 352 3584 esse
371 3545 430 3584 erus
448 3522 614 3600 vindictam,
639 3521 705 3604 quia
728 3521 862 3583 dissertur
885 3520 916 3580 in
939 3530 1050 3602 tempus
1068 3519 1211 3593 idoneum,
1312 3543 1315 3550 ¹

88 3598 136 3660 sed
154 3609 299 3677 antequam
318 3612 448 3680 appareat
464 3599 615 3660 timendam
636 3620 705 3660 esse.
787 3612 791 3626 ¹
860 3627 863 3634 ·
1145 3636 1157 3654 a

127 3669 136 3680 ⁹
161 3677 221 3738 28:
247 3675 349 3734 Nolite
370 3679 459 3752 flere.
497 3677 636 3736 Poterant
660 3675 771 3756 quidam
797 3673 942 3756 obiurgari
965 3672 1107 3746 mulieres,
1135 3669 1211 3750 quod

89 3748 168 3827 stulte
188 3759 217 3810 et
233 3750 440 3816 inconsiderato
460 3749 565 3813 aflectu
587 3753 682 3813 inanes
702 3751 825 3814 lacrimas
845 3751 1005 3810 suaderent.
1043 3746 1131 3825 atqui
1150 3765 1210 3804 nou

89 3826 248 3906 simpliciter
266 3823 313 3900 eas
335 3827 450 3909 castigat
474 3825 616 3902 Christus,
644 3828 699 3890 acsi
726 3849 875 3909 perperam
897 3840 926 3888 et
942 3825 1008 3887 'siue
1030 3823 1139 3884 ratione
1153 3821 1212 3911 lle·

90 3915 166 3978 rent,
190 3903 239 3964 sed
262 3903 396 3962 admonet
418 3903 465 3961 lon
489 3923 505 3962 e
528 3905 663 3963 maiorem
687 3905 774 3964 flendi
799 3925 859 3966 esse
888 3923 996 3964 causam
1024 3919 1058 3959 ex
1081 3895 1212 3959 horrrbrlr

92 3981 165 4062 q‘uod
182 3979 328 4061 impendet
350 3978 407 4038 Dei
431 3923 551 4054 iudicio,
578 3979 633 4040 acal
656 3979 776 4054 diceret,
802 3993 924 4040 mortem
947 3997 1024 4040 suam
1042 3973 1212 4052 Hierosoly-

92 4075 152 4116 ntae
170 4068 200 4116 et
222 4055 275 4118 toti
295 4055 374 4138 genti
394 4075 456 4115 uon
474 4056 575 4130 linem,
603 4055 651 4115 sed
671 4055 781 4124 initium
801 4055 938 4116 malorum
957 4071 1030 4110 esse:
1047 4061 1138 4138 atque
1155 4049 1212 4107 hoc
1281 4077 1283 4084 v

95 4134 180 4192 modo
201 4129 351 4216 significat,
381 4151 411 4191 se
429 4151 490 4192 uon
508 4131 547 4193 ita
572 4131 726 4210 expositum
745 4131 896 4214 impiorum
915 4127 1032 4200 hbrdanr,
1060 4145 1128 4204 qum
1146 4125 1212 4184 Deo
1282 4172 1285 4183 .

93 4229 173 4270 mirae
192 4209 256 4269 sit·
273 4208 346 4270 Nam
372 4227 407 4268 ex
432 4229 538 4300 poena²
571 4229 643 4289 quae
669 4207 771 4270 deinde
795 4216 911 4287 sequuta
933 4215 988 4277 est,
1017 4201 1092 4262 clare
1116 4199 1212 4280 patuit,

94 4285 199 4348 Christi
216 4286 302 4345 vitam
321 4284 387 4346 Deo
407 4285 479 4365 patri
496 4284 768 4374 fuisse-pretiosam,
787 4305 843 4364 quo
862 4287 993 4360 tempore
1014 4295 1113 4340 omnes
1130 4287 1231 4358 puta·k
1311 4339 1314 4346 ,
1367 4261 1373 4270 ’

10 4445 11 4448 ¹
94 4362 157 4423 bant
183 4363 327 4425 desertum
355 4381 477 4443 prorsus
499 4373 531 4425 et
558 4374 695 4428 retectum
720 4380 790 4422 csse.
832 4359 985 4420 Testantur
1006 4354 1119 4438 quidem
1143 4354 1213 4416 hacc
