2796 4774
173 229 233 294 58
388 223 500 288 SECT.
523 223 603 286 XIX.
642 237 766 286 cumsrr
789 237 900 286 snssro
919 238 960 284 ss
979 237 1072 284 noas·
1126 203 1167 224 ’“

175 389 238 458 tes,
259 379 329 444 Ave
350 379 420 444 Rex
441 374 643 445 lodseorns.
684 375 737 442 3⁰.
759 377 801 449 m
821 397 919 462 quum
940 377 1137 464 erepsissent
1150 375 1193 440 'in
1216 394 1306 448 eum,

176 491 368 570 acceperunt
394 475 595 558 arundiuem,
629 487 662 544 et
686 478 905 568 percutiebant
932 489 1026 566 caput
1052 479 1129 544 eius.
1172 477 1229 542 31.
1257 477 1307 541 Et

176 592 349 672 postquam
370 579 539 648 illuserunt
565 583 609 660 ei,
642 589 796 649 exuerunt
824 603 895 648 enm
917 579 1101 666 chlamyde,
1133 588 1166 645 et
1184 577 1308 644 indue-

175 682 416 754 messoribus
438 686 523 762 suis,
545 694 576 750 ct
598 681 796 752 adduxerunt
818 705 903 761 eum,
924 693 960 748 ut
981 680 1214 768 crucifigerent.
1247 679 1307 743 32

176 789 337 854 Exeuntes
358 795 462 852 autem
485 787 676 854 invenerunt
695 787 853 853 bominem
877 784 1084 872 Cyrenaeum
1103 785 1236 849 nomine
1251 781 1309 846 Si-

175 907 314 956 monem:
335 885 422 954 bune
442 885 632 976 adegerunt,
657 898 694 956 ut
714 887 840 956 tolleret
860 887 1084 958 mansisveius.

87 1083 92 1093 ⁸
139 1087 145 1098 ’
259 1088 398 1160 MARG
420 1089 490 1157 XV.
527 1089 577 1156 15.
600 1089 722 1160 Pilatus
742 1113 820 1166 vern
842 1091 954 1160 voleus
975 1087 1087 1158 turbae
1109 1087 1307 1164 satisfacere,

174 1191 294 1262 dimisit
315 1193 380 1262 illis
401 1191 596 1263 barabbam:
617 1203 650 1260 et
671 1191 803 1261 tradidit
821 1195 926 1262 lesum
946 1191 1151 1280 flagellatum,
1173 1201 1210 1256 ut
1231 1213 1308 1256 eru-

176 1293 364 1383 cingeretur.
390 1297 440 1390 lii.
455 1295 578 1363 Milites
600 1307 703 1363 sutem
718 1296 918 1386 abduxerunt
939 1315 1011 1362 eum
1032 1297 1117 1360 intro
1131 1295 1304 1370 inatrium‚

146 1455 153 1472 ,
180 1397 269 1488 quod
292 1408 341 1464 est
361 1398 572 1466 Praetorium:
596 1407 628 1464 et
650 1409 829 1466 convocant
851 1409 948 1465 totam
970 1398 1142 1474 cohortem.
1186 1396 1244 1461 17:
1259 1396 1307 1460 Et

178 1500 314 1568 iuduunt
334 1497 424 1570 illum
446 1523 600 1588 purpura,
632 1511 664 1568 et
682 1495 928 1590 'circumponunt
949 1500 979 1566 ei
1000 1508 1176 1566 contextam
1196 1499 1305 1588 spinis

177 1623 339 1672 eoronam.
382 1601 434 1668 18,
455 1601 498 1668 Ει
526 1615 704 1696 coeperunt
735 1604 873 1680 salutare
904 1602 1009 1682 illum,
1045 1605 1116 1692 Ave
1149 1601 1220 1666 Rex
1253 1602 1306 1666 lu-

177 1705 340 1776 daeorum.
384 1705 436 1770 19.
458 1703 501 1788 Et
521 1703 734 1772 verberabant
759 1705 845 1772 illius
866 1699 967 1794 lcaput
991 1703 1161 1783 arundine,
1192 1713 1226 1769 et
1249 1705 1307 1769 iu·

176 1805 334 1896 spuebant
359 1809 394 1874 lu
422 1803 526 1874 illum:
564 1819 596 1874 et
617 1811 730 1894 positis
751 1808 887 1895 genibus
909 1805 1085 1874 adorabant
1105 1805 1205 1872 illum.
1250 1805 1303 1872 20.

177 1911 219 1977 Ει
241 1929 338 2000 quuur
359 1908 537 1975 illusissent
559 1911 606 1983 ei,
629 1921 782 1977 exueruut
804 1931 876 1976 eum
897 1906 1052 1998 purpura,
1074 1918 1107 1976 et
1130 1905 1304 1973 induerunt

112 2091 118 2104 ,
177 2011 268 2078 illum
295 2007 438 2076 vestibus
471 2011 627 2098 propriis:
672 2021 703 2078 et
730 2011 870 2078 educunt
897 2019 994 2088 eum,¹
1017 2020 1053 2077 ut
1079 2008 1304 2096 crucifigerent
1365 2005 1366 2062 l

176 2134 262 2184 eum.
304 2113 357 2182 21.
384 2106 427 2179 Et
457 2089 641 2202 coegerunt!
662 2123 917 2202 praetereuntem
945 2113 1108 2202 quendam
1140 2111 1302 2180 Simonem
1365 2177 1366 2180 ,

177 2215 413 2305 Cyrenensem,
455 2218 511 2306 qui
537 2213 686 2281 veniebat
711 2237 757 2320 ⁸cx
785 2237 886 2306 agro,
921 2201 1246 2306 patrem-Alexandri
1274 2223 1303 2279 et

176 2319 281 2402 ttutfi,
303 2329 338 2386 ut
358 2316 486 2386 tolleret
506 2339 631 2386 crucem
653 2321 732 2387 eius.

262 2521 362 2591 LUG
385 2525 498 2590 XXIII.
540 2523 593 2591 24.
616 2525 656 2590 Et
676 2523 796 2591 Pilatus
818 2521 1025 2605 adiudieasit,
1045 2532 1081 2590 ut
1100 2519 1193 2587 fieret
1213 2517 1302 2608 qnod
1364 2561 1365 2566 κ

43 2661 46 2669 -
176 2620 224 2688 illi
250 2623 468 2711 postulabant,
510 2625 713 2693 aenimate
741 2637 845 2694 auten:
873 2625 937 2694 illis
965 2646 1050 2702 enm,
1075 2627 1141 2712 ¹qui
1169 2633 1301 2712 propter
1364 2639 1365 2724 ζ

177 2722 367 2789 seditionem
380 2736 412 2792 et
425 2722 633 2794 homicidium
655 2716 820 2799 conlectus
841 2729 942 2796 iuerat
962 2730 996 2792 iu
1018 2747 1184 2805 carcerem,
1206 2747 1321 2811 quem·

177 2835 404 2916 poposcerant:
436 2827 542 2893 lesum
569 2849 648 2894 vero
681 2829 826 2924 tradidit?
843 2829 975 2920 arbitrio
1002 2851 1122 2896 eorum.
1185 2828 1237 2893 26.
1260 2829 1303 2894 Et

177 2949 276 3016 quum
304 2925 499 3016 abduosrent
526 2953 611 3009 eum,
631 2931 926 3026 lapprebenderuut
940 2925 1122 3016 ‚siuiinema
1142 2927 1301 3018 quendam

178 3029 411 3117 Cyrenensem,
433 3033 611 3100 venientem
630 3041 776 3114 :orest
797 3039 1016 3124 imposuerunt
1036 3033 1084 3112 illl
1106 3054 1243 3111 crucem,
1265 3039 1300 3096 ut

177 3145 318 3218 portaret
339 3146 414 3228 post
435 3137 548 3202 lesum.
583 3137 636 3201 27.
658 3137 859 3226 Sequebatur
880 3148 984 3204 autem
1004 3136 1095 3202 illum
1117 3133 1215 3201 multa
1235 3144 1300 3198 tur-

177 3227 220 3298 ba
242 3238 355 3324 populi
377 3261 415 3304 nc
435 3239 617 3322 mulierum,
640 3262 724 3328 quae
746 3251 777 3308 et
796 3231 987 3328 plangebant
1008 3251 1039 3304 ct
1049 3237 1299 3304 lamentabantur

179 3353 260 3419 eunt.
303 3339 355 3407 28.
379 3339 567 3425 Conversus
589 3343 803 3423 autemvlesns
825 3341 866 3406 ad
887 3341 974 3424 illes,
1008 3340 1098 3420 dixit,
1132 3339 1234 3406 Filiae
1253 3339 1299 3402 Ie-

178 3431 333 3512 rusnlem,
366 3441 468 3507 nolite
495 3445 572 3512 llere
606 3427 704 3534 suber
730 3466 794 3524 me,
825 3442 883 3509 sed
911 3465 1009 3532 super
1033 3441 1193 3512 vobismet
1223 3442 1298 3529 ipsis
1363 3505 1364 3516 ,

178 3531 265 3614 flete,
287 3546 318 3602 el
339 3557 437 3625 super
457 3543 532 3612 tiliis
554 3551 675 3614 vestris.
710 3546 770 3612 us.
793 3545 956 3632 Quoniam
978 3567 1051 3612 ecee
1071 3547 1202 3611 venient
1223 3543 1297 3620 dies,

75 3716 78 3724 Α
179 3637 212 3704 ἰιι
234 3636 352 3724 quibus
374 3639 633 3744 dicent-Beatus
655 3647 794 3728 steriles,
824 3657 855 3716 et
875 3655 1016 3726 vebtres,
1035 3647 1094 3733 ,qui
1115 3667 1183 3713 non
1204 3662 1299 3734 genu·
1363 3647 1364 3662 ¹

180 3750 285 3818 eruut,
313 3751 352 3806 ct¹
369 3739 484 3822 ubera,
520 3753 607 3834 quad
624 3771 691 3816 ιιοιι
712 3750 918 3818 lactaverunt.
961 3747 1131 3814 aurun:
1152 3750 1299 3837 incipient

179 3837 287 3910 dicere
314 3841 496 3930 montibus,
532 3849 646 3918 Cadlte
668 3857 769 3938 'super
801 3874 876 3918 uus:
918 3859 950 3918 et
978 3847 1131 3928 collibus,
1167 3851 1322 3938 Operite·

179 3961 253 4010 nos:
296 3946 348 4009 31.
372 3945 457 4032 Quis
485 3947 513 4009 si
540 3951 574 4014 iu
600 3951 732 4018 bumido
758 3953 846 4042 liguo
878 3953 956 4016 baec
982 3953 1121 4033 laniunt;
1149 3953 1184 4018 in
1211 3952 1299 4018 arido

179 4041 257 4122 quid
279 4045 352 4114 fiet?
370 4047 374 4062 “
392 4049 445 4114 32.
467 4047 677 4124 Ducebantu:
697 4066 801 4128 autem
824 4065 856 4124 et
877 4053 931 4124 alii
952 4051 1018 4123 duo
1032 4053 1209 4126 laduorosi
1230 4076 1297 4122 cnm

179 4157 232 4216 ιι),
254 4156 290 4214 ut
310 4149 571 4224 interficerentur.
1172 4167 1178 4188 “

101 4251 126 4302 ,Ι
217 4279 222 4333 p
360 4282 374 4328 ¹-
