2790 4764
490 231 569 308 (tta.
597 221 708 292 ”utque
726 231 848 308 naam.)
948 245 950 252 ,
984 227 987 236 ’
1187 237 1228 299 ω

97 377 236 440 nanas·
267 368 397 460 osrepa
410 378 509 445 asnaa
527 382 668 464 syranae,
688 361 761 474 ,la
781 380 832 442 use
848 379 936 451 sans
949 379 1067 446 raserat
1082 377 1223 451 tenum
1265 391 1271 402 ’

97 456 152 516 sihi
175 465 358 536 sumpserunt
380 453 519 532 honines,
548 457 639 542 rigide
659 469 777 550 exigunt
798 479 911 522 suarum
933 455 1029 542 legum
1046 457 1224 526 observatio·

97 551 181 604 nem,
210 537 265 591 hec
288 533 425 593 smtinent
442 533 487 594 vel
507 535 652 594 minimum
673 532 848 616 aprcem'rel
867 543 1049 618 contempto,
1071 535 1119 600 vel
1135 541 1221 602 etiam

96 607 274 690 negligentia
293 608 396 668 omitti.
433 609 527 676 Porro
546 613 681 686 turandus,
705 631 791 706 quum
811 610 930 694 legitimi
948 612 1061 694 imperii
1078 613 1116 676 sit
1131 615 1220 698 impa-

96 682 188 758 tiens,
222 682 394 764 maximeque
420 685 455 746 ad
479 685 579 770 iugum
601 687 719 750 Domim
741 686 893 749 ferendum
914 702 1076 765 contumax,
1104 689 1221 772 laqueos

96 767 194 821 tamen
212 779 342 821 varmum
359 761 542 823 traditionum
561 761 642 824 facile
660 781 693 824 ac
712 763 833 825 libenter
850 763 952 826 induiti
975 765 1034 826 imo
1052 765 1138 828 talem
1157 789 1230 829 ser--

31 903 32 906 ,
96 835 216 899 vitutem
234 836 364 898 uidentur
381 837 462 898 multi
482 849 624 920 appetere.
671 840 785 902 Interea
803 839 920 900 vitiatur
938 839 1027 901 cultus
1046 843 1116 919 Dei,
1139 846 1218 906 cuius
1267 843 1277 861 ⁸

31 907 32 932 ¹
90 911 261 994 »principium
283 929 316 973 ac
342 923 425 994 caput
449 925 493 976 est
517 907 688 976 obedientia:
722 917 781 977 eius
805 915 926 998 imperio
951 914 1109 998 praefertur
1125 919 1218 981 homi-

31 1025 32 1028 =
96 1011 165 1048 num
191 989 351 1050 auctoritas.
391 992 511 1052 Morosa
538 991 664 1070 adeoque
724 991 839 1052 rannice
862 991 976 1074 cogitur
997 989 1106 1074 vulgos.
1124 1005 1217 1057 mmo

31 1099 32 1102 ι
94 1085 174 1127 suom
195 1066 319 1150 studium
339 1064 374 1128 ad
392 1085 484 1150 nugas
502 1064 652 1158 applicare.
689 1001 792 1129 lineet
810 1075 903 1127 autem
921 1066 967 1150 hic
985 1064 1066 1128 locus
1108 1069 1217 1148 timum,

92 1161 188 1204 omnes
204 1140 325 1203 ficticios
346 1140 439 1203 cultus
457 1141 574 1203 minune
585 1143 649 1210 Deo
668 1139 790 1232 placere,
809 1142 874 1222 quin
892 1161 923 1204 se
941 1147 1030 1202 unbm
1047 1162 1063 1202 a
1103 1143 1218 1224 fiendi,

31 1235 32 1238 ’
90 1229 123 1277 ut
143 1231 203 1279 nos
220 1217 255 1279 ad
274 1238 375 1279 reram
392 1217 527 1302 pietatem
546 1237 599 1280 suo
622 1217 864 1278 arbitrio-'formet
882 1237 915 1278 ac
934 1218 1076 1280 instituat:
1095 1219 1218 1298 deinde,

91 1313 205 1376 operam
222 1288 347 1369 ludere,
377 1293 426 1376 qui
448 1294 531 1362 uni'ca
550 1293 607 1355 Dei
624 1294 705 1377 Lege
727 1313 788 1355 oon
808 1293 938 1362 contenti
958 1292 987 1354 in
1005 1296 1218 1366 servandisho-

88 1369 195 1430 minum
213 1369 419 1431 traditionibus
437 1391 468 1431 se
490 1365 621 1465 fatigant:
641 1369 736 1448 tertio,
753 1369 884 1431 iniuriam
902 1370 968 1432 Deo
985 1369 1056 1446 tert,
1075 1392 1163 1453 quum
1182 1373 1219 1436 ita

31 1471 33 1484 ι
88 1447 117 1506 in
138 1446 263 1509 sublime
288 1445 451 1506 efferuntur
472 1445 620 1508 homanum
648 1459 819 1522 commenta,
847 1457 879 1508 ut
900 1445 992 1530 Legis
1010 1449 1070 1514 eius
1089 1450 1224 1512 maiestas

31 1551 32 1554 ¹
88 1521 147 1585 fere
166 1518 320 1595 concidat,
351 1521 397 1582 vel
415 1520 511 1583 saltem
530 1524 633 1608 frigeat
652 1523 710 1585 eius
729 1523 896 1586 reverentia.
938 1527 987 1584 At
1002 1525 1217 1606 Hierosolymis

88 1600 223 1660 Scribas.
272 1597 345 1673 Quo
369 1599 487 1660 consilio
508 1602 642 1664 venerint
659 1600 777 1662 Scribas
793 1600 840 1661 isti
857 1601 895 1661 ad·
910 1599 1018 1675 lesum,
1042 1621 1104 1662 uos
1123 1601 1217 1685 expri-

88 1679 187 1752 mitur,
211 1674 288 1735 'anihi
311 1685 407 1735 tamen
429 1676 577 1756 probabile
600 1689 656 1752 est,
685 1677 758 1738 fama
782 1676 841 1738 eius
863 1690 1025 1753 commotos
1045 1679 1157 1739 venisse
1174 1681 1218 1739 di-

31 1783 33 1802 ι
88 1753 182 1814 sceridi
201 1751 311 1825 studio,
330 1751 467 1832 siquidem
484 1754 559 1815 visus
578 1765 654 1815 esset
671 1753 789 1815 idoneus
806 1753 952 1836 magister:
978 1755 1217 1836 quanquam‘lieri
1290 1769 1293 1778 ·

87 1841 194 1909 potest,
219 1840 255 1888 ut
272 1829 307 1888 ad
329 1828 528 1908 speculandum
546 1829 623 1892 missi
647 1829 711 1891 sint.
769 1831 924 1910 Utcunque
941 1850 995 1906 res
1005 1829 1122 1908 habeat,
1152 1831 1216 1913 quia

87 1927 168 1966 suum
188 1903 372 1986 supercilium
390 1906 548 1982 attulerant,
568 1906 649 1968 facile
668 1927 718 1968 eus
736 1906 851 1986 minitas
870 1905 993 1967 offensio
1095 1917 1164 1984 erat,
1183 1921 1217 1968 ut

88 1982 234 2044 Christum
259 1981 409 2042 mordeant
428 1983 473 2043 vel
494 1985 637 2046 arrodant.
677 1985 763 2044 Unde
780 1983 921 2058 videtnus,
965 1985 1073 2044 uamdi
1105 1984 1217 2046 cile·sit

31 2059 34 2148 l
86 2059 122 2120 ad
144 2079 242 2118 sanam
264 2057 424 2118 doctrinam
441 2060 530 2135 flecti,
559 2082 631 2153 quos
650 2059 766 2120 ambitio
784 2057 929 2138 libidoque
944 2003 1216 2131 dominandiocco-

31 2157 32 2202 ξ
83 2145 149 2212 pat:
174 2133 345 2216 praesertim
363 2135 412 2214 qui
434 2138 604 2207 ceremoniis
628 2136 730 2196 addicti
749 2147 828 2212 sunt,
849 2135 900 2194 uhi
918 2135 1066 2196 diuturnos
1083 2153 1149 2196 usus
1167 2155 1215 2197 ac-

31 2215 33 2250 l
85 2210 307 2286 castenedum
325 2211 483 2272 novitatem
503 2211 663 2285 admittunt,
688 2212 738 2272 sed
756 2210 914 2290 praefracte
933 2211 1065 2270 daanaant
1082 2211 1216 2290 quicquid

31 2257 33 2332 l
86 2285 314 2360 estvinsolitom.
346 2287 479 2367 Denique
497 2286 554 2347 hoc
573 2288 719 2346 hominum
741 2305 848 2365 genere
867 2283 937 2342 nihil
955 2285 1000 2344 vel
1018 2287 1106 2366 magis
1126 2286 1216 2365 impe-

83 2364 210 2437 riosum,
240 2363 286 2422 vel
309 2362 449 2442 morosius
470 2362 541 2443 fingi
563 2371 667 2442 potest
710 2359 806 2427 Arrabo
830 2357 1025 2438 Evangelistae
1048 2360 1162 2420 Scribas
1176 2381 1216 2434 ,sc
1256 2365 1257 2374 ’

60 2492 64 2503 .
82 2438 254 2501 Pharisaeos
272 2437 358 2498 fuisse
376 2449 613 2496 commemorant:
633 2434 791 2507 Matthaeus
808 2433 1093 2514 tamenpriqreloco,
1106 2438 1217 2498 Marcus

81 2528 185 2578 autem
210 2515 335 2572 secundo
359 2513 449 2592 ponit
488 2514 581 2570 Porro
605 2509 680 2570 idem
703 2528 801 2574 sentias
825 2519 877 2583 est,
902 2509 964 2588 quia
988 2507 1148 2594 intelligunt
1166 2531 1216 2576 vtt-

80 2596 164 2652 nis‘se
211 2587 304 2646 uidem
326 2585 432 2648 scribas
454 2605 488 2646 ex
506 2587 565 2647 aliis
583 2585 679 2661 sectis,
715 2585 764 2645 sed
783 2583 951 2646 Pharisaeos
964 2584 1050 2649 fuisse
1066 2587 1215 2668 primores,

80 2664 172 2732 sicuti
190 2609 307 2738 bonore
324 2661 515 2746 praestabant,
544 2675 574 2724 et
591 2674 660 2724 tunc
679 2677 767 2754 penes
789 2678 839 2722 eos
857 2660 1024 2745 gubernatio
1044 2668 1124 2726 erit„¹
1148 2667 1214 2727 lios

80 2753 185 2805 autent
209 2737 305 2834 legiam
323 2737 471 2822 neglectu,
497 2759 614 2822 quarum
635 2741 641 2755 '
662 2761 686 2800 ιι
705 2759 738 2798 er
803 2748 944 2814 auctores,
964 2739 1044 2802 citius
1063 2742 1214 2822 fuisseti-

31 2847 32 2854 ¹
76 2821 188 2882 fensbs
208 2825 311 2876 marum
330 2823 465 2876 nonest:
489 2815 698 2891 narn,uta'bi
785 2837 846 2896 lus,
866 2837 955 2897 quum·
969 2837 1000 2878 se
1018 2817 1214 2901 begisunteo-

52 2947 54 2952 .
78 2909 182 2980 pretes
208 2913 269 2954 esse
287 2893 435 2967 iactarent,
464 2905 493 2953 et
511 2893 702 2954 inde-nomen
721 2889 774 2954 illis
793 2903 868 2952 esset
886 2893 1060 2974 impositum,
1073 2896 1141 2966 ¹suis
1159 2895 1217 2974 fig-

31 3035 32 3038 ,
81 2971 191 3034 mentis
217 2983 400 3050 corruperant
417 2969 502 3032 ,verbi
525 2970 581 3030 Dei
603 2970 763 3052 puritatem.
807 2969 906 3048 Itaque
925 2969 960 3042 ab
982 2989 1081 3032 eorem
1100 2969 1214 3028 officim

83 3046 221 3132 quicquid
241 3051 311 3108 tu'nc
329 3045 510 3106 traditionum
529 3059 590 3112 erat
608 3047 681 3128 apud
699 3045 819 3104 ludaeos
838 3043 994 3125 prodierat:
1014 3047 1089 3104 unde
1108 3043 1214 3103 factum

83 3132 135 3202 est,
156 3131 192 3184 ut
211 3141 243 3184 sc
260 3123 348 3204 magis
367 3122 509 3182 animosos
526 3131 558 3183 'et
576 3122 694 3183 acerbos
717 3141 813 3181 earum
831 3121 936 3188 zelotes
956 3121 1148 3182 ostenderent.
1186 3189 1199 3198 ,-

31 3261 32 3280 χ
159 3203 189 3260 2.
231 3199 335 3336 ἴιιανι
356 3201 496 3277 discipuli
520 3203 569 3257 tui
590 3197 862 3278 transgrediuntur,
906 3197 1005 3270 Quium
1029 3197 1064 3255 de
1088 3194 1214 3272 hanania

82 3275 233 3338 traditioni
256 3297 288 3335 us
306 3277 409 3358 agitur,
428 3276 462 3336 ad
479 3275 555 3360 leges
573 3275 702 3358 politicas
719 3273 836 3354 minime
854 3270 1070 3352 pertinet'ltaee
1080 3273 1214 3366 qaaestim
1248 3271 1249 3281 ’

85 3373 208 3432 qrmrum
231 3373 296 3412 usus
318 3364 349 3414 et
370 3351 433 3412 linis
456 3351 511 3413 alio
535 3352 629 3412 tendit
651 3371 741 3436 quarn·
754 3359 787 3408 ut
805 3347 991 3430 praecipiant,
1020 3349 1138 3428 qualiter
1162 3371 1214 3412 co-

31 3459 33 3486 ι
82 3428 187 3489 landus
207 3428 245 3488 sit
260 3431 351 3490 Deus:
374 3429 425 3488 sed
444 3427 577 3520 qnoniam
594 3427 670 3487 inter
685 3424 869 3500 sedifferunt
887 3423 1024 3484 humanae
1043 3428 1214 3502 traditiones,

84 3505 244 3566 adhibenda
263 3515 305 3565 est
323 3504 411 3584 aliqua
430 3504 582 3564 distinctio.
613 3503 797 3580 Quamndam
816 3495 892 3562 enirn
906 3499 1053 3562 manifesta
1063 3517 1106 3564 est
1113 3505 1215 3587 impie-

83 3594 142 3656 tas,
166 3580 233 3662 quia
249 3601 399 3661 perversos
419 3579 511 3641 cultos
531 3592 615 3642 etex
633 3579 771 3640 diametro
788 3597 858 3638 cmn,
869 3577 960 3636 verbo
979 3579 1036 3638 Dei
1054 3592 1214 3666 pugnantes

85 3657 252 3724 instituunt
289 3655 384 3733 Aliae,
410 3677 497 3742 quum
515 3656 641 3738 profanis
659 3652 774 3738 ineptiIs
793 3652 940 3714 involvant
958 3653 1015 3715 Dei
1034 3656 1149 3736 cultum,
1170 3655 1214 3720 vl-

84 3733 161 3793 tiant
181 3731 239 3793 eius
277 3733 418 3794 mitatem.
441 3733 531 3808 Aliae,
549 3754 620 3812 quac
636 3729 700 3836 plus
717 3729 825 3812 habent
838 3729 951 3805 coloris,
969 3733 1108 3794 decuitio
1122 3731 1214 3807 aliquo

86 3809 208 3872 notabili
225 3752 347 3870 iniectae
365 3819 443 3884 sunt,
462 3808 632 3870 hortamen
651 3807 769 3868 nomine
787 3807 966 3882 damnantur,
990 3808 1067 3888 quod
1086 3815 1215 3867 necessa-

31 3883 32 3930 l
85 3887 147 3947 riae
168 3907 229 3948 ease
246 3886 394 3968 finguntur
411 3887 445 3946 ad
461 3887 518 3948 Dei
537 3882 658 3946 cultum:
687 3883 827 3962 atquciaa
844 3883 996 3966 pdisceditur
1014 3905 1030 3941 a
1048 3895 1115 3942 tert
1133 3877 1216 3950 uniti!

31 4019 32 4038 ,
85 3963 146 4023 nei
170 3959 343 4036 obedientia,
372 3974 404 4020 et
427 3961 609 4023 conscientiis
633 3959 759 4022 iniicitur
778 3959 917 4039 laqueus·
938 3951 1056 4020 Dehas
1076 3962 1217 4036 postrema

31 4039 32 4052 ¹
87 4038 187 4120 specie
205 4038 261 4112 hoe
280 4035 346 4098 loeo
366 4037 482 4100 tractari
503 4049 611 4098 ceruam
629 4047 683 4099 est:
702 4055 767 4094 nam
781 4033 1024 4120 manuumlotio,
1037 4039 1216 4163 quamprope-

86 4114 160 4184 bant
177 4113 333 4188 Pharisaei,
356 4113 410 4193 pei
429 4133 462 4174 se
475 4133 539 4180 nnn
557 4125 671 4194 poterat
689 4111 770 4192 argui
783 4125 887 4192 pravae
903 4119 1123 4199 superstqtapmst
1152 4123 1216 4193 aps

31 4213 34 4302 p
87 4209 151 4250 non
168 4209 266 4272 passum
284 4189 383 4250 fuisset
402 4188 532 4254 Christos
549 4189 662 4270 hydrias
683 4188 714 4248 in
735 4189 839 4276 nuptiis
857 4197 950 4274 statua,
969 4181 1023 4236 nisa
1042 4177 1129 4270 hbuit
1148 4179 1217 4237 furs-

88 4277 134 4326 aet
157 4266 332 4340 ceremonia,
350 4267 411 4328 sed
433 4266 464 4326 in
486 4265 544 4326 hoc
561 4267 645 4326 situm
671 4262 862 4332 castritium,
892 4253 969 4340 qood
992 4251 1217 4335 amputabant,
1261 4277 1266 4286 ‘

31 4337 33 4460 ἰ
88 4339 173 4404 aliter
186 4344 289 4405 -Deum
310 4343 367 4406 rite
390 4339 470 4404 cuii..
495 4335 681 4403 luitio‘ritm
697 4335 815 4400 lauandi·
830 4349 891 4389 non
910 4339 1117 4454 saneespecaoso
1135 4341 1223 4402 pm,
