2804 4762
166 187 227 250 m
333 183 443 248 8ch-
461 181 559 246 xm
587 197 853 248 emmenum
870 193 1144 248 macumlmorss.

167 358 274 426 neque
289 343 437 422 mopiam
470 331 600 399 dantur:
651 335 710 400 sed
743 345 819 400 sunt
855 333 945 403 velut
976 336 1079 426 angeli
1101 333 1195 413 oet,
1237 335 1298 422 qui

167 445 202 508 iu
240 433 340 504 coelis
379 444 463 502 sunt.
525 427 590 500 26.
639 435 810 524 Caeterum
847 436 889 502 de
925 444 1078 519 mortuis,
1121 435 1207 526 quod
1243 455 1297 501 rs-

57 550 64 565 “
166 543 399 616 suscitentur,¹
431 557 498 600 non
533 535 654 622 legistis
689 540 724 602 in
763 533 849 602 libro
887 539 1012 620 Musis,
1061 539 1229 628 quomodo·
1260 537 1296 602 iu

165 637 251 710 rubo
277 639 431 724 loquutus
459 639 501 702 sit
528 637 576 702 illi
597 637 705 716 Deus,
737 637 858 716 diceus,
893 638 967 725 Ego
989 663 1059 708 sum
1081 644 1173 710 Deus
1193 639 1298 708 Abra-

165 746 253 836 ham,
286 753 317 806 et
341 739 435 804 Deus
462 739 563 818 Isaac,
597 750 628 806 ct
648 741 741 806 Deus
762 738 877 808 Iacob?
939 742 993 808 27.
1036 745 1115 810 Non
1134 756 1187 812 est
1204 743 1297 810 Deus

165 847 257 911 Deus
278 853 493 923 mortuorum,
525 839 584 908 sed
604 842 695 910 Deus
724 843 910 908 viventium:
952 846 1136 948 vosigitur
1162 847 1297 914 multum

165 948 289 1014 erratis.
552 951 557 960 ’

252 1141 354 1212 Luc.
375 1141 445 1210 XX.
486 1133 541 1208 27.
573 1139 790 1208 decesserunt
814 1143 919 1208 euteitr'
939 1133 1065 1228 quidam
1087 1133 1299 1211 Sadducued⁴

165 1267 247 1326 rum,
270 1249 326 1334 qui
347 1254 462 1331 negant
482 1257 553 1310 esse
573 1233 854 1312 resurrectionem:
876 1247 1194 1331 et'iuterrogaverun't
1209 1255 1297 1324 eum,

166 1351 222 1418 28.
249 1350 415 1428 Dicentes,
436 1343 605 1434 Magister,
625 1346 738 1412 Moses
759 1349 889 1436 scripsit
909 1346 1016 1428 nobis,
1038 1349 1172 1412 siculus
1193 1345 1296 1418 irater
1383 1329 1385 1352 ¹

165 1463 312 1520 mortuus
344 1451 439 1516 luerit
470 1449 592 1516 hebens
623 1469 770 1530 uxorem,
802 1453 894 1538 isque
921 1453 990 1518 sine
1015 1449 1122 1516 liberis
1148 1455 1293 1514 mortuus

166 1557 269 1636 luerit,
293 1564 330 1619 ut
349 1556 483 1640 accipiat
503 1551 600 1618 irater
622 1555 690 1618 ciris
712 1571 853 1633 uxorem,
874 1564 905 1618 et
926 1556 1056 1620 suscitet
1077 1562 1183 1617 semen
1203 1545 1297 1614 fratri

168 1679 239 1726 suo.
292 1657 345 1723 29.
378 1656 505 1742 Septem
528 1664 609 1741 ergo'
627 1641 741 1720 iratres
761 1665 858 1733 erant,
880 1665 912 1720 et
931 1657 1054 1744 prirrtus
1076 1655 1197 1740 accepit
1217 1661 1297 1717 uxo·

166 1783 243 1840 rem,
264 1777 303 1826 ao
324 1768 470 1825 mortuus
492 1769 540 1824 est
560 1761 629 1822 siue
646 1757 771 1822 'liberis
801 1755 805 1767 '
833 1758 885 1822 30.
927 1757 969 1822 Et
990 1759 1114 1846 accepit
1134 1754 1295 1821 secundus

166 1863 262 1940 illam,
284 1865 406 1950 etipse
428 1869 576 1926 mortuus
598 1869 645 1946 est
667 1863 737 1924 sine
758 1857 880 1927 liberis.
923 1859 976 1924 31.
1005 1861 1048 1926 Et
1066 1863 1182 1925 'tertius
1204 1874 1295 1922 eece-

166 1969 214 2056 pit
233 1964 332 2030 illam:
360 1961 505 2029 similiter
527 1969 558 2030 et
579 1963 695 2028 caeteri
713 1973 841 2050 septem,
862 1983 923 2028 nec
944 1960 1142 2048 reliquerunt
1162 1959 1293 2038 liberos,

167 2078 199 2135 et
224 2069 342 2133 mortui
362 2076 446 2134 sunt.
499 2063 552 2130 32.
587 2064 770 2139 Novissime
793 2067 934 2130 omnium
955 2073 1081 2150 mortuo
1102 2075 1151 2131 est
1172 2073 1203 2130 et
1223 2075 1293 2129 mus

166 2173 235 2240 lier.
261 2173 315 2240 33.
337 2171 382 2235 ln.
396 2169 629 2235 resurreetione
651 2185 727 2255 ergo
750 2169 840 2234 cuius
863 2175 974 2234 eorum
994 2170 1055 2234 erit
1076 2171 1174 2234 uxor?
1194 2167 1293 2253 siqui-

168 2271 241 2342 dem
263 2283 384 2360 septem
406 2270 584 2336 habueruut
605 2288 673 2336 cam
695 2291 835 2338 uxorem.
887 2271 938 2336 34.
967 2271 1009 2336 Et
1029 2255 1224 2358 respondens
1247 2270 1293 2334 a'it

167 2378 234 2445 illis
247 2380 345 2458 lesus,
367 2375 442 2442 Filii
462 2373 559 2440 huius
582 2372 703 2440 saeculi
723 2373 844 2440 ducunt
864 2389 990 2453 uxores,
1013 2385 1044 2440 et
1064 2370 1289 2463 nuptumdant'.

167 2481 219 2546 35.
250 2481 302 2544 llli
328 2501 422 2558 vero,
448 2481 504 2567 qui
531 2477 618 2565 digni
639 2475 842 2542 habebuntur
867 2475 997 2544 soeculo
1018 2477 1292 2548 illustremus-

167 2584 275 2646 ctione
296 2601 334 2648 ex
354 2583 497 2660 mortuis,
518 2595 623 2669 neque
646 2579 766 2648 ducunt
786 2601 911 2660 uxores,
932 2600 1038 2668 neque
1058 2591 1191 2667 nuptum
1208 2576 1291 2643 dant.
1383 2655 1384 2662 ἵ

133 2729 137 2738 -
166 2680 219 2750 36.
250 2681 367 2766 Neque
394 2686 476 2748 enim
504 2680 588 2748 ultra
609 2685 694 2752 mori
714 2693 862 2772 possunt:
895 2683 1045 2770 aequales
1067 2671 1291 2768 enim'engelist

167 2791 257 2860 sunt,
297 2790 330 2846 et
355 2780 419 2864 lilii
445 2794 519 2848 sunt
545 2784 624 2862 Dei,
655 2805 752 2870 quum
780 2783 838 2850 filii
860 2787 922 2852 sint
943 2785 1196 2858 resurrectionis·
1237 2783 1291 2850 37.
1383 2789 1384 2801 ’

168 2881 270 2973 Quod
291 2903 370 2950 vero
393 2881 559 2970 resurgant
579 2890 704 2970 mortui,
727 2881 882 2953 etMoses
904 2887 1043 2954 ostendit
1060 2888 1140 2950 iuxta
1162 2883 1289 2966 rubum,
1343 2887 1347 2896 ’

166 3011 266 3075 quum
288 2985 378 3066 dicit,
405 2987 581 3054 Dominum
604 3010 675 3056 esse
695 2991 801 3058 Deum
822 2988 996 3070 Abraham,
1017 3000 1048 3057 et
1065 2987 1170 3054 Deum
1191 2989 1290 3066 lsaao,

166 3102 199 3157 et
219 3091 325 3158 Deum
346 3089 455 3158 Iacob.
506 3087 566 3169 238.
597 3091 694 3159 Deus
707 3081 813 3160 'autem
835 3114 902 3160 nou
923 3103 972 3159 est
990 3103 1197 3171 mortuorum,
1228 3091 1289 3156 sed

165 3193 326 3260 vivorum:
360 3213 470 3260 omues
492 3195 575 3260 enirn
598 3194 786 3264 illivivunt.
835 3197 888 3262 39.
921 3195 1163 3284 Resportdeutes
1184 3205 1289 3260 autent

166 3293 298 3378 quidam
311 3297 494 3367 Scribarum
517 3297 672 3380 dixerunt,
695 3297 855 3386 Magister,
877 3297 961 3364 hene
985 3299 1098 3368 dixisti.
1152 3299 1204 3364 40.
1246 3298 1290 3364 Er

167 3389 302 3486 amplius
323 3419 391 3463 uon
411 3399 572 3468 audebant
594 3415 667 3478 eum
689 3397 860 3492 quicqudu
881 3397 1087 3490 interrogare·
1284 3407 1288 3418 “

205 3731 212 3738 ,
241 3660 297 3724 Hic
316 3657 450 3744 ¹videmus,
468 3671 502 3723 ui
522 3662 605 3746 Satan
624 3664 725 3746 impios
744 3687 852 3743 omnes,
870 3664 969 3747 quibos
987 3663 1091 3745 alioqui,
1130 3663 1226 3731 essime
1244 3663 1287 3724 in·

56 3786 61 3796 .
164 3752 211 3802 ter
228 3759 259 3802 se
277 3737 420 3813 convenit,
439 3739 473 3800 ad
493 3735 781 3878 oppuqoandam'Dei
799 3743 946 3806 veritatem
966 3733 1046 3804 simul
1065 3687 1187 3828 colligat.
1215 3742 1287 3802 Natu

165 3839 254 3899 quum
273 3815 378 3876 duabus
395 3815 455 3877 istis
473 3831 554 3879 sectis
594 3819 681 3880 ostilis
701 3831 773 3882 esset
790 3821 933 3896 dissensio,
951 3831 1046 3880 umen
1064 3817 1193 3881 adversus
1204 3815 1286 3880 Chri-

165 3905 239 3955 stum
268 3893 444 3974 conepirant,
482 3906 514 3954 ut
541 3895 694 3956 Pharisaeis
723 3919 782 3957 nou
807 3896 951 3991 displiceat
973 3917 1049 3957 suam
1076 3894 1233 3956 doctrinam
1256 3893 1285 3952 in

167 3968 421 4052 Christipersona
444 3971 608 4052 oppugnari.
657 3974 700 4034 lts
721 3973 806 4036 hodie
829 3973 952 4034 ardemus
973 3992 1073 4034 omnes
1096 3973 1213 4034 Satanae
1236 3989 1285 4030 co-

164 4041 237 4175 piqsq
267 4045 390 4146 quamvis
413 4045 516 4128 alioqui
538 4045 604 4108 aliae
628 4041 686 4139 aliis
712 4049 868 4139 contrariae
892 4049 973 4123 sint,
990 4049 1112 4140 undique
1133 4059 1231 4142 ¹tornea
1255 4047 1295 4125 iu,
1380 4125 1381 4130 ἵ

165 4122 786 4280 ettttiitttttmittitillet,
798 4124 922 4260 ‘tid
943 4125 1283 4280 „timittt‘tttt‘tff

164 4257 267 4324 beuter
285 4269 409 4360 foveant,
427 4275 514 4354 modo
533 4275 568 4338 ad
586 4274 653 4338 illud
670 4273 891 4368 labelactandum
910 4287 1026 4342 utaow
1042 4275 1084 4339 his
1103 4275 1283 4339 adiutoribus.
