2830 4772
530 179 656 228 ernusti
674 172 852 226 vertentis.
885 173 887 180 ’
954 183 960 192 “
1007 249 1010 254 Ι
1196 174 1256 236 Μ

129 318 186 380 uile
203 319 240 380 sit
257 317 399 378 audaciam
417 335 562 392 crescere,
586 314 635 376 ubi
653 314 716 396 quis
740 313 827 376 semel
844 314 927 378 freno
945 315 1116 378 ercnuu'ad
1132 337 1254 400 peccam

15 435 18 440 -
127 395 196 456 dum
215 416 246 470 se
264 393 390 475 proiecit.
426 393 530 473 Neque
550 392 625 452 enin
645 413 758 454 servum
780 392 867 454 modo
880 393 994 455 inducit
1013 391 1142 456 Christus
1161 396 1251 458 disso-

128 473 220 532 lutum
243 481 273 530 ct
285 491 428 552 nequam,
461 469 510 530 sed
527 469 578 549 qui
596 467 801 530 contumaciter
820 467 940 550 insurgit
963 470 997 530 ad
1015 470 1185 532 turbandam
1201 485 1249 534 to.

129 560 189 610 tam
207 548 338 621 domum,
356 557 387 607 et
405 556 545 626 potestate
563 545 617 606 ribi
628 564 770 604 concessa
787 555 920 623 proterve
935 545 1080 623 abutitur,
1108 549 1251 610 saevitiam

129 634 245 685 exercet
268 623 299 681 iu
325 642 492 696 conservos,
524 621 666 682 luxuriose
688 619 752 682 dissi
772 631 801 698 at
831 618 893 679 beri
919 622 962 680 sui
984 621 1075 700 bona,
1106 645 1166 686 non
1189 626 1251 688 sine

128 700 189 762 eius
208 697 340 758 lubibrio.
377 696 501 758 Additur
518 697 603 758 etiam
620 715 714 778 poena
733 641 771 757 ati
786 707 942 782 terrorem,
960 709 990 758 et
1009 719 1043 759 ca
1061 701 1173 783 quidem
1183 723 1251 765 *non

127 775 279 914 teutgarius¹
296 774 360 855 quia
385 773 492 836 scilicet
509 773 671 856 graviorem
691 793 813 854 poenam
832 783 958 834 meretrrr
980 785 1039 835 tam
1062 776 1177 842 effrenis
1195 779 1250 840 im.
1294 816 1299 820 -
1388 813 1390 821 -

127 873 183 934 pro
203 852 262 912 itas.
286 873 289 880 ’
932 871 934 878 ’
995 871 996 878 “

202 928 275 988 Luca
294 929 341 990 47.
387 927 445 988 Ille
472 935 574 986 aurem
604 945 718 990 ceruus.
766 922 842 986 lluic
870 923 1107 1002 circumstantiae,
1135 951 1208 1010 quae
1232 951 1249 994 a

128 1003 191 1066 solo
220 1003 500 1083 Lucagexprimitur,
541 1001 661 1062 multum
683 999 779 1062 subest
800 998 949 1082 ponderis,
982 1001 1058 1081 quod
1081 1007 1251 1086 utquisque

127 1083 223 1144 edens·
237 1101 276 1140 ac·
288 1079 386 1140 volens
403 1079 434 1138 in
445 1078 563 1138 Domini
581 1087 775 1156 contemptum
795 1076 959 1158 prosilierit,
978 1077 1015 1137 ita
1034 1078 1164 1160 graviore
1183 1104 1251 1174 sup,

149 1157 213 1218 licio
232 1157 333 1239 dignus
345 1167 402 1216 est.
442 1154 624 1236 Comparatio
642 1155 718 1212 enim
737 1153 867 1212 statuitur
885 1152 997 1222 nidoris
1016 1165 1046 1213 et
1064 1154 1195 1232 minoris,
1220 1179 1250 1219 rn

126 1179 204 1294 bunc
222 1232 317 1293 finem.
355 1232 387 1292 Si
411 1251 521 1306 servus,
557 1230 606 1310 qui
629 1229 667 1288 im
689 1229 816 1288 rudentia
838 1228 954 1303 labitur,
982 1249 1104 1309 poenam
1128 1251 1186 1292 non
1209 1235 1251 1294 ei-

127 1311 216 1392 sugit‚
246 1308 313 1388 quid
331 1307 381 1377 fiet
399 1321 534 1441 perverso
556 1317 586 1366 et
607 1251 719 1380 rebeili,
748 1305 798 1386 qui
816 1305 896 1366 velut
915 1307 978 1366 data
997 1327 1084 1387 opera
1102 1307 1251 1388 imperitum

126 1385 235 1447 domini
253 1384 296 1445 sui
315 1403 407 1442 concu
418 1383 481 1444 cat?-
514 1382 686 1443 Tenendum
703 1392 797 1440 autem
815 1381 951 1454 memoria
969 1395 1024 1457 est,
1043 1383 1091 1463 qui
1108 1387 1251 1466 regendae

126 1459 270 1524 Ecclesiae
298 1457 422 1525 ¹ra'efecti
439 1469 520 1533 sunt,
559 1477 609 1520 cos
627 1458 686 1516 non'
705 1458 863 1540 ignorantia
881 1478 1013 1538 peccare,
1048 1461 1097 1522 sed
1116 1481 1249 1540 petrose

128 1549 160 1599 et
180 1537 266 1628 impie
285 1481 418 1595 iraudare
437 1535 594 1610 Dominum
617 1556 707 1594 suum.
750 1534 830 1604 Hinc
844 1545 939 1595 umen
959 1535 1096 1622 generalis
1119 1537 1251 1603 doctrina

129 1611 228 1694 colliga
243 1610 345 1685 debet,
368 1610 470 1672 frustm
489 1611 550 1672 adi
572 1610 723 1672 norantiae
734 1609 921 1691 patrocinium
939 1608 1095 1696 confugere
1112 1611 1252 1691 hominm,
1290 1665 1293 1674 .

128 1699 162 1749 ut
180 1709 211 1750 se
229 1708 246 1747 a
264 1699 346 1747 reatu
363 1685 492 1756 liberent.
558 1709 603 1747 am
624 1687 648 1748 si
671 1687 726 1747 hoc
751 1687 818 1747 iuris
841 1686 895 1748 sibi
912 1687 1035 1750 vindicat
1052 1690 1179 1752 mortalis
1197 1690 1251 1752 bo-

127 1785 191 1840 rno,
210 1777 243 1825 ut
261 1765 296 1824 de
314 1783 363 1824 sua
380 1763 524 1824 vuluntate
543 1781 640 1825 servos
657 1762 727 1824 velit
743 1763 901 1854 inquirere,
934 1785 973 1824 ne
991 1765 1058 1844 quid
1076 1777 1183 1828 temere
1203 1765 1250 1830 vel

128 1841 247 1904 conflare
266 1840 342 1900 domi
355 1852 485 1922 geratur:
503 1852 609 1920 quomo
627 1839 718 1899 maior
735 1839 809 1900 Filro
827 1840 887 1900 Dei
900 1840 1019 1902 debetur
1038 1843 1200 1920 auctoritas,
1218 1855 1251 1904 ut

79 1981 82 1986 ,
126 1917 287 2000 quicunque
311 1916 352 1993 illi¹
372 1917 543 1992 ministrant,
575 1915 695 1978 sollicite
713 1915 810 1978 doceri
828 1915 943 1995 cupiant
962 1918 998 1980 de
1018 1915 1076 1979 eius
1093 1921 1250 1982 mandatis?

125 2015 187 2054 non
202 2005 392 2086 prorumpant
412 2014 464 2054 suo
483 1993 599 2054 arbitrio
622 1993 656 2054 ad
680 1993 800 2054 incertas
812 2013 933 2074 operas,
966 1993 1014 2054 sed
1037 1995 1092 2054 toti
1107 1997 1252 2081 pendeant

43 2109 45 2114 ·
127 2070 164 2132 ab
183 2089 243 2130 ears
260 2069 349 2130 nutu?
376 2070 540 2150 praesertim
558 2089 647 2150 quum
664 2069 748 2129 nobis
766 2070 941 2150 praeceperit
960 2071 1028 2166 quid
1046 2074 1185 2151 agendum
1205 2094 1251 2134 es·

128 2157 186 2220 set,
214 2166 246 2206 ac
269 2145 396 2229 benigue
418 2146 583 2229 rogantibus
609 2167 721 2226 semper
743 2166 789 2206 res
809 2147 921 2206 ondeat.
963 2149 1081 2206 tartum
1105 2159 1148 2208 est
1166 2147 1251 2230 igno-

128 2221 249 2295 rantiam
269 2234 394 2283 nostram
417 2223 532 2302 supinae
555 2241 716 2301 musaeque
738 2167 928 2305 negiigentiae
951 2241 1063 2302 semper
1081 2243 1145 2284 csse
1162 2225 1252 2286 comi-

127 2311 202 2362 tem·
235 2301 349 2360 Frustra
368 2297 480 2378 quidem
499 2298 555 2358 lroc
573 2298 681 2378 asylum
701 2309 812 2378 captare
831 2298 970 2372 videmus,
991 2298 1039 2378 qui
1057 2300 1185 2374 nesciens
1197 2321 1251 2360 er·
1325 2298 1326 2306 ’

126 2375 213 2451 ravit,
245 2373 326 2454 culpa
352 2390 463 2435 vacare:
493 2395 579 2454 quum
603 2395 638 2433 ex
665 2373 782 2434 adverso
811 2374 978 2454 pronuntiet
1004 2374 1134 2436 coelestis
1161 2376 1252 2452 iudex,

126 2450 251 2544 quamvis
271 2451 339 2510 tales
362 2449 451 2530 lapsus
475 2448 565 2510 levior
595 2449 739 2532 castigatio
764 2459 889 2524 maneat,
923 2470 982 2509 non
1009 2461 1112 2512 tamen.
1134 2473 1252 2532 prorsus

125 2526 281 2605 impunitos
305 2525 378 2584 fore.
416 2527 476 2585 Iam
499 2545 569 2586 vero
595 2525 619 2586 si
642 2547 679 2585 ne
698 2523 857 2620 ignorantia
879 2525 989 2606 quidem
1013 2539 1138 2603 excusat,
1168 2549 1251 2609 quam
1314 2547 1316 2552 ’

126 2599 269 2666 horribilis
291 2601 413 2662 vindicta
437 2599 567 2665 consulto
592 2602 774 2681 peccantibus
797 2601 959 2682 impendet,
983 2603 1031 2683 qui
1057 2615 1155 2672 cunta
1180 2625 1252 2665 con-

127 2677 273 2742 scientiam
298 2675 403 2737 luriose
422 2688 535 2760 ruentes
558 2677 652 2738 Deum
676 2681 851 2758 provocant?
889 2675 987 2754 Quare
1006 2693 1038 2758 ut
1062 2679 1162 2772 cuique
1180 2681 1252 2742 ube-

126 2755 189 2817 rior
207 2751 335 2814 doctrina
354 2751 519 2836 contigerit,
536 2752 575 2814 ita
594 2751 675 2815 simul
694 2767 934 2837 augetur'poenae
952 2756 1076 2832 materia,
1100 2754 1155 2818 nrsi
1173 2757 1252 2817 doci-

128 2833 196 2892 litts
211 2841 244 2892 et
263 2829 430 2910 obsequium
448 2829 591 2890 accedant
634 2827 719 2892 Unde
737 2852 752 2890 a
772 2843 869 2912 paret,
886 2853 968 2912 quarn
983 2833 1085 2914 putida.
1097 2833 1133 2894 sit
1151 2845 1181 2893 et
1200 2832 1252 2894 fri-

126 2908 192 2973 rola
211 2927 310 2969 eorum
329 2905 535 2987 tergiversatio,
556 2907 604 2987 qui
629 2905 730 2987 claram
748 2852 894 2990 bringeri
916 2909 1072 2970 doctrinam
1096 2909 1181 2971 hodie
1203 2929 1252 2972 re·

126 2997 275 3066 spuentes,
301 2977 351 3044 tali
370 2982 526 3067 pervicacia
543 2995 654 3064 patrum
673 2979 819 3044 inscitiam
830 2985 1004 3046 obtendunt:
1033 2983 1109 3064 quasi
1130 3005 1200 3044 vero
1218 2982 1254 3044 ad

126 3059 269 3142 repelleud
342 3057 398 3120 Dei
415 3059 554 3134 ,iudicium
582 3059 701 3121 sufficiat
731 3059 908 3142 ignorantiae
932 3061 1055 3143 clypeus.
1100 3059 1253 3121 Caeterum

47 3150 53 3165 ‘
126 3150 162 3198 ut
182 3158 266 3199 erran
360 3135 468 3196 delictis
485 3147 634 3214 parcatur,
666 3135 782 3197 eandem
804 3137 916 3197 renim
979 3149 1047 3198 oute
1068 3137 1253 3216 peccantibus

127 3215 262 3350 ¹currcpdi,
285 3212 406 3304 ‘minime
425 3233 545 3293 aequm
560 3224 632 3298 cst,
647 3213 758 3294 quando
777 3213 909 3278 adversus
926 3215 954 3276 D
973 3235 1021 3274 um
1039 3213 1175 3274 destinata
1193 3235 1254 3276 ma·

138 3300 186 3350 rtra
216 3301 355 3350 erocrnnt.
941 3325 942 3329 =

203 3369 251 3429 48.
292 3367 465 3450 Quicunque
482 3365 618 3426 multum.
658 3364 756 3426 llltera
781 3363 985 3426 circumstantia
1010 3365 1096 3427 docet
1115 3365 1258 3441 Christus,

165 3437 241 3502 avius
264 3439 429 3521 plectendos
456 3463 517 3504 esse
544 3441 694 3524 discipulos
719 3439 897 3516 selectiores,
936 3441 959 3501 si
987 3454 1081 3522 spreta
1104 3444 1254 3510 mentione

138 3515 276 3576 abidinose
294 3519 328 3578 ad
347 3539 461 3595 omnem
479 3518 620 3590 licentiam
638 3539 669 3580 se
689 3518 869 3600 prostituant:
902 3518 966 3598 quia
985 3519 1152 3600 utquisque
1171 3539 1254 3600 prae-

128 3591 248 3654 stantior
267 3603 325 3668 est,
342 3593 379 3654 ita
416 3595 460 3655 lus
479 3595 532 3660 sibi
552 3595 729 3657 commissum
749 3593 875 3678 cogitare
894 3595 992 3670 debet,
1016 3607 1099 3676 atque
1116 3597 1168 3656 hac
1190 3593 1253 3673 qui-

129 3670 195 3730 dem
219 3667 340 3750 lege'ut
364 3693 378 3729 r
434 3671 506 3731 enda
530 3673 566 3733 sit
588 3671 655 3731 olim
681 3669 765 3731 ratio.
805 3671 904 3746 Quare
927 3684 960 3731 ut
984 3673 1101 3754 quisque
1126 3683 1254 3732 nastrum

128 3744 282 3807 maioribus
300 3745 382 3806 donis
402 3746 526 3822 excellit,
541 3747 612 3810 ‚uisi
629 3759 762 3826 tanquam
779 3768 849 3832 ager
866 3747 966 3808 maiori
984 3749 1110 3829 impensa
1130 3745 1255 3808 excultus

127 3833 298 3906 proventum
315 3821 478 3886 uberiorem
494 3823 623 3887 Domino
642 3823 755 3900 alferat,
779 3845 883 3904 magno
907 3823 947 3884 illi
967 3823 1108 3886 constabit
1126 3821 1171 3884 vel
1190 3815 1255 3878 inu*-

127 3895 216 3964 tiliter
238 3918 401 3978 suppressae
421 3898 527 3978 gratiae
545 3899 590 3959 vel
610 3900 774 3980 profanatae
792 3899 904 3961 abusus.
1160 3904 1164 3912 ’

64 4030 75 4052 l
204 3977 250 4035 49.
290 3977 392 4055 Ignem
415 3978 482 4032 crui
506 3977 653 4034 missurus
678 3979 710 4034 iu
733 3987 855 4035 terrum.
895 3977 937 4036 Ex
960 3975 1012 4034 bac
1036 3969 1154 4033 clausula
1172 3968 1255 4032 facile

127 4049 294 4132 coniicitur,
327 4051 401 4114 bunc
421 4071 509 4110 unam
529 4073 563 4112 ex
582 4050 730 4132 postremis
751 4050 1049 4116 etruriaermouibur
1070 4049 1169 4124 fuisse,
1198 4067 1253 4110 nec

126 4149 179 4192 suo
198 4139 327 4206 tempore
350 4148 366 4187 a
385 4127 462 4188 Luca
486 4125 571 4188 fuisse
593 4140 744 4188 narratum.
783 4131 888 4190 Sensus
912 4138 1005 4186 autern
1031 4135 1089 4198 est,
1118 4145 1254 4184 summam

126 4205 225 4264 mundi
243 4203 489 4284 perturbationem
507 4205 651 4264 advectam
676 4225 736 4266 esse
755 4226 772 4264 a
792 4203 927 4274 Christo,
951 4201 1007 4261 acsi
1034 4199 1144 4260 coelum
1164 4212 1255 4260 terrae

58 4323 60 4330 =
126 4281 246 4342 miscere
270 4281 364 4342 vellet.
402 4282 475 4342 Nam
498 4279 690 4362 metaphorice
709 4280 893 4363 Evangelium
916 4276 975 4356 igni
1001 4275 1161 4354 confertur,
1189 4277 1254 4358 quia

120 4423 130 4444 ἱ
155 4371 242 4416 calvini
257 4380 377 4416 comment.
391 4371 415 4416 in
429 4371 505 4416 lla'rm.
520 4371 559 4415 Er.
583 4371 627 4415 rol.
642 4371 671 4413 il.
915 4425 918 4432 1
1018 4356 1055 4416 19
