2804 4762
401 281 481 358 (lta.
516 215 705 359 damastes
724 291 875 362 praecepto
893 277 1005 362 lagu.)
1211 279 1298 349 229γ
1345 257 1346 261 ¹

102 488 103 496 ,
135 431 229 494 lorum
249 427 372 492 cultores
391 426 454 490 non
470 413 737 510 tardat,.quominns
756 429 868 492 iurioso
884 429 986 499 ardore
1006 427 1035 490 in
1055 425 1165 490 illorum
1184 447 1286 490 amo--
1363 468 1366 484 ·

134 528 199 566 rem
217 506 354 582 ferantur,
375 525 510 586 quaenam
526 508 665 570 excusatio
680 507 720 566 Le
743 507 764 568 's
782 507 953 570 auditoribus
973 505 1079 586 reliqua
1094 517 1144 580 est,
1160 507 1183 566 si
1196 509 1264 568 Deo

123 583 190 642 sibi
209 581 353 662 patefacto
372 584 516 662 torpeant?
543 585 636 644 Porro
650 602 707 664 quo
746 605 775 645 se
797 583 880 662 uitur,
900 587 941 647 e'st
954 583 1039 665 Legis
1053 581 1176 663 epitome
1193 603 1263 662 quae
1287 629 1300 642 .

135 659 212 738 apud
232 658 334 718 Mosen
357 679 467 738 quoque
488 671 576 720 exstat
601 661 701 738 (Dent.
719 662 754 735 6,
778 606 832 738 i..)
872 661 954 721 ·Nam
974 666 1059 740 quirin
1076 657 1207 720 *distincta
1226 659 1263 719 sit

135 735 256 794 induas
274 733 392 809 tabulas,
419 755 532 812 quarum
552 735 631 818 prior
650 735 682 793 ad
702 736 809 796 cultum
828 736 898 813 Dei,
924 735 1044 796 secunda
1064 735 1097 805 ad
1109 735 1263 798 'caritatem

135 809 275 884 refertur,
300 809 372 870 bene
398 819 431 868 et
449 811 601 890 prudenter
619 813 713 872 Moses
729 811 801 872 laone
820 833 956 892 summam
974 811 1095 893 colligit,
1115 823 1147 870 ut
1170 831 1261 894 agno-

135 897 215 946 scant
234 885 337 958 Iudaei,
357 884 422 965 quid
440 885 470 944 in
489 885 604 970 singulis
621 888 776 966 praeceptis
790 886 860 948 uelit
876 889 963 956 Deus.
995 887 1145 947 Caetemm
1163 909 1260 965 quiam-

135 960 180 1022 vis
201 961 248 1022 lo'n
271 981 286 1020 e
308 961 386 1022 aliter
404 961 500 1021 Deum
523 981 616 1020 amare
640 962 788 1024 conveniat
811 981 893 1045 quam
918 962 1060 1033 homines,
1083 975 1259 1022 nontamen

136 1037 185 1098 abs
202 1057 235 1098 re
251 981 330 1101 licus
347 1057 401 1116 pro
420 1036 496 1096 cultu
514 1036 560 1098 vel
577 1035 687 1098 honore
707 1036 887 1104 dilectionem
905 1059 921 1096 a
939 1037 1021 1099 nobis
1041 1037 1172 1116 requirit,
1194 1041 1260 1117 qula

136 1113 192 1175 hoc
214 1113 300 1176 modo
324 1111 474 1194 significat,
498 1133 558 1182 non
578 1111 660 1172 alium
683 1113 734 1174 sibi
754 1113 860 1173 cultum
884 1133 978 1192 quarm
991 1111 1179 1182 voluntarium
1200 1114 1260 1192 pla-

135 1211 207 1250 eere.
245 1189 328 1252 Nam.
341 1191 365 1248 is
386 1207 455 1259 vere
469 1185 634 1263 ,demumrse
651 1189 715 1249 Deo
740 1189 770 1247 in
794 1187 959 1264 obsequium
983 1187 1106 1268 addicet,
1128 1188 1258 1265 quicum

134 1264 242 1325 amabit
286 1267 380 1326 Porro
399 1261 464 1344 quia
505 1265 563 1330 ravi
582 1276 611 1326 et
628 1261 722 1349 vitiosi
739 1265 829 1325 carnis
848 1265 968 1323 allectus
985 1283 1039 1324 nos
1057 1283 1073 1322 a
1092 1263 1261 1324 rectitudine

132 1341 308 1414 abstrahunt,
327 1340 451 1402 ostendit
502 1360 563 1398 oses
582 1351 651 1414 tone
669 1339 724 1402 rite
742 1341 925 1420 compositam
944 1338 1006 1400 lore
1023 1339 1105 1399 vitam
1125 1349 1258 1414 nostram,

131 1418 156 1478 si
175 1417 232 1494 Dei
252 1413 331 1475 amon
351 1434 450 1475 omnes
465 1433 560 1494 sensus
579 1427 694 1476 nostros
714 1427 841 1498 occupet.
877 1417 1021 1477 Discamns
1040 1415 1133 1494 itaque
1143 1413 1259 1496 pietatis

52 1560 56 1569 1
130 1493 246 1551 initium
271 1509 330 1549 esse
352 1489 409 1548 Dei
432 1509 571 1566 amorem,
594 1493 657 1574 quia
676 1493 755 1553 Deus
776 1503 872 1554 coacta
893 1492 1038 1553 hominum
1059 1491 1262 1570 obsequiaree

130 1567 241 1648 podiae,
265 1563 495 1656 vultqueosponste
519 1580 546 1627 et
565 1567 714 1630 liberaliter
737 1567 803 1630 coli:
828 1569 963 1629 discamus
985 1569 1107 1642 intereo,
1129 1566 1260 1628 sub-Ilei

4 1657 7 1666 ’
73 1674 76 1682 ν
130 1659 231 1710 amore
251 1653 446 1716 reverentiam,
466 1663 535 1722 quae
555 1643 593 1702 illi
611 1643 741 1720 debetur,
767 1640 869 1707 notari.
896 1644 992 1724 ¹Apud
1010 1645 1110 1704 Mosen
1129 1663 1189 1702 non
1207 1643 1257 1702 ad-

131 1717 209 1777 ditur
227 1735 320 1794 mens,
343 1715 521 1778 aeduensem
544 1720 636 1780 cordis
659 1733 687 1780 et
709 1721 818 1782 animae
844 1733 873 1781 et
895 1719 1066 1782 fortitudinis
1086 1718 1118 1779 m
1135 1717 1259 1781 mentio:

133 1793 305 1872 Quanquam
323 1805 415 1853 autem
435 1793 502 1854 haec
519 1808 641 1876 quatuor
657 1797 848 1860 membromm
864 1797 978 1877 partitio
993 1795 1102 1875 plenior
1120 1807 1171 1870 est,
1190 1815 1254 1856 sen-

129 1891 194 1932 sum
213 1881 307 1928 tamen
326 1885 388 1928 non
405 1880 501 1931 mutat.
546 1872 618 1933 Nam
662 1895 728 1944 uum
751 1873 855 1944 docere
878 1875 1035 1936 summatim
1058 1869 1127 1935 velit
1150 1875 1255 1948 Moses,

129 1945 220 2006 solide
235 1945 383 2006 amandum
402 1967 461 2008 esse
479 1947 582 2022 Deum,
603 1960 632 2008 et
642 1894 704 2010 luc
715 1949 849 2012 conferri
867 1951 971 2012 debere
988 1949 1052 2030 quic
1073 1949 1119 2008 uid
1138 1947 1255 2008 faculta-

128 2019 167 2082 tis
184 2021 259 2082 inest
278 2022 446 2098 hominibus,
464 2022 528 2083 satis
547 2023 644 2084 habuit
661 2027 768 2087 animae
787 2039 816 2085 et
834 2026 913 2088 oonli
929 2027 1031 2086 addere
1050 1971 1254 2099 ilartitudlnem

129 2117 269 2177 nequam
287 2099 379 2158 nostri
395 2110 503 2178 partem
522 2101 578 2160 Dei
596 2121 692 2162 amore
710 2124 825 2168 vacuam
843 2090 1025 2182 relinqueret.
1068 2099 1179 2164 Deinde
1197 2099 1258 2160 sei-1

130 2195 202 2248 mus,
221 2173 368 2237 Helicaeos
386 2175 438 2235 sub
457 2197 529 2236 voce
548 2178 645 2234 cardis
661 2189 787 2238 mentem
805 2179 945 2237 interdmn
963 2189 1072 2252 notare,
1089 2175 1251 2256 praesertim

128 2249 179 2308 ubi
197 2250 303 2310 animae
323 2249 513 2332 coniungitur.
523 2299 533 2319 .,
553 2251 631 2326 Quid
654 2263 747 2313 autem
771 2265 828 2312 tarn
849 2251 881 2314 in
904 2252 1047 2312 hocloco
1073 2271 1155 2330 quam
1177 2250 1252 2330 apud

127 2325 302 2387 Matthaeum
325 2323 437 2386 diflerat
458 2347 539 2388 mens
562 2347 578 2386 a
601 2328 700 2399 corde,
727 2347 787 2386 non
815 2325 932 2387 multum
959 2326 1072 2398 laboro,
1094 2324 1149 2382 nisi
1176 2327 1251 2403 quod

127 2402 199 2460 mihi
216 2401 352 2482 significat
371 2399 499 2462 altiorem
517 2401 632 2461 rationis
650 2403 758 2477 sedem,
784 2403 860 2462 unde
879 2401 993 2466 consilia
1011 2395 1104 2464 omnia
1123 2410 1152 2457 et
1171 2399 1252 2481 cogi-

127 2473 250 2536 tationes
273 2487 395 2534 manant
445 2473 597 2536 Caeterum
622 2497 655 2536 ex
679 2477 744 2536 hoen
757 2475 928 2566 compendio
946 2485 1078 2555 'apparet,
1103 2475 1197 2534 Deum
1220 2476 1250 2534 in

129 2551 216 2632 Legis
241 2547 395 2630 praeceptis
417 2569 479 2610 nou
497 2551 650 2629 respicere,
673 2553 739 2644 quid
757 2563 867 2634 posunt
884 2551 1025 2625 homines,
1048 2551 1097 2611 sed
1116 2549 1181 2630 quid
1199 2550 1250 2612 de-

128 2625 225 2686 beant.
275 2627 348 2686 Nam
367 2625 397 2686 in
416 2625 468 2690 liae
487 2626 576 2688 carnis
594 2627 753 2689 infirmrtate
770 2627 831 2688 fieri
849 2647 908 2688 non
926 2638 1033 2708 potest,
1057 2625 1249 2708 ut'perfeetos

102 2708 106 2716 '
128 2699 187 2762 Dei
205 2721 285 2760 arnor
301 2719 422 2782 regnum
441 2701 578 2767 obtineat:
601 2701 701 2766 seimus
720 2705 804 2782 enim,
816 2712 905 2782 'quam
921 2703 1056 2785 propensi
1074 2703 1131 2764 sin—t
1146 2703 1180 2762 ad
1195 2723 1247 2764 =va-

128 2777 247 2840 nitatem
275 2797 373 2836 omnes
399 2777 507 2838 animae
533 2789 647 2840 nostrae
673 2801 778 2842 sensus.
821 2783 970 2842 Postremo
996 2779 1060 2840 irinc
1084 2778 1247 2862 colligimus,

127 2855 224 2914 Deum
247 2851 317 2915 nibil
337 2853 440 2914 morari
459 2865 600 2916 externam
619 2877 736 2938 operum
758 2858 895 2940 speeiem,
918 2858 967 2918 sed
989 2855 1154 2920 interiorem
1176 2850 1248 2915 alse-

108 2928 371 3070 ¹otumapraecipue
390 2931 550 3010 requirere,
570 2943 602 2990 ut
614 2933 654 2992 'ex
673 2933 747 2994 bona
765 2925 857 2994 radice
876 2933 948 2994 honi
964 2933 1070 3003 fructus
1089 2942 1246 2992 nascantur.

243 3049 251 3064 .
288 3005 454 3069 Secundum
473 3009 647 3067 mamaeam
664 3013 760 3070 simile
777 3011 855 3070 hoie.
893 3009 1054 3082 Seoundum
1071 3007 1165 3067 locum
1184 3027 1247 3068 ¹nau-

1 3135 2 3144 ,
105 3113 107 3119 ·
126 3073 193 3144 tua'e
211 3081 287 3142 inter
305 3083 432 3142 homines
451 3083 558 3145 caritati
575 3085 704 3166 assignat,
726 3087 789 3166 quia
802 3086 857 3150 Dei
877 3087 966 3146 cultus
985 3083 1064 3165 prior
1081 3095 1123 3146 est
1138 3081 1253 3144 ordines

126 3158 224 3241 Simile
242 3169 336 3218 autem
354 3157 445 3238 priori
464 3180 524 3225 esse
541 3158 608 3220 dicit
629 3163 788 3239 mapinium
811 3163 851 3223 de
882 3163 1002 3236 ,rorimis
1024 3157 1159 3233 mandis,
1184 3158 1258 3238 quia*

128 3256 163 3296 ex
180 3233 228 3295 illo
246 3233 396 3326 dependet.
425 3235 498 3296 Nam
517 3257 601 3316 quum
620 3237 671 3297 sibi
691 3239 805 3318 quisque
823 3239 856 3300 ad
886 3251 947 3298 etus
964 3237 1009 3311 sit,
1028 3256 1162 3316 nuspiam
1180 3256 1246 3299 tera

127 3331 195 3392 erga
212 3331 355 3392 proximos
374 3311 483 3392 uigebit
502 3312 609 3388 caritas,
630 3313 684 3374 nisi
701 3313 750 3374 ubi
768 3335 799 3374 re
840 3313 897 3374 abit
914 3335 994 3373 amor
1012 3311 1080 3371 Dei:
1100 3329 1246 3372 mercena-

126 3387 184 3452 rius
203 3388 277 3448 enim
296 3407 376 3448 arnor
394 3399 445 3464 est,
464 3409 520 3467 quo
539 3388 587 3448 lilii
605 3389 708 3450 saeculi
724 3389 802 3450 alii'a
813 3412 854 3450 sos
892 3388 1170 3470 rosequuntur,1quia
1188 3388 1259 3448 sin-r·

126 3462 198 3546 gulis
221 3485 304 3524 curae
327 3475 370 3523 est
391 3486 440 3526 sua
461 3463 573 3536 utilitas,
609 3469 715 3534 Rursus
733 3413 903 3545 impossibiie
921 3476 966 3526 est
982 3465 1038 3525 Dei
1056 3465 1246 3526 amorem'rre-

127 3543 231 3622 gnare,
250 3539 317 3618 quin
336 3539 487 3602 fraternam
505 3539 581 3602 inter
598 3541 727 3603 homines
745 3543 887 3606 caritatem
907 3563 941 3602 ex
960 3541 1114 3624 saginat.
1152 3541 1254 3606 Porrox
1322 3586 1332 3602 ι

127 3625 213 3694 quum
231 3615 374 3695 proximos
392 3617 473 3676 sicuti
492 3639 545 3678 nos
564 3617 638 3702 ipsos
656 3618 773 3700 diligere
789 3619 869 3678 iussit
887 3621 990 3690 Moses,
1008 3563 1100 3680 deluit
1120 3621 1246 3676 arnonem

128 3689 220 3749 nostri
239 3690 336 3770 priore
354 3690 418 3750 loeo
438 3705 574 3768 statuere,
595 3706 626 3756 ut
644 3696 759 3774 quisque
778 3717 808 3756 se
826 3698 915 3775 ipsum
935 3695 1069 3774 imprimis
1088 3703 1176 3764 amet,
1195 3689 1252 3748 de:

128 3767 194 3824 inde
212 3765 354 3846 proximos
373 3769 617 3846 (quenadmodum
636 3771 788 3848 Serboniei
810 3769 948 3852 sophistae
965 3770 1139 3844 cavillantur,
1159 3769 1254 3847 negeb·

128 3844 215 3904 latum
240 3837 354 3902 inferius
373 3863 432 3902 esse
451 3865 498 3904 sua
518 3845 644 3929 regula),
667 3848 715 3907 sed
738 3869 823 3938 quum
845 3847 929 3908 sunus
953 3843 1173 3907 nobisvnimium
1196 3841 1245 3897 de·

127 3917 188 3990 diti,
207 3917 416 3978 llloses'vitium
435 3919 490 3992 hoc
508 3923 653 4004 corrigens
671 3943 813 4002 proximos
830 3935 944 3983 nostros
956 3921 1067 4001 ¹¹aaquali
1084 3917 1172 4000 grado
1189 3925 1252 3992 stae

129 3993 196 4054 ῑΰῖῑῑ
227 3991 283 4050 ³⁶⁵5
305 4003 414 4056 Velare&
436 4015 674 4077 unumquemque,
702 3999 760 4059 aliis
787 3999 929 4078 neglectis
944 3993 1117 4058 haherezsui
1139 3993 1245 4062 curam,

94 4137 95 4141 ἵ
129 4069 194 4151 quia
218 4067 315 4128 caritas
337 4068 367 4126 in
391 4091 484 4144 unum
502 4093 603 4152 eorpus
624 4093 724 4134 omnes
750 4075 851 4134 eonion
876 4076 929 4134 it,⁸
949 4077 987 4132 Et
1004 4065 1251 4140 semisomnis·

128 4142 215 4232 gens,
241 4165 310 4236 quae
328 4144 396 4206 alios
414 4141 452 4204 ab'
468 4147 664 4230 aliissepanat,
689 4150 813 4232 singulos
831 4093 1247 4220 airammunmzsscinsmp

123 4225 161 4282 'et
179 4242 255 4304 quaer
272 4234 401 4282 mutuum
420 4223 595 4303 complexum
610 4225 729 4287 reducit.
772 4227 856 4286 Unde
875 4218 1250 4304 colligiuius,2perfectiodis

128 4297 272 4370 vinculum
290 4319 352 4370 non
369 4297 511 4370 immerito
529 4321 545 4361 a
564 4299 652 4394 ljaulo
670 4303 861 4376 vocaritCol.
880 4305 909 4373 3,
931 4297 1000 4373 ld),
1020 4309 1049 4356 et
1066 4295 1145 4391 alibi,
1168 4295 1252 4356 eom*

782 4381 795 4400 'l
1107 4409 1114 4426 1
1208 4392 1253 4428 'nli

1186 4439 1193 4450 Δ
1245 4435 1252 4450 0
