2804 4762
48 1376 65 1394 ³
154 1381 206 1424 eos
225 1363 331 1426 ludere.
373 1368 509 1446 Speraut,
530 1367 579 1426 ubr
598 1367 746 1441 exturba,
769 1366 1103 1458 quae-regnum-Christi

153 225 214 288 uua
313 219 428 290 silet}
444 227 540 287 xvtt.
578 239 830 308 unumunurm
849 241 1121 334 natussumouss.

155 395 275 456 aequuum
298 385 372 449 erat,
394 375 427 438 si
443 375 540 436 officio
565 396 618 436 suo
639 376 730 438 intacti
755 385 858 451 essent,
886 398 935 440 eos
955 381 1011 442 toti
1028 377 1132 464 populo
1150 389 1277 456 annosas

155 451 292 512 seduces
311 451 428 532 praeire.
468 449 565 512 Creati
584 451 660 512 enisu
681 463 761 512 erant
779 452 953 530 sacerdotes,
981 471 1013 518 ut
1032 477 1067 518 cx
1086 475 1183 519 eorum
1201 455 1278 518 labiis

55 555 66 574 ι
156 541 256 588 ornnes
278 537 409 608 peterent
427 525 511 608 Legis
534 526 692 596 scientiam,
718 525 840 606 denique
862 539 894 587 ut
913 531 969 592 Dei
993 534 1165 594 exercituum
1188 554 1223 592 an
1244 534 1279 594 eli

156 613 250 663 essem
266 621 299 661 ac
316 599 484 682 interpretes
504 599 637 676 (Malach.
656 606 684 677 2,
703 601 756 676 7.).
808 601 865 662 Sed
884 605 949 682 qnia
968 609 1074 688 perfide
1093 554 1246 672 vosiensi
1295 617 1297 624 '

156 697 218 738 cem
241 677 443 764 exstinxerant,
467 677 596 758 apposite
619 679 773 758 respondet
796 677 938 755 Christus,
967 684 1036 744 nihil
1060 705 1110 746 eos
1132 685 1281 767 proficere,

154 753 220 811 dum
238 751 332 811 salutas
351 752 508 814 doctrinam
527 753 701 835 supprimere
720 765 873 829 conantur,
899 755 963 834 quia
980 759 1075 837 potius
1094 784 1128 822 ex
1147 761 1281 843 lapidibus

112 857 119 864 ·
154 838 291 906 erumpet.
339 827 444 895 Subest
460 841 554 890 autern
572 831 656 890 tacita
675 829 834 892 concussius
861 851 953 967 pegus
971 833 1047 894 enim
1066 833 1143 896 hunc
1161 858 1282 920 praepo-

153 897 259 964 sterum
279 923 340 966 esse
359 906 487 966 ordinem
506 905 635 969 Christus
653 917 753 1000 negat,
777 903 852 1043 ‹puod
871 927 899 966 rn
919 919 1014 968 octum
1032 909 1133 994 volgus
1153 925 1183 974 et
1201 914 1282 996 pueri
1330 929 1338 936 ·
1394 895 1395 906 ¹

153 979 274 1040 Moesiae
293 982 443 1044 adventum
462 1003 511 1058 sua
529 1003 601 1044 voce
618 983 703 1065 primu
721 982 781 1044 cele
800 993 881 1058 rent,
907 985 955 1045 sed
972 985 1036 1065 quia
1055 987 1202 1048 veritatem
1223 1010 1283 1048 ma-

81 1083 88 1098 1
152 1053 231 1138 ligne
249 1058 414 1136 suffocantp
430 1059 478 1142 qui
500 1059 618 1142 legitimi
641 1081 704 1122 esse
725 1059 866 1131 debebant
889 1061 946 1121 eius
970 1072 1069 1136 testes,
1092 1081 1154 1122 non
1177 1065 1283 1126 mirum

154 1152 231 1207 esse,
255 1134 279 1195 si
300 1137 377 1198 Deus
401 1136 469 1198 alios
494 1137 597 1198 excitet
620 1158 652 1199 ac
675 1137 706 1197 in
730 1155 829 1198 eorum
847 1133 1028 1219 ignominiam
1045 1157 1147 1220 pueros
1166 1139 1221 1199 deli
1243 1153 1282 1202 at.

153 1197 232 1272 iiiuc
250 1213 285 1274 ad
303 1233 357 1274 nos
375 1215 449 1274 redit
467 1235 527 1274 non
562 1235 631 1286 arva
645 1212 813 1276 consolatio:
832 1213 956 1305 quamvis
970 1213 1044 1274 enirn
1057 1213 1179 1298 tegendo
1196 1162 1282 1278 ciri.

153 1283 190 1348 sti
212 1307 305 1370 regno
330 1289 438 1351 nullum
461 1307 522 1349 non
544 1233 662 1382 lipidem
685 1290 932 1370 moveantunpii,
954 1289 1000 1350 hic
1023 1289 1145 1350 audimus
1162 1309 1282 1370 operam

1139 1386 1239 1426 romov

154 1437 224 1502 alios
242 1462 259 1502 e
277 1441 370 1502 medio
389 1439 562 1516 sustulerint,
582 1441 650 1504 alios
668 1455 747 1503 metu
763 1439 973 1522 prohibuerint,
993 1386 1181 1504 sensatione
1200 1377 1281 1503 corii?

154 1527 252 1594 potes:
278 1517 353 1596 atqui
376 1515 553 1577 frustrabitur
575 1537 625 1578 eos
643 1519 796 1592 Dominus,
811 1519 884 1610 1ιῃιία
900 1539 938 1610 ex
959 1519 1095 1600 lapidibus
1117 1515 1208 1599 potius
1230 1537 1284 1578 ora
1329 1605 1333 1612 Ι
1394 1603 1396 1614 Δ

156 1603 185 1652 et
202 1592 311 1676 linguas
330 1591 476 1665 formabit,
496 1611 578 1672 quam
597 1603 629 1651 ut
646 1593 765 1653 testibus
783 1593 807 1654 F
808 1594 847 1655 dn
865 1615 908 1654 sur
927 1613 1052 1677 regnum·
1069 1605 1170 1654 careat.

166 1671 239 1730 ¹16.
278 1669 439 1746 Nunquam
461 1679 563 1728 nutem
580 1671 711 1750 legistis.
750 1667 855 1729 Ansam
878 1667 1032 1730 calumniae
1054 1669 1163 1730 scribae
1186 1679 1220 1746 et,
1238 1690 1285 1730 sa-

155 1743 285 1807 terdotes
299 1764 333 1804 ex
349 1762 384 1804 eo
400 1743 545 1824 arripiunt,
566 1745 640 1826 quod
659 1765 691 1805 se
704 1742 811 1835 patitur
825 1745 953 1805 Christus
968 1749 1068 1826 reg'em
1088 1765 1103 1803 a
1118 1745 1216 1837 pneris
1230 1765 1286 1807 vo-
1396 1765 1397 1786 ¹

155 1818 222 1890 cari,
242 1830 274 1878 ut
291 1841 324 1881 su
362 1819 414 1878 rbe
431 1819 469 1878 im
490 1819 555 1880 robi
573 1839 731 1896 semperrn
749 1817 854 1906 §bristi
872 1819 1011 1898 discipulis
1031 1819 1214 1882 humilrtatem
1234 1822 1285 1882 de·
1396 1829 1397 1858 ³

188 1893 284 1972 iniunt.
340 1891 457 1956 letitiam
470 1841 546 1956 hanc
565 1893 668 1956 refutat
687 1893 817 1954 Chrstus
835 1895 1007 1955 testimonio·
1018 1895 1147 1972 navidis,
1170 1897 1220 1977 qui
1239 1897 1285 1960 ln-

153 1907 245 2031 iihtes
342 1991 378 2032 ue
396 1970 471 2051 ipsos
489 1989 643 2052 praecones
661 1969 728 2030 facit
748 1967 855 2062 gloriae
873 1969 938 2038 Dei.
970 1970 1023 2033 Ad
1037 1971 1156 2033 verbum
1175 1973 1215 2034 sic
1235 1973 1285 2032 ha-

177 2057 268 2140 etur..
311 2122 318 2136 1
347 2065 399 2124 ore
421 2047 621 2140 infantiumct
642 2046 805 2136 lactentium
833 2044 954 2106 fundasti
977 2046 1069 2106 robur
1090 2049 1152 2126 (Pe.
1170 2053 1204 2125 8,
1228 2050 1282 2124 3.).

154 2121 1282 2280 nt‘ttttlttlttlntt'atttttttlttt*tittthl'tttfttfttt

154 2274 208 2337 bus
226 2277 330 2360 pueris,
348 2276 397 2370 qui
417 2298 432 2336 a
450 2289 570 2338 matrum
587 2275 720 2336 uberibus
739 2276 830 2336 adhuc
847 2275 980 2368 pendent.
1010 2277 1025 2336 l
1045 2275 1068 2337 si
1085 2277 1195 2358 quidem
1210 2277 1282 2336 muti

155 2365 236 2429 sunt,
257 2353 307 2416 sed
325 2353 457 2415 murabilis
476 2353 532 2415 Dei
549 2352 739 2433 providentia,
761 2371 882 2442 quaem
905 2349 971 2430 ipsis
991 2297 1112 2429 reducet,
1126 2355 1219 2414 'instar
1237 2361 1280 2413 est

154 2447 277 2492 sonorae
295 2443 324 2492 et
341 2429 537 2514 magniloquas
556 2431 709 2490 facundiae.
737 2427 810 2488 Nam
864 2445 986 2488 rsecum
997 2441 1118 2510 reputat,
1138 2427 1278 2510 quomodo

4 2589 5 2596 ἵ
47 2523 50 2526 ·
154 2505 290 2588 gignatur
317 2507 346 2566 in
376 2517 459 2568 utero
488 2505 583 2568 matris
610 2506 717 2579 foetus,
743 2503 800 2564 illie
834 2515 951 2566 oreatus
967 2515 1143 2590 permovens
1161 2523 1293 2584 menses„

154 2583 269 2644 undem
292 2581 323 2640 in
344 2581 437 2642 lucem
460 2584 572 2660 edatur,
595 2593 624 2642 et
646 2594 772 2662 paratum
790 2579 975 2656 alimentum,
991 2581 1103 2641 sirnnlni
1126 2593 1206 2643 antus
1228 2591 1281 2656 est,

57 2701 61 2710 .
153 2657 290 2790 reperiat,
314 2677 431 2718 necesse
454 2670 550 2719 estut
572 2677 632 2718 non
654 2669 762 2717 tantum
774 2657 889 2718 'sentiat
909 2657 1012 2716 Deum*
1025 2657 1124 2718 mundi
1142 2657 1287 2748 opificem,

153 2749 185 2790 se

142 2805 279 2888 ‘elingues
299 2817 458 2883 creaturae,
477 2820 571 2871 tamen
588 2809 622 2868 ad
641 2811 779 2870 canendas
796 2809 852 2870 Dei
871 2807 964 2874 laudes
982 2809 1115 2870 disertum
1134 2820 1164 2869 et
1182 2807 1281 2870 vocale

170 2883 337 2962 =raeconiuur
354 2883 407 2944 illis
426 2885 560 2946 tribuitur
578 2884 638 2960 (Ps.
659 2887 711 2960 19,
735 2883 788 2961 2.).
837 2885 931 2946 Porro
953 2905 1039 2964 quum
1062 2885 1091 2945 in
1113 2883 1208 2966 lingua
1232 2883 1279 2942 in-

152 2901 273 3022 hstium
293 2959 449 3043 personent
464 2953 556 3044 elogia
571 2960 635 3035 ltei,
657 2959 785 3021 Christus
803 2955 870 3022 hinc
890 2959 1082 3044 colligituon
1099 2980 1161 3020 esse
1179 2959 1280 3020 absur-

153 3036 234 3114 dum,
259 3037 317 3099 sia
356 3037 444 3112 ueris,
463 3037 511 3116 qui
529 3037 583 3096 iam
602 3057 655 3096 usu
672 3036 807 3116 loquendi
828 3037 945 3118 praediti
962 3049 1039 3112 sunt,
1057 3055 1158 3096 uocem
1177 3033 1278 3098 eliniat.

166 3147 169 3152 ·
230 3117 277 3179 18.
339 3137 395 3174 une
412 3117 514 3174 autem
533 3123 691 3172 reuertens)
724 3115 805 3174 luter
822 3113 978 3176 sollenuem
996 3113 1082 3187 illurn,
1099 3111 1134 3172 de
1152 3131 1209 3192 quo
1228 3131 1282 3172 au-

152 3187 286 3264 divimus,
310 3191 416 3252 Christi
434 3191 591 3271 ingressum
612 3200 641 3250 et
658 3189 733 3250 diem
751 3187 907 3262 Pesihatis,
930 3202 1098 3252 nocturnum
1121 3185 1161 3248 illi
1181 3187 1282 3268 bospi-

39 3269 43 3278 '
152 3265 225 3324 tium
244 3265 296 3326 fuit
314 3265 481 3328 Bethaniae:
508 3266 630 3326 interdiu
648 3269 725 3328 vcro'
737 3267 772 3326 ad
789 3267 949 3326 docendum
970 3266 999 3325 in
1016 3263 1123 3343 templo
1140 3263 1281 3345 apparuit.

152 3335 308 3405 Historiam
320 3363 400 3418 vero,
474 3361 490 3402 e
508 3341 670 3404 medio-illo
688 3353 818 3424 tempore
837 3343 965 3424 contigit,
983 3340 1110 3412 referunt
1123 3341 1283 3402 Matthaeus

155 3427 185 3478 et
198 3419 335 3494 *Marcus,
357 3439 394 3496 qu
456 3418 596 3480 Christus
608 3418 638 3477 in
657 3418 759 3478 urbem
776 3419 892 3479 veniens
911 3419 1057 3494 esurierit,
1075 3417 1288 3494 accesseritad

153 3493 253 3568 licum,
276 3504 306 3552 et
324 3515 411 3574 quum
422 3506 542 3574 *praeter
561 3493 626 3556 folia
645 3494 760 3554 nihilis
781 3511 813 3558 ea
831 3486 995 3574 repflisset',
1017 3515 1078 3565 eam
1094 3493 1282 3572 'maledixerit
1341 3543 1348 3550 .

154 3569 241 3629 arbor
259 3589 328 3632 vero
348 3569 406 3630 eius
425 3585 497 3631 voce
514 3571 660 3632 maledicta
680 3570 818 3632 continuo
837 3571 983 3632 exaruerit.
1022 3573 1116 3632 Porro
1137 3566 1282 3631 Chiistum

154 3665 217 3706 non
236 3643 377 3707 simulasse
391 3645 530 3722 esuriem,
553 3648 602 3708 sed
620 3668 689 3710 vere
707 3665 868 3728 perpessum
888 3667 961 3723 esse,
984 3666 1043 3728 pro
1057 3645 1189 3708 confesso
1202 3646 1290 3707 acci·

153 3721 213 3804 pio.
251 3723 361 3784 Scimus
386 3721 462 3783 enim
487 3723 577 3784 carnis
600 3735 713 3785 nostrae
736 3722 1064 3804 infirmitatibus‘sponte
1083 3721 1168 3782 fuisse
1188 3721 1281 3782 obno-

154 3800 244 3874 xium,
270 3819 426 3880 quanquam
449 3811 547 3860 natura
569 3799 641 3860 liber
662 3811 692 3860 et
715 3799 846 3860 immunis
870 3811 937 3861 erat.
986 3799 1043 3862 seu
1062 3799 1093 3858 iu
1114 3801 1149 3859 ed
1168 3797 1220 3858 sita
1239 3807 1280 3857 est

155 3874 314 3950 difficultas,
334 3875 482 3957 ¹quomodo
506 3877 639 3957 deceptus
662 3873 749 3936 suerit
770 3874 894 3935 fructum
911 3875 947 3934 in
960 3875 1072 3936 «arbore
1090 3895 1177 3936 vacam
1196 3891 1280 3954 quaes

155 3965 229 4026 rens,
247 3953 412 4032 praesertim
430 3975 516 4034 quum
533 3954 660 4012 nondum
679 3963 753 4012 esset
769 3963 908 4012 maturum
926 3952 1064 4012 fructibus
1082 3963 1138 4012 tem
1160 3973 1205 4014 us:
1231 3946 1276 4038 de·

79 4094 81 4098 .
156 4027 223 4089 inde
245 4047 296 4088 cnr
319 4041 377 4090 tarn
400 4050 498 4090 severe
524 4027 704 4089 excanduerit
725 4027 755 4086 in
778 4027 910 4088 arborem
933 4028 1084 4088 innoxiam
1152 4025 1187 4086 ed
1209 4019 1278 4084 urbtl

154 4102 267 4166 absurdi
289 4115 344 4180 est,
369 4105 394 4168 si
415 4107 552 4177 dieamus,
576 4103 729 4163 secundum
752 4103 895 4164 hominem
919 4104 1041 4186 speciem
1056 4102 1174 4179 ,arboris
1196 4099 1277 4160 fnisse

156 4175 197 4246 illi
214 4177 401 4262 incognitam:
430 4182 491 4242 fieri
509 4173 604 4242 tainen
644 4189 731 4251 otest,
757 4189 791 4237 ut
805 4177 1120 4254 consulto'aoeesserit,
1148 4187 1277 4239 eventurn

157 4252 246 4307 noni
287 4277 378 4318 orans.
424 4259 513 4318 Certe
532 4255 565 4314 ad
584 4199 802 4314 maledicendum
819 4255 977 4315 iracundiae
987 4253 1110 4317 fervore
1127 4274 1187 4317 non
1205 4250 1279 4332 rapi-

159 4333 207 4382 tur
253 4327 432 4394 uissetuuun
450 4351 511 4398 uon
528 4329 629 4392 iniusta
648 4329 749 4407 modo,
775 4327 823 4392 sed
845 4330 1093 4414 puerilis'qnoque
1115 4351 1149 4394 ac
1166 4327 1281 4400 ridicula

232 4503 237 4513 l

223 2743 299 2792 totu's
317 2731 347 2790 in
367 2733 426 2793 cius
444 2733 655 2796 admirationem
674 2733 789 2793 feratur.
817 2734 867 2792 Ita
878 2732 922 2792 sol
942 2727 971 2796 'et
988 2732 1062 2808 luna,
1081 2755 1206 2812 quamvis
1224 2733 1281 2794 sint
1332 2768 1340 2785 ι
1397 2745 1398 2754 ’
