2796 4774
299 251 301 277 .
363 210 443 287 (209.
484 208 613 270 Christus
634 209 785 270 damnatur·
800 221 831 270 et
848 209 1019 288 abducitur.)
1106 215 1129 252 Ἴ
1169 215 1250 296 ,359

573 323 574 334 r
1301 296 1325 328 ·⁴l

10 416 21 430 ,
134 395 137 400 ·
197 357 296 421 Mettis.
319 361 367 422 24.
408 361 655 428 Vidensnutem
682 361 812 425 Porrus.
871 357 1117 440 Quemadmodum
1146 375 1249 437 nautae¹

18 473 26 513 ,1
117 435 178 495 vim
203 437 337 512 maiorem
365 437 535 518 tempestatis
563 437 673 517 experti
706 437 740 498 ad
770 449 925 500 extremum
956 439 1074 515 cedunt,
1111 451 1148 502 et·
1162 461 1192 500 se
1215 441 1246 499 in

18 522 28 533 ’“
117 512 294 574 contrarium
315 534 428 574 cursum
451 514 511 594 rapi
536 513 651 575 sinuutt
677 513 716 572 ita
736 512 854 594 Pilatus,
880 533 914 575 ‘se
938 515 1073 596 imparem
1095 517 1192 577 videns
1212 513 1247 576 ad

5 595 28 639 t:
117 589 356 670 compescendum
385 589 481 670 populi
506 602 631 664 motum,
665 589 791 670 deposita
815 590 912 652 iudicis
941 593 1105 656 auctoritate
1133 593 1246 653 insanos

5 699 26 744 Γ,
117 662 255 726 clamores
275 665 408 744 sequitur.
449 666 617 754 Quanquam
635 677 730 725 autem
749 666 796 725 diu
814 666 943 728 resistere
955 677 1078 730 'conatus
1098 679 1166 744 erat,
1181 688 1246 726 non

116 751 304 818 tamencum
331 754 442 802 excusat
464 741 630 816 necessitas,
661 741 725 820 quia
751 741 844 821 potius
866 741 972 822 quidvis
996 739 1125 826 perferre
1149 743 1247 805 debuit
1339 779 1343 789 ‚

116 837 203 900 quam
222 817 257 878 ab
277 816 373 878 officio
393 817 552 880 dellectere.
594 817 657 878 Nec
676 837 745 877 vero
766 817 877 898 culpam
895 819 953 880 eius
972 818 1044 883 levat
1063 820 1178 902 puerilib
1198 827 1245 880 c'e-

94 909 97 912 ·
117 893 263 968 remonia,
287 915 341 973 qua
359 895 460 956 utitur:
486 895 629 976 quomodo
649 893 724 962 enim
744 887 855 954 sceleris
874 893 966 957 lahem
982 896 1157 978 abstergeret
1176 917 1245 977 pau·
1314 951 1318 958 .

116 969 161 1029 eis
215 991 266 1030 uae
284 970 380 1052 guttis,
400 991 471 1050 quae
490 969 571 1033 nullis
589 969 703 1050 piaculis
723 967 810 1029 deleri
825 972 956 1050 poterat?
975 972 1142 1050 Quanquam
1162 973 1255 1032 etiam‘
1307 1033 1310 1054 1

116 1064 182 1106 non
219 1065 256 1106 nc
278 1045 426 1126 praecipue
450 1047 601 1126 spectavit,
631 1057 664 1104 ut
682 1066 743 1106 suas
770 1065 865 1106 coram
884 1047 948 1110 Deo
967 1045 1085 1108 maculas
1103 1069 1156 1128 pur
1176 1059 1245 1122 aret,
1355 1073 1357 1080 ’

115 1121 170 1180 sed
189 1120 295 1203 populo
313 1121 426 1204 signum
443 1121 635 1184 detestationis
655 1121 815 1201 proposuit,¹
841 1121 865 1181 si
884 1121 958 1184 sorte
978 1122 1145 1204 exprimeret
1156 1068 1245 1183 luro-

5 1221 20 1268 ,ι
114 1195 157 1258 ris
174 1198 390 1276 poeniteutiam:
410 1197 466 1258 acsi
484 1197 515 1257 iu
535 1198 608 1258 bunc
627 1197 741 1257 modurn
760 1196 900 1290 praelatus
920 1211 1008 1274 esset,
1031 1201 1121 1274 Ecce,
1144 1199 1250 1280 cogitis

13 1321 21 1348 ,.
114 1293 167 1333 me
185 1274 219 1332 ad
238 1274 368 1336 iniustam
389 1275 520 1348 caedem,
545 1274 579 1334 ad
602 1295 684 1353 quam
703 1273 811 1354 trepide
830 1279 884 1334 nec
908 1275 968 1334 sine
989 1277 1109 1336 horrore
1127 1275 1244 1336 descen-

13 1355 44 1422 ζ,
114 1350 166 1410 do.
207 1349 285 1425 Quid
304 1371 375 1434 ergo
394 1350 476 1410 vobis
498 1349 624 1410 futurum
641 1361 707 1424 est,
731 1361 760 1410 et
779 1371 866 1486 quam
889 1351 982 1432 gravis
1004 1369 1056 1412 vos
1075 1363 1170 1412 manet
1188 1349 1245 1410 Dei

14 1431 18 1469 l
114 1423 256 1499 viufficta,
283 1425 331 1504 qui
349 1425 492 1506 praecipui
511 1425 576 1486 estis
594 1424 740 1486 auctores?
805 1439 928 1488 aeterum
948 1427 1082 1507 qualecun
1102 1449 1138 1488 ue
1158 1425 1245 1486 luerit

15 1535 19 1567 ς
116 1499 267 1562 eonsilium
286 1501 382 1577 Pilati,
409 1499 487 1562 Deus
507 1513 604 1563 tamen
621 1500 678 1561 hoc
694 1501 785 1564 modo
799 1514 927 1568 testatam
947 1504 1038 1566 voluit
1055 1449 1121 1562 Filii
1138 1503 1182 1564 sui
1199 1502 1249 1560 in-

11 1637 17 1661 ,
114 1577 294 1656 nocentiam,
324 1599 383 1668 quo
405 1577 504 1638 melius
525 1589 636 1660 pateret
658 1578 688 1637 in
712 1599 747 1640 eo
770 1579 899 1662 damnata
923 1601 983 1640 esse
1005 1592 1118 1660 peccata
1132 1590 1244 1640 nostra.
1315 1627 1317 1633 Α

115 1651 233 1712 Sistitur
250 1653 285 1714 ad
302 1652 426 1714 tribunal
445 1653 668 1729 iudicisterreoi
690 1675 836 1734 supremus
861 1667 891 1714 et
910 1655 1008 1716 uniens
1028 1657 1123 1716 mundi
1141 1655 1243 1716 Iudex:

11 1741 16 1782 .·
116 1727 266 1810 damnatur
285 1729 321 1790 ad
342 1749 455 1790 crucem
474 1738 605 1810 tanquam
623 1729 787 1805 sceleratus,
821 1731 990 1810 quinetiam
1010 1731 1244 1794 locaturmedius
1270 1741 1271 1754 ¹

116 1805 194 1866 inter
212 1805 349 1881 latrones,
379 1807 456 1886 (prasi
482 1827 581 1868 eorum
601 1807 742 1888 princeps.
785 1807 885 1868 Posset
904 1807 1135 1890 talis-spectaculiv
1151 1807 1260 1868 foedi-v

5 1931 7 1950 ,
114 1891 160 1951 tes
176 1881 269 1960 priano
288 1881 392 1942 iutuitu
412 1903 509 1966 sensus
528 1881 667 1943 humanos
686 1904 746 1944 non
764 1903 868 1963 parum
881 1885 1017 1960 turbare,
1037 1884 1090 1945 nisi
1109 1905 1250 1948 occurro·
1276 1888 1280 1896 '

116 1968 164 2020 ret
184 1958 361 2036 haec-ratio,
387 1981 522 2038 poenam,
552 1979 623 2040 quae
641 1980 694 2020 nos
714 1959 862 2036 manebat,
888 1957 1011 2022 Christo
1023 1959 1107 2022 fuisse
1126 1961 1165 2022 im
1185 1961 1243 2022 osi·
1301 1993 1308 2001 -

5 2037 16 2098 it
117 2045 192 2108 tam,
216 2045 249 2094 ut
272 2043 349 2095 nunc
368 2035 476 2096 sublato
499 2047 581 2098 reatu
609 2050 668 2096 non
687 2035 843 2096 dubitemus
862 2035 891 2094 in
910 2049 1094 2116 conspectum
1114 1983 1242 2098 eoelestis

5 2177 7 2182 ,
116 2109 222 2172 Iudicis
238 2110 363 2190 prodire.
401 2113 498 2193 ·Ergo
517 2133 538 2170 *a
560 2132 607 2185 ua,
636 2131 707 2188 quae
725 2109 817 2176 Pilato
840 2111 883 2173 ad'
901 2112 1032 2172 eluendas
1054 2113 1150 2174 sordes
1173 2111 1242 2172 nibil

5 2181 13 2201 '
117 2184 239 2267 proluit,
257 2185 286 2248 in
297 2185 392 2264 alium.
405 2133 692 2248 nsunabddievalere
711 2186 805 2260 debet,
824 2197 857 2245 ut
875 2186 973 2246 oculos
992 2199 1106 2248 nostros
1123 2188 1158 2250 ab
1178 2209 1241 2248 om-

118 2261 202 2324 nibus
219 2262 427 2342 impedimentis
446 2273 567 2345 purget,
585 2281 643 2342 quo
661 2261 764 2340 liquide
782 2262 813 2321 in
832 2261 923 2322 m'edia
941 2263 1118 2323 damnatione
1138 2261 1242 2324 Christi

87 2367 93 2385 ·
117 2338 249 2398 iustitiam
270 2339 451 2418 conspiciant.
952 2391 958 2413 ,
1106 2377 1121 2406 ,·
1155 2377 1157 2382 ·

194 2417 242 2478 2⁵.
271 2415 406 2494 Sanguis
424 2418 488 2476 ciras
506 2435 595 2491 super
611 2435 672 2474 nou.
710 2413 780 2474 Nou
800 2411 915 2496 dubium
934 2424 989 2488 est,
1008 2413 1192 2494 quio-secure
1209 2431 1241 2474 se

117 2491 285 2553 devoverint
304 2493 412 2565 Iudaei,
428 2491 487 2557 ,acsi
505 2489 575 2552 iusta'
592 2489 646 2550 illis
665 2490 843 2551 eoram‘Deo
862 2489 935 2550 ratio
953 2501 1106 2552 constaret:
1124 2491 1173 2553 sed
1192 2510 1240 2550 ze-

8 2573 11 2583 '
117 2565 160 2624 lus
179 2565 400 2636 inconsideratus
420 2587 543 2644 eousque
561 2565 636 2647 ipsos
656 2565 828 2647 praecipitat,
846 2577 879 2627 ut
897 2566 1170 2648 scelusaeinexpiabile
1189 2567 1240 2628 de-

118 2643 260 2722 signantes
287 2641 405 2704 sollenni
436 2663 549 2722 quoque
572 2643 731 2702 devotione
754 2663 834 2722 spem
860 2643 960 2704 veniae
987 2643 1040 2704 sibi
1060 2643 1237 2710 abscindant.
1299 2679 1302 2686 ·

5 2781 10 2802 Γ
116 2720 203 2780 Hinc,
214 2718 383 2800 colligimus,
422 2739 485 2778 uam
501 2717 619 2778 sollicite
638 2717 761 2779 cavenda
779 2718 818 2778 sit
834 2717 864 2779 iu
883 2718 1013 2780 omuibus
1031 2719 1139 2780 iudiciis
1158 2741 1239 2801 prae·

5 2805 11 2826 l
118 2814 151 2857 ce
172 2816 184 2854 s
202 2796 352 2856 temeritas.
409 2799 464 2855 'am
488 2793 537 2854 nbi
561 2795 665 2854 audent
686 2793 964 2876 bominesueglecta
981 2796 1161 2875 inquisitione
1182 2798 1239 2856 hoc

118 2897 137 2936 v
181 2870 255 2932 illud.
270 2871 423 2954 arripere,.'
445 2883 530 2951 prout
548 2869 638 2932 visum
658 2881 714 2946 est,
732 2871 845 2930 tandem
860 2893 877 2930 a
895 2875 983 2956 cqeco
999 2871 1105 2963 impetu
1123 2889 1241 2936 neeesse

5 2981 9 3024 ι
116 2961 163 3010 est
181 2948 215 3009 ad
234 2947 360 3010 furorem
383 2944 457 3028 ipsos
480 2946 578 3007 delabi.
620 2947 720 3026 Atque
739 2947 808 3006 baec
831 2947 901 3010 iusta
925 2959 968 3008 est
991 2949 1047 3008 Der
1069 2947 1154 3020 ultio,
1184 2967 1238 3024 qua
1274 2971 1275 2976 ¹

117 3046 184 3106 pers
221 3023 298 3084 nitur
320 3045 419 3086 eorum
443 3023 613 3104 superbiam,
647 3023 696 3115 qui
717 3023 788 3096 recti
811 3033 842 3082 et
861 3022 951 3102 iniqui
971 3023 1110 3084 delectum
1133 3021 1238 3082 habere

118 3122 177 3162 non
225 3101 364 3184 ignautur.
401 3102 540 3162 Putarunt
565 3100 675 3174 Iudaei,
709 3097 862 3172 *Cbristmn
887 3099 1041 3160 occidendo
1069 3107 1179 3192 gratum
1206 3120 1238 3174 se

118 3177 284 3258 obsequium
303 3179 368 3238 Deo
387 3187 540 3257 praestare:
561 3173 611 3236 sed
628 3174 703 3235 uude
721 3195 823 3254 pra—vin
845 3173 891 3234 bie
910 3195 1003 3248 error,
1030 3174 1083 3236 nisr
1103 3196 1135 3235 ex
1152 3174 1248 3254 impia·
1287 3199 1289 3205 ·
1392 3203 1393 3206 ¹

119 3255 295 3315 coutumacia
312 3265 342 3314 et
358 3250 517 3334 ipsius'De'i
536 3251 717 3330 contemptu?
761 3249 861 3325 Quare
877 3250 979 3317 merito
997 3251 1028 3312 in
1049 3251 1122 3312 bane
1140 3273 1238 3312 amen-
1392 3259 1393 3268 ’

118 3329 186 3388 tiam
204 3330 323 3410 proiecti
334 3341 421 3405 ¹sunt,
447 3340 479 3390 ut
505 3327 560 3394 silai
579 3326 840 3408 ultimumexitium
857 3333 1040 3388 arcesserent.
1074 3328 1143 3390 ΙΝοεΙ
1157 3348 1238 3402 vero,

119 3403 168 3464 ubi
186 3405 222 3466 de
240 3407 317 3468 cultu
334 3406 390 3468 Dei
408 3417 438 3468 et
453 3406 537 3468 ‘saeris
558 3404 615 3466 eius
634 3403 773 3488 mysteriip
790 3403 890 3486 agitur,
909 3403 1004 3466 oculos
1022 3405 1130 3484 aperire
1148 3403 1236 3464 disca-

120 3501 194 3555 mus,
217 3492 246 3541 et
263 3485 427 3548 reverenter
444 3482 594 3560 sobrieque
612 3481 647 3542 de
666 3501 747 3552 rausa
758 3500 954 3562 cognoscere,
978 3501 1015 3540 ue
1033 3481 1187 3564 hypocrisis
1207 3491 1236 3539 et

5 3607 7 3628 ,
55 3623 58 3632 ¹
118 3554 230 3632 audacia
247 3569 362 3638 stupore
378 3581 431 3620 nos
450 3561 621 3620 dementent.
660 3556 757 3618 Sicuti·
771 3567 864 3618 antem
889 3577 1030 3636 nunqaram
1048 3580 1142 3639 passus
1164 3565 1236 3616 esset
1304 3613 1307 3622 Α

5 3633 7 3640 ’
44 3668 50 3686 ·
119 3635 197 3693 Deus
216 3635 410 3694 exsecrandam
429 3635 500 3716 hane
517 3655 619 3707 vocem
638 3633 761 3700 effluere..
774 3653 809 3696 ex
822 3653 934 3716 ormpo
956 3634 1001 3710 nli,
1019 3634 1074 3698 nisi
1091 3633 1167 3768 ppius
1185 3629 1235 3689 de-

119 3732 132 3770 s
152 3719 227 3769 erata
246 3707 343 3770 fuisset
361 3710 418 3770 eius
436 3709 577 3791 impietas,
598 3709 637 3770 ita
654 3709 726 3772 iuste
746 3730 806 3774 eam
824 3709 910 3771 horre
950 3711 973 3772 is
992 3719 1021 3770 et
1038 3710 1100 3772 inco
1111 3707 1154 3768 ‘tis
1172 3726 1235 3764 mo-

122 3729 165 3844 dis
183 3794 280 3864 postea
305 3783 380 3844 ultus
397 3797 451 3846 est:
484 3799 513 3847 et
531 3798 627 3870 tarpen
644 3785 800 3848 incredibili
817 3785 952 3847 miraculo
968 3787 1100 3866 quasdam
1118 3781 1171 3842 sihi
1188 3801 1235 3840 re-

118 3859 214 3938 tiquias·
231 3859 362 3932 serravit,
382 3861 536 3922 nenio-edus
554 3882 635 3924 suurn
654 3861 877 3942 exstingueretur
893 3863 982 3924 totius
998 3859 1091 3943 gentis
1109 3857 1233 3918 interitu.

120 3933 314 4017 Adoptaverat
329 3935 383 3997 sibi
404 3957 500 3998 umen
520 3935 662 4012 ahrahae,
690 3949 721 4000 ut
745 3948 819 4000 esset
836 3957 907 4019 geos
924 3937 1028 4016 eleon,
1052 3955 1172 4018 reguum
1191 3954 1234 3996 sa-

120 4012 272 4086 cerdotale,
295 4033 410 4073 saonam
432 4009 595 4093 peculium,
614 4021 647 4073 et·
664 4006 825 4076 haereditari
863 4013 947 4074 Nune
969 4011 1064 4072 Iudaei
1084 4010 1119 4072 ad
1141 4021 1235 4070 nune

120 4088 223 4172 gratiae
242 4087 457 4171 abnegationem
480 4087 556 4168 quasi
580 4091 645 4148 una.
660 4088 931 4170 voce-conspirant:
961 4087 1027 4208 quis
1044 4091 1106 4148 non
1127 4085 1236 4148 diceret

7 4221 10 4242 ,
119 4176 207 4243 totam
227 4177 343 4248 gentem
367 4164 499 4226 radicitrn
521 4185 538 4225 a
564 4183 656 4258 reguo
678 4165 736 4230 oa·
759 4163 973 4230 eruum-esse.
1021 4163 1079 4230 sat
1103 4164 1182 4226 oeus
1203 4162 1235 4224 iu

119 4243 129 4302 i
148 4263 243 4302 sorum
265 4240 379 4323 perfidia
402 4239 603 4320 illustratlider
625 4259 692 4304 suae
714 4239 910 4316 constantiam,
938 4252 1036 4321 atque,
1067 4251 1100 4301 ut
1121 4261 1152 4302 se
1176 4260 1236 4301 nou

5 4383 6 4406 ,
120 4263 220 4382 tiustra
239 4317 339 4382 loedus
359 4337 423 4382 eum
441 4317 584 4403 Abrabam
605 4316 747 4400 pepigisse
769 4315 913 4399 ¹ostendat,
950 4337 1022 4396 quos
1044 4316 1130 4402 gratis
1151 4315 1237 4402 elegit

5 4411 7 4476 l
126 4432 159 4477 ,ι
1182 4411 1192 4428 “

5 4491 6 4516 l
