<?xml version="1.0" encoding="UTF-8"?>
<!DOCTYPE html PUBLIC "-//W3C//DTD XHTML 1.0 Transitional//EN"
    "http://www.w3.org/TR/xhtml1/DTD/xhtml1-transitional.dtd">
<html xmlns="http://www.w3.org/1999/xhtml" xml:lang="en" lang="en">
 <head>
  <title>
</title>
<meta http-equiv="Content-Type" content="text/html;charset=utf-8" />
  <meta name='ocr-system' content='tesseract 3.04.00' />
  <meta name='ocr-capabilities' content='ocr_page ocr_carea ocr_par ocr_line ocrx_word'/>
</head>
<body>
  <div class='ocr_page' id='page_1' title='image "./novumtestamentu00calvgoog_0104.png"; bbox 0 0 2790 4764; ppageno 0'>
   <div class='ocr_carea' id='block_1_1' title="bbox 297 158 1208 294">
    <p class='ocr_par' dir='ltr' id='par_1_1' title="bbox 297 158 1208 294">
     <span class='ocr_line' id='line_1_1' title="bbox 297 158 1208 294; baseline 0.005 -19"><span class='ocrx_word' id='word_1_1' title='bbox 297 249 303 259; x_wconf 90' lang='lat'><strong>·</strong></span> <span class='ocrx_word' id='word_1_2' title='bbox 325 219 328 228; x_wconf 86' lang='grc'><strong>“</strong></span> <span class='ocrx_word' id='word_1_3' title='bbox 358 213 438 292; x_wconf 78' lang='lat' dir='ltr'><strong>(lat.</strong></span> <span class='ocrx_word' id='word_1_4' title='bbox 466 158 601 294; x_wconf 71' lang='lat' dir='ltr'><strong>Populus</strong></span> <span class='ocrx_word' id='word_1_5' title='bbox 618 209 783 274; x_wconf 70' lang='lat' dir='ltr'><strong>mmmalose</strong></span> <span class='ocrx_word' id='word_1_6' title='bbox 802 211 933 290; x_wconf 52' lang='lat' dir='ltr'><strong>cibatio</strong></span> <span class='ocrx_word' id='word_1_7' title='bbox 1131 208 1133 218; x_wconf 81' lang='grc'><strong>’</strong></span> <span class='ocrx_word' id='word_1_8' title='bbox 1170 213 1208 280; x_wconf 78' lang='lat' dir='ltr'><strong>tt</strong></span> 
     </span>
    </p>
   </div>
   <div class='ocr_carea' id='block_1_2' title="bbox 53 357 1228 868">
    <p class='ocr_par' dir='ltr' id='par_1_2' title="bbox 53 357 1228 868">
     <span class='ocr_line' id='line_1_2' title="bbox 81 357 1208 454; baseline 0.004 -22"><span class='ocrx_word' id='word_1_9' title='bbox 81 358 345 452; x_wconf 62' lang='lat' dir='ltr'><strong>suiemsoputt</strong></span> <span class='ocrx_word' id='word_1_10' title='bbox 362 357 441 432; x_wconf 74' lang='lat' dir='ltr'><strong>rero</strong></span> <span class='ocrx_word' id='word_1_11' title='bbox 462 361 584 430; x_wconf 86' lang='lat' dir='ltr'><strong>turbae.</strong></span> <span class='ocrx_word' id='word_1_12' title='bbox 622 357 688 434; x_wconf 74' lang='grc'><strong>37.</strong></span> <span class='ocrx_word' id='word_1_13' title='bbox 705 359 1002 454; x_wconf 63' lang='lat' dir='ltr'>comederuntque</span> <span class='ocrx_word' id='word_1_14' title='bbox 1023 373 1148 448; x_wconf 80' lang='lat' dir='ltr'><strong>omnes,</strong></span> <span class='ocrx_word' id='word_1_15' title='bbox 1175 380 1208 436; x_wconf 88' lang='lat' dir='ltr'><strong>et</strong></span> 
     </span>
     <span class='ocr_line' id='line_1_3' title="bbox 53 461 1205 558; baseline 0.005 -26"><span class='ocrx_word' id='word_1_16' title='bbox 53 470 213 533; x_wconf 85' lang='lat' dir='ltr'><strong>‘saturati</strong></span> <span class='ocrx_word' id='word_1_17' title='bbox 235 477 321 536; x_wconf 88' lang='lat' dir='ltr'><strong>suut:</strong></span> <span class='ocrx_word' id='word_1_18' title='bbox 354 477 385 536; x_wconf 86' lang='lat' dir='ltr'><strong>ct</strong></span> <span class='ocrx_word' id='word_1_19' title='bbox 413 461 610 553; x_wconf 79' lang='lat' dir='ltr'><strong>sustulerunt</strong></span> <span class='ocrx_word' id='word_1_20' title='bbox 635 465 726 558; x_wconf 90' lang='lat' dir='ltr'><strong>qnod</strong></span> <span class='ocrx_word' id='word_1_21' title='bbox 755 477 922 558; x_wconf 76' lang='lat' dir='ltr'>supererat</span> <span class='ocrx_word' id='word_1_22' title='bbox 947 469 1205 558; x_wconf 76' lang='lat' dir='ltr'><strong>fragmentorum,</strong></span> 
     </span>
     <span class='ocr_line' id='line_1_4' title="bbox 78 567 1206 658; baseline 0.007 -22"><span class='ocrx_word' id='word_1_23' title='bbox 78 581 202 658; x_wconf 86' lang='lat' dir='ltr'><strong>septem</strong></span> <span class='ocrx_word' id='word_1_24' title='bbox 229 567 388 658; x_wconf 75' lang='lat' dir='ltr'><strong>sportulae</strong></span> <span class='ocrx_word' id='word_1_25' title='bbox 414 569 537 658; x_wconf 77' lang='lat' dir='ltr'><strong>plenas.</strong></span> <span class='ocrx_word' id='word_1_26' title='bbox 579 568 635 637; x_wconf 76' lang='lat'><strong>38.</strong></span> <span class='ocrx_word' id='word_1_27' title='bbox 667 569 735 657; x_wconf 90' lang='lat' dir='ltr'><strong>Qui</strong></span> <span class='ocrx_word' id='word_1_28' title='bbox 761 593 841 640; x_wconf 83' lang='lat' dir='ltr'><strong>vero</strong></span> <span class='ocrx_word' id='word_1_29' title='bbox 867 573 1084 654; x_wconf 77' lang='lat' dir='ltr'><strong>comederant,</strong></span> <span class='ocrx_word' id='word_1_30' title='bbox 1115 586 1206 644; x_wconf 86' lang='lat' dir='ltr'><strong>erant</strong></span> 
     </span>
     <span class='ocr_line' id='line_1_5' title="bbox 78 672 1205 768; baseline 0.007 -32"><span class='ocrx_word' id='word_1_31' title='bbox 78 673 331 768; x_wconf 23' lang='lat' dir='ltr'><strong>quatuor‘millia</strong></span> <span class='ocrx_word' id='word_1_32' title='bbox 351 673 494 740; x_wconf 81' lang='lat' dir='ltr'><strong>virorum</strong></span> <span class='ocrx_word' id='word_1_33' title='bbox 515 683 642 763; x_wconf 77' lang='lat' dir='ltr'><strong>praeter</strong></span> <span class='ocrx_word' id='word_1_34' title='bbox 659 673 812 742; x_wconf 85' lang='lat' dir='ltr'><strong>mulieres</strong></span> <span class='ocrx_word' id='word_1_35' title='bbox 836 685 867 742; x_wconf 84' lang='lat' dir='ltr'><strong>ct</strong></span> <span class='ocrx_word' id='word_1_36' title='bbox 887 676 1050 764; x_wconf 89' lang='lat' dir='ltr'><strong>parrulos.</strong></span> <span class='ocrx_word' id='word_1_37' title='bbox 1086 672 1139 744; x_wconf 82' lang='lat'><strong>³9.</strong></span> <span class='ocrx_word' id='word_1_38' title='bbox 1161 677 1205 744; x_wconf 83' lang='lat' dir='ltr'><strong>Et</strong></span> 
     </span>
     <span class='ocr_line' id='line_1_6' title="bbox 78 769 1228 868; baseline 0.008 -25"><span class='ocrx_word' id='word_1_39' title='bbox 78 775 216 846; x_wconf 84' lang='lat' dir='ltr'><strong>dimissis</strong></span> <span class='ocrx_word' id='word_1_40' title='bbox 238 773 338 845; x_wconf 88' lang='lat' dir='ltr'><strong>turbis</strong></span> <span class='ocrx_word' id='word_1_41' title='bbox 362 775 552 849; x_wconf 80' lang='lat' dir='ltr'><strong>conscendit</strong></span> <span class='ocrx_word' id='word_1_42' title='bbox 572 778 690 858; x_wconf 85' lang='lat' dir='ltr'><strong>navim,</strong></span> <span class='ocrx_word' id='word_1_43' title='bbox 710 780 860 868; x_wconf 81' lang='lat' dir='ltr'><strong>venitque</strong></span> <span class='ocrx_word' id='word_1_44' title='bbox 881 769 916 846; x_wconf 87' lang='lat' dir='ltr'><strong>in</strong></span> <span class='ocrx_word' id='word_1_45' title='bbox 936 776 1019 846; x_wconf 86' lang='lat' dir='ltr'><strong>fines</strong></span> <span class='ocrx_word' id='word_1_46' title='bbox 1040 777 1203 868; x_wconf 78' lang='lat' dir='ltr'><strong>Magdala.</strong></span> <span class='ocrx_word' id='word_1_47' title='bbox 1224 833 1228 856; x_wconf 85' lang='grc'><strong>.</strong></span> 
     </span>
    </p>
   </div>
   <div class='ocr_carea' id='block_1_3' title="bbox 59 923 1251 1842">
    <p class='ocr_par' dir='ltr' id='par_1_3' title="bbox 59 923 1251 1842">
     <span class='ocr_line' id='line_1_7' title="bbox 80 923 1203 1021; baseline 0.005 -25"><span class='ocrx_word' id='word_1_48' title='bbox 80 1004 82 1012; x_wconf 46' lang='grc'>,</span> <span class='ocrx_word' id='word_1_49' title='bbox 161 923 300 1002; x_wconf 82' lang='lat' dir='ltr'><strong>MARC.</strong></span> <span class='ocrx_word' id='word_1_50' title='bbox 323 929 400 998; x_wconf 89' lang='lat' dir='ltr'><strong>Vll.</strong></span> <span class='ocrx_word' id='word_1_51' title='bbox 441 932 496 998; x_wconf 90' lang='grc'><strong>31.</strong></span> <span class='ocrx_word' id='word_1_52' title='bbox 518 930 562 998; x_wconf 89' lang='lat' dir='ltr'><strong>Et</strong></span> <span class='ocrx_word' id='word_1_53' title='bbox 583 951 694 1000; x_wconf 85' lang='lat' dir='ltr'><strong>rursus</strong></span> <span class='ocrx_word' id='word_1_54' title='bbox 716 951 862 1020; x_wconf 84' lang='lat' dir='ltr'><strong>egressus</strong></span> <span class='ocrx_word' id='word_1_55' title='bbox 885 929 1045 1008; x_wconf 79' lang='lat' dir='ltr'><strong>efinibus</strong></span> <span class='ocrx_word' id='word_1_56' title='bbox 1068 933 1149 1021; x_wconf 84' lang='lat' dir='ltr'><strong>Tyri</strong></span> <span class='ocrx_word' id='word_1_57' title='bbox 1171 947 1203 1009; x_wconf 86' lang='lat' dir='ltr'><strong>et</strong></span> 
     </span>
     <span class='ocr_line' id='line_1_8' title="bbox 75 1027 1203 1124; baseline 0.006 -27"><span class='ocrx_word' id='word_1_58' title='bbox 75 1031 211 1113; x_wconf 89' lang='lat' dir='ltr'><strong>Sidonis,</strong></span> <span class='ocrx_word' id='word_1_59' title='bbox 232 1037 322 1102; x_wconf 79' lang='lat' dir='ltr'><strong>venit</strong></span> <span class='ocrx_word' id='word_1_60' title='bbox 343 1031 393 1100; x_wconf 88' lang='lat' dir='ltr'><strong>ad·</strong></span> <span class='ocrx_word' id='word_1_61' title='bbox 407 1053 495 1098; x_wconf 88' lang='lat' dir='ltr'><strong>mare</strong></span> <span class='ocrx_word' id='word_1_62' title='bbox 513 1027 678 1097; x_wconf 80' lang='lat' dir='ltr'><strong>Galilaeae</strong></span> <span class='ocrx_word' id='word_1_63' title='bbox 699 1056 758 1121; x_wconf 89' lang='lat' dir='ltr'><strong>per</strong></span> <span class='ocrx_word' id='word_1_64' title='bbox 778 1032 902 1100; x_wconf 84' lang='lat' dir='ltr'><strong>medios</strong></span> <span class='ocrx_word' id='word_1_65' title='bbox 922 1033 1006 1100; x_wconf 88' lang='lat' dir='ltr'><strong>lines</strong></span> <span class='ocrx_word' id='word_1_66' title='bbox 1021 1034 1203 1124; x_wconf 85' lang='lat' dir='ltr'><strong>Decapolis.</strong></span> 
     </span>
     <span class='ocr_line' id='line_1_9' title="bbox 72 1125 1204 1230; baseline 0.004 -31"><span class='ocrx_word' id='word_1_67' title='bbox 72 1135 123 1199; x_wconf 78' lang='grc'><strong>32.</strong></span> <span class='ocrx_word' id='word_1_68' title='bbox 148 1135 197 1230; x_wconf 76' lang='grc' dir='ltr'><strong>ΕῐΙ</strong></span> <span class='ocrx_word' id='word_1_69' title='bbox 218 1125 388 1220; x_wconf 84' lang='lat' dir='ltr'><strong>adducunt</strong></span> <span class='ocrx_word' id='word_1_70' title='bbox 409 1137 441 1216; x_wconf 84' lang='lat' dir='ltr'><strong>ei</strong></span> <span class='ocrx_word' id='word_1_71' title='bbox 463 1131 595 1200; x_wconf 89' lang='lat' dir='ltr'><strong>surdum</strong></span> <span class='ocrx_word' id='word_1_72' title='bbox 616 1134 807 1224; x_wconf 76' lang='lat' dir='ltr'><strong>linguaeque</strong></span> <span class='ocrx_word' id='word_1_73' title='bbox 828 1133 1010 1224; x_wconf 83' lang='lat' dir='ltr'><strong>impeditae,</strong></span> <span class='ocrx_word' id='word_1_74' title='bbox 1032 1157 1070 1202; x_wconf 89' lang='lat' dir='ltr'><strong>ao</strong></span> <span class='ocrx_word' id='word_1_75' title='bbox 1092 1137 1204 1229; x_wconf 81' lang='lat' dir='ltr'><strong>depre·</strong></span> 
     </span>
     <span class='ocr_line' id='line_1_10' title="bbox 72 1232 1205 1330; baseline 0.004 -26"><span class='ocrx_word' id='word_1_76' title='bbox 72 1247 180 1304; x_wconf 87' lang='lat' dir='ltr'><strong>cantur</strong></span> <span class='ocrx_word' id='word_1_77' title='bbox 208 1261 298 1320; x_wconf 87' lang='lat' dir='ltr'><strong>cum,</strong></span> <span class='ocrx_word' id='word_1_78' title='bbox 331 1249 369 1306; x_wconf 87' lang='lat' dir='ltr'><strong>ut</strong></span> <span class='ocrx_word' id='word_1_79' title='bbox 395 1241 539 1326; x_wconf 84' lang='lat' dir='ltr'><strong>imponat</strong></span> <span class='ocrx_word' id='word_1_80' title='bbox 564 1236 613 1304; x_wconf 91' lang='lat' dir='ltr'><strong>illi</strong></span> <span class='ocrx_word' id='word_1_81' title='bbox 638 1232 774 1306; x_wconf 85' lang='lat' dir='ltr'><strong>menum.</strong></span> <span class='ocrx_word' id='word_1_82' title='bbox 817 1241 869 1308; x_wconf 82' lang='lat'><strong>33.</strong></span> <span class='ocrx_word' id='word_1_83' title='bbox 897 1240 940 1306; x_wconf 88' lang='lat' dir='ltr'><strong>Et</strong></span> <span class='ocrx_word' id='word_1_84' title='bbox 965 1261 1064 1327; x_wconf 88' lang='lat' dir='ltr'><strong>quum</strong></span> <span class='ocrx_word' id='word_1_85' title='bbox 1091 1263 1205 1330; x_wconf 78' lang='lat' dir='ltr'><strong>appre-</strong></span> 
     </span>
     <span class='ocr_line' id='line_1_11' title="bbox 70 1323 1205 1430; baseline 0.004 -25"><span class='ocrx_word' id='word_1_86' title='bbox 70 1333 232 1408; x_wconf 87' lang='lat' dir='ltr'><strong>hendisset</strong></span> <span class='ocrx_word' id='word_1_87' title='bbox 258 1343 355 1408; x_wconf 88' lang='lat' dir='ltr'><strong>illum</strong></span> <span class='ocrx_word' id='word_1_88' title='bbox 378 1339 420 1408; x_wconf 92' lang='lat' dir='ltr'><strong>de</strong></span> <span class='ocrx_word' id='word_1_89' title='bbox 442 1337 535 1406; x_wconf 88' lang='lat' dir='ltr'><strong>turbe</strong></span> <span class='ocrx_word' id='word_1_90' title='bbox 556 1323 717 1420; x_wconf 79' lang='lat' dir='ltr'><strong>seorsum,</strong></span> <span class='ocrx_word' id='word_1_91' title='bbox 745 1342 837 1407; x_wconf 88' lang='lat' dir='ltr'><strong>misit·</strong></span> <span class='ocrx_word' id='word_1_92' title='bbox 850 1343 966 1430; x_wconf 84' lang='lat' dir='ltr'><strong>digitos</strong></span> <span class='ocrx_word' id='word_1_93' title='bbox 988 1364 1066 1410; x_wconf 82' lang='lat' dir='ltr'><strong>suos</strong></span> <span class='ocrx_word' id='word_1_94' title='bbox 1091 1345 1126 1410; x_wconf 93' lang='lat' dir='ltr'><strong>in</strong></span> <span class='ocrx_word' id='word_1_95' title='bbox 1147 1366 1205 1410; x_wconf 77' lang='lat' dir='ltr'><strong>au·</strong></span> 
     </span>
     <span class='ocr_line' id='line_1_12' title="bbox 72 1441 1204 1540; baseline 0.005 -32"><span class='ocrx_word' id='word_1_96' title='bbox 72 1443 190 1511; x_wconf 76' lang='lat' dir='ltr'><strong>riculae</strong></span> <span class='ocrx_word' id='word_1_97' title='bbox 209 1447 296 1526; x_wconf 83' lang='lat' dir='ltr'><strong>cius,</strong></span> <span class='ocrx_word' id='word_1_98' title='bbox 322 1454 353 1510; x_wconf 87' lang='lat' dir='ltr'><strong>ot</strong></span> <span class='ocrx_word' id='word_1_99' title='bbox 374 1463 530 1530; x_wconf 82' lang='lat' dir='ltr'><strong>exspuens</strong></span> <span class='ocrx_word' id='word_1_100' title='bbox 551 1443 653 1528; x_wconf 88' lang='lat' dir='ltr'><strong>tetigit</strong></span> <span class='ocrx_word' id='word_1_101' title='bbox 673 1441 812 1532; x_wconf 83' lang='lat' dir='ltr'><strong>linguam</strong></span> <span class='ocrx_word' id='word_1_102' title='bbox 836 1447 913 1514; x_wconf 88' lang='lat' dir='ltr'><strong>cius.</strong></span> <span class='ocrx_word' id='word_1_103' title='bbox 955 1445 1008 1513; x_wconf 80' lang='grc'><strong>34.</strong></span> <span class='ocrx_word' id='word_1_104' title='bbox 1029 1447 1079 1514; x_wconf 78' lang='lat' dir='ltr'><strong>Ac</strong></span> <span class='ocrx_word' id='word_1_105' title='bbox 1099 1449 1204 1540; x_wconf 88' lang='lat' dir='ltr'><strong>suspi-</strong></span> 
     </span>
     <span class='ocr_line' id='line_1_13' title="bbox 72 1541 1251 1638; baseline 0.006 -26"><span class='ocrx_word' id='word_1_106' title='bbox 72 1548 154 1616; x_wconf 88' lang='lat' dir='ltr'><strong>ciens</strong></span> <span class='ocrx_word' id='word_1_107' title='bbox 182 1549 218 1616; x_wconf 93' lang='lat' dir='ltr'><strong>in</strong></span> <span class='ocrx_word' id='word_1_108' title='bbox 246 1544 378 1618; x_wconf 77' lang='lat' dir='ltr'><strong>coelum</strong></span> <span class='ocrx_word' id='word_1_109' title='bbox 404 1547 567 1632; x_wconf 86' lang='lat' dir='ltr'><strong>ingemuit,</strong></span> <span class='ocrx_word' id='word_1_110' title='bbox 597 1555 630 1614; x_wconf 88' lang='lat' dir='ltr'><strong>et</strong></span> <span class='ocrx_word' id='word_1_111' title='bbox 659 1547 702 1614; x_wconf 93' lang='lat' dir='ltr'><strong>ait</strong></span> <span class='ocrx_word' id='word_1_112' title='bbox 728 1547 789 1628; x_wconf 89' lang='lat' dir='ltr'><strong>illi,</strong></span> <span class='ocrx_word' id='word_1_113' title='bbox 815 1546 996 1638; x_wconf 67' lang='lat' dir='ltr'><strong>Ephphatat</strong></span> <span class='ocrx_word' id='word_1_114' title='bbox 1027 1549 1117 1638; x_wconf 90' lang='lat' dir='ltr'><strong>quod</strong></span> <span class='ocrx_word' id='word_1_115' title='bbox 1144 1560 1201 1632; x_wconf 86' lang='lat' dir='ltr'><strong>est,</strong></span> <span class='ocrx_word' id='word_1_116' title='bbox 1248 1541 1251 1548; x_wconf 43' lang='lat'><strong>¹</strong></span> 
     </span>
     <span class='ocr_line' id='line_1_14' title="bbox 73 1623 1202 1737; baseline 0.004 -22"><span class='ocrx_word' id='word_1_117' title='bbox 73 1652 204 1736; x_wconf 87' lang='lat' dir='ltr'><strong>aperire.</strong></span> <span class='ocrx_word' id='word_1_118' title='bbox 249 1633 309 1718; x_wconf 69' lang='lat'><strong>355</strong></span> <span class='ocrx_word' id='word_1_119' title='bbox 333 1649 376 1718; x_wconf 83' lang='lat' dir='ltr'><strong>m</strong></span> <span class='ocrx_word' id='word_1_120' title='bbox 401 1623 658 1737; x_wconf 49' lang='lat' dir='ltr'><strong>statim&#39;apertue</strong></span> <span class='ocrx_word' id='word_1_121' title='bbox 685 1651 853 1717; x_wconf 60' lang='lat' dir='ltr'><strong>sunt‘eins</strong></span> <span class='ocrx_word' id='word_1_122' title='bbox 874 1673 981 1732; x_wconf 89' lang='lat' dir='ltr'><strong>aures,</strong></span> <span class='ocrx_word' id='word_1_123' title='bbox 1007 1661 1039 1718; x_wconf 87' lang='lat' dir='ltr'><strong>et</strong></span> <span class='ocrx_word' id='word_1_124' title='bbox 1060 1651 1202 1720; x_wconf 88' lang='lat' dir='ltr'><strong>solutum</strong></span> 
     </span>
     <span class='ocr_line' id='line_1_15' title="bbox 59 1749 1202 1842; baseline 0.01 -29"><span class='ocrx_word' id='word_1_125' title='bbox 59 1763 118 1818; x_wconf 66' lang='lat' dir='ltr'><strong>,est</strong></span> <span class='ocrx_word' id='word_1_126' title='bbox 141 1753 311 1836; x_wconf 82' lang='lat' dir='ltr'><strong>vinculum</strong></span> <span class='ocrx_word' id='word_1_127' title='bbox 337 1749 465 1840; x_wconf 88' lang='lat' dir='ltr'><strong>linguae</strong></span> <span class='ocrx_word' id='word_1_128' title='bbox 491 1754 573 1832; x_wconf 91' lang='lat' dir='ltr'><strong>eius,</strong></span> <span class='ocrx_word' id='word_1_129' title='bbox 602 1773 641 1818; x_wconf 90' lang='lat' dir='ltr'><strong>ac</strong></span> <span class='ocrx_word' id='word_1_130' title='bbox 665 1749 859 1842; x_wconf 80' lang='lat' dir='ltr'><strong>loquebatur</strong></span> <span class='ocrx_word' id='word_1_131' title='bbox 883 1765 979 1822; x_wconf 86' lang='lat' dir='ltr'><strong>recte.</strong></span> <span class='ocrx_word' id='word_1_132' title='bbox 1022 1755 1074 1822; x_wconf 81' lang='grc'><strong>36.</strong></span> <span class='ocrx_word' id='word_1_133' title='bbox 1102 1754 1202 1841; x_wconf 67' lang='grc' dir='ltr'><strong>ΙΤιιιιιι</strong></span> 
     </span>
    </p>
   </div>
   <div class='ocr_carea' id='block_1_4' title="bbox 72 1849 1327 1947">
    <p class='ocr_par' dir='ltr' id='par_1_4' title="bbox 72 1849 1327 1947">
     <span class='ocr_line' id='line_1_16' title="bbox 72 1849 1327 1947; baseline 0.009 -27"><span class='ocrx_word' id='word_1_134' title='bbox 72 1859 235 1946; x_wconf 79' lang='lat' dir='ltr'><strong>praecepit</strong></span> <span class='ocrx_word' id='word_1_135' title='bbox 256 1856 338 1938; x_wconf 84' lang='lat' dir='ltr'><strong>illis,</strong></span> <span class='ocrx_word' id='word_1_136' title='bbox 359 1877 402 1922; x_wconf 89' lang='lat' dir='ltr'><strong>ne</strong></span> <span class='ocrx_word' id='word_1_137' title='bbox 424 1856 475 1936; x_wconf 88' lang='lat' dir='ltr'><strong>cui</strong></span> <span class='ocrx_word' id='word_1_138' title='bbox 498 1849 655 1936; x_wconf 78' lang='lat' dir='ltr'><strong>dicerent,</strong></span> <span class='ocrx_word' id='word_1_139' title='bbox 675 1855 732 1924; x_wconf 84' lang='lat' dir='ltr'><strong>sed</strong></span> <span class='ocrx_word' id='word_1_140' title='bbox 755 1879 821 1943; x_wconf 88' lang='lat' dir='ltr'><strong>quo</strong></span> <span class='ocrx_word' id='word_1_141' title='bbox 841 1860 940 1945; x_wconf 87' lang='lat' dir='ltr'><strong>magis</strong></span> <span class='ocrx_word' id='word_1_142' title='bbox 960 1857 1017 1926; x_wconf 89' lang='lat' dir='ltr'><strong>ille</strong></span> <span class='ocrx_word' id='word_1_143' title='bbox 1040 1861 1087 1926; x_wconf 87' lang='lat' dir='ltr'><strong>eis</strong></span> <span class='ocrx_word' id='word_1_144' title='bbox 1106 1882 1201 1947; x_wconf 64' lang='lat' dir='ltr'><strong>praes</strong></span> <span class='ocrx_word' id='word_1_145' title='bbox 1323 1867 1327 1874; x_wconf 82' lang='grc'><strong>“</strong></span> 
     </span>
    </p>
   </div>
   <div class='ocr_carea' id='block_1_5' title="bbox 72 1957 1202 2148">
    <p class='ocr_par' dir='ltr' id='par_1_5' title="bbox 72 1957 1202 2148">
     <span class='ocr_line' id='line_1_17' title="bbox 73 1957 1202 2048; baseline 0.009 -28"><span class='ocrx_word' id='word_1_146' title='bbox 73 1969 207 2044; x_wconf 86' lang='lat' dir='ltr'><strong>ceperat,-</strong></span> <span class='ocrx_word' id='word_1_147' title='bbox 227 1969 318 2026; x_wconf 84' lang='lat' dir='ltr'><strong>tanto</strong></span> <span class='ocrx_word' id='word_1_148' title='bbox 340 1959 441 2045; x_wconf 84' lang='lat' dir='ltr'><strong>magis</strong></span> <span class='ocrx_word' id='word_1_149' title='bbox 459 1957 699 2046; x_wconf 80' lang='lat' dir='ltr'><strong>praedicabanta</strong></span> <span class='ocrx_word' id='word_1_150' title='bbox 730 1959 782 2025; x_wconf 82' lang='lat'><strong>37.</strong></span> <span class='ocrx_word' id='word_1_151' title='bbox 799 1959 841 2026; x_wconf 89' lang='lat' dir='ltr'><strong>Et</strong></span> <span class='ocrx_word' id='word_1_152' title='bbox 863 1982 960 2048; x_wconf 92' lang='lat' dir='ltr'><strong>supra</strong></span> <span class='ocrx_word' id='word_1_153' title='bbox 982 1961 1112 2028; x_wconf 88' lang='lat' dir='ltr'><strong>modum</strong></span> <span class='ocrx_word' id='word_1_154' title='bbox 1134 1975 1202 2030; x_wconf 90' lang='lat' dir='ltr'><strong>stu·</strong></span> 
     </span>
     <span class='ocr_line' id='line_1_18' title="bbox 72 2055 1201 2148; baseline 0.007 -24"><span class='ocrx_word' id='word_1_155' title='bbox 72 2059 203 2148; x_wconf 76' lang='lat' dir='ltr'><strong>pebant,¹</strong></span> <span class='ocrx_word' id='word_1_156' title='bbox 222 2055 374 2144; x_wconf 74' lang='lat' dir='ltr'><strong>diceutes,</strong></span> <span class='ocrx_word' id='word_1_157' title='bbox 394 2061 483 2128; x_wconf 85' lang='lat' dir='ltr'><strong>Beue</strong></span> <span class='ocrx_word' id='word_1_158' title='bbox 505 2063 612 2128; x_wconf 89' lang='lat' dir='ltr'><strong>omnia</strong></span> <span class='ocrx_word' id='word_1_159' title='bbox 631 2061 714 2140; x_wconf 84' lang='lat' dir='ltr'><strong>fecit,</strong></span> <span class='ocrx_word' id='word_1_160' title='bbox 737 2063 906 2130; x_wconf 76' lang='lat' dir='ltr'><strong>et‘surdos</strong></span> <span class='ocrx_word' id='word_1_161' title='bbox 928 2063 1004 2129; x_wconf 90' lang='lat' dir='ltr'><strong>facit</strong></span> <span class='ocrx_word' id='word_1_162' title='bbox 1023 2065 1144 2146; x_wconf 77' lang='lat' dir='ltr'><strong>audire,</strong></span> <span class='ocrx_word' id='word_1_163' title='bbox 1164 2067 1201 2132; x_wconf 84' lang='lat' dir='ltr'><strong>&#39;et</strong></span> 
     </span>
    </p>
   </div>
   <div class='ocr_carea' id='block_1_6' title="bbox 72 2159 1342 2356">
    <p class='ocr_par' dir='ltr' id='par_1_6' title="bbox 72 2159 1342 2356">
     <span class='ocr_line' id='line_1_19' title="bbox 72 2159 1314 2252; baseline 0.008 -26"><span class='ocrx_word' id='word_1_164' title='bbox 72 2173 176 2233; x_wconf 82' lang='lat' dir='ltr'><strong>mutos</strong></span> <span class='ocrx_word' id='word_1_165' title='bbox 197 2159 299 2252; x_wconf 85' lang='lat' dir='ltr'><strong>loqui,</strong></span> <span class='ocrx_word' id='word_1_166' title='bbox 381 2165 470 2230; x_wconf 84' lang='lat' dir='ltr'><strong>Vlll.</strong></span> <span class='ocrx_word' id='word_1_167' title='bbox 515 2165 544 2230; x_wconf 91' lang='lat'><strong>1.</strong></span> <span class='ocrx_word' id='word_1_168' title='bbox 566 2162 740 2230; x_wconf 80' lang='lat' dir='ltr'><strong>Indiebns</strong></span> <span class='ocrx_word' id='word_1_169' title='bbox 762 2163 953 2250; x_wconf 72' lang='lat' dir='ltr'><strong>illicqunm</strong></span> <span class='ocrx_word' id='word_1_170' title='bbox 975 2163 1201 2236; x_wconf 67' lang='lat' dir='ltr'><strong>turbandum</strong></span> <span class='ocrx_word' id='word_1_171' title='bbox 1270 2236 1275 2242; x_wconf 78' lang='grc'>,</span> <span class='ocrx_word' id='word_1_172' title='bbox 1311 2196 1314 2202; x_wconf 93' lang='grc'><em>·</em></span> 
     </span>
     <span class='ocr_line' id='line_1_20' title="bbox 73 2259 1342 2356; baseline 0.005 -28"><span class='ocrx_word' id='word_1_173' title='bbox 73 2263 145 2332; x_wconf 90' lang='lat' dir='ltr'><strong>dum</strong></span> <span class='ocrx_word' id='word_1_174' title='bbox 167 2265 268 2334; x_wconf 89' lang='lat' dir='ltr'><strong>multa</strong></span> <span class='ocrx_word' id='word_1_175' title='bbox 290 2259 469 2345; x_wconf 55' lang='lat' dir='ltr'><strong>esseaiaec</strong></span> <span class='ocrx_word' id='word_1_176' title='bbox 490 2263 645 2330; x_wconf 85' lang='lat' dir='ltr'><strong>haberent</strong></span> <span class='ocrx_word' id='word_1_177' title='bbox 667 2263 756 2352; x_wconf 91' lang='lat' dir='ltr'><strong>quod</strong></span> <span class='ocrx_word' id='word_1_178' title='bbox 777 2266 1016 2356; x_wconf 82' lang='lat' dir='ltr'><strong>manducarent,</strong></span> <span class='ocrx_word' id='word_1_179' title='bbox 1038 2272 1215 2341; x_wconf 80' lang='lat' dir='ltr'><strong>arcessitis,</strong></span> <span class='ocrx_word' id='word_1_180' title='bbox 1340 2331 1342 2340; x_wconf 16' lang='grc' dir='ltr'>χ</span> 
     </span>
    </p>
   </div>
   <div class='ocr_carea' id='block_1_7' title="bbox 69 2363 1265 3986">
    <p class='ocr_par' dir='ltr' id='par_1_7' title="bbox 69 2363 1265 3986">
     <span class='ocr_line' id='line_1_21' title="bbox 72 2363 1202 2456; baseline 0.007 -26"><span class='ocrx_word' id='word_1_181' title='bbox 72 2365 170 2447; x_wconf 85' lang='lat' dir='ltr'><strong>adse</strong></span> <span class='ocrx_word' id='word_1_182' title='bbox 192 2369 290 2436; x_wconf 90' lang='lat' dir='ltr'><strong>lesus</strong></span> <span class='ocrx_word' id='word_1_183' title='bbox 308 2365 475 2456; x_wconf 76' lang='lat' dir='ltr'><strong>discipulis</strong></span> <span class='ocrx_word' id='word_1_184' title='bbox 497 2369 578 2442; x_wconf 90' lang='lat' dir='ltr'><strong>suis,</strong></span> <span class='ocrx_word' id='word_1_185' title='bbox 606 2365 684 2428; x_wconf 80' lang='lat' dir='ltr'><strong>dixit</strong></span> <span class='ocrx_word' id='word_1_186' title='bbox 705 2363 785 2441; x_wconf 88' lang='lat' dir='ltr'><strong>illis,</strong></span> <span class='ocrx_word' id='word_1_187' title='bbox 823 2363 855 2430; x_wconf 73' lang='lat'><strong>2.</strong></span> <span class='ocrx_word' id='word_1_188' title='bbox 884 2367 1111 2432; x_wconf 83' lang='lat' dir='ltr'><strong>Misericordia</strong></span> <span class='ocrx_word' id='word_1_189' title='bbox 1132 2379 1202 2444; x_wconf 51' lang='lat' dir='ltr'><strong>tana</strong></span> 
     </span>
     <span class='ocr_line' id='line_1_22' title="bbox 70 2463 1236 2556; baseline 0.005 -21"><span class='ocrx_word' id='word_1_190' title='bbox 70 2490 129 2553; x_wconf 87' lang='lat' dir='ltr'><strong>gor</strong></span> <span class='ocrx_word' id='word_1_191' title='bbox 151 2491 231 2556; x_wconf 82' lang='lat' dir='ltr'><strong>erga</strong></span> <span class='ocrx_word' id='word_1_192' title='bbox 250 2470 391 2547; x_wconf 82' lang='lat' dir='ltr'><strong>turbam,</strong></span> <span class='ocrx_word' id='word_1_193' title='bbox 414 2469 571 2554; x_wconf 80' lang='lat' dir='ltr'><strong>quinium</strong></span> <span class='ocrx_word' id='word_1_194' title='bbox 592 2463 701 2531; x_wconf 89' lang='lat' dir='ltr'><strong>triduo</strong></span> <span class='ocrx_word' id='word_1_195' title='bbox 723 2477 850 2532; x_wconf 90' lang='lat' dir='ltr'><strong>manent</strong></span> <span class='ocrx_word' id='word_1_196' title='bbox 871 2465 958 2554; x_wconf 88' lang='lat' dir='ltr'><strong>apud</strong></span> <span class='ocrx_word' id='word_1_197' title='bbox 973 2490 1042 2548; x_wconf 87' lang='lat' dir='ltr'><strong>me,</strong></span> <span class='ocrx_word' id='word_1_198' title='bbox 1063 2467 1125 2538; x_wconf 85' lang='lat' dir='ltr'><strong>rlec&#39;</strong></span> <span class='ocrx_word' id='word_1_199' title='bbox 1145 2471 1201 2541; x_wconf 83' lang='lat' dir='ltr'><strong>bu·</strong></span> <span class='ocrx_word' id='word_1_200' title='bbox 1233 2526 1236 2529; x_wconf 86' lang='grc'><strong>-</strong></span> 
     </span>
     <span class='ocr_line' id='line_1_23' title="bbox 69 2559 1199 2657; baseline 0.006 -21"><span class='ocrx_word' id='word_1_201' title='bbox 69 2568 150 2636; x_wconf 87' lang='lat' dir='ltr'><strong>bent</strong></span> <span class='ocrx_word' id='word_1_202' title='bbox 173 2570 265 2657; x_wconf 92' lang='lat' dir='ltr'><strong>quod</strong></span> <span class='ocrx_word' id='word_1_203' title='bbox 287 2569 394 2636; x_wconf 70' lang='lat' dir='ltr'><strong>edant.¹</strong></span> <span class='ocrx_word' id='word_1_204' title='bbox 438 2569 469 2636; x_wconf 82' lang='lat'><strong>3.</strong></span> <span class='ocrx_word' id='word_1_205' title='bbox 496 2567 539 2632; x_wconf 86' lang='lat' dir='ltr'><strong>Et</strong></span> <span class='ocrx_word' id='word_1_206' title='bbox 561 2568 589 2632; x_wconf 91' lang='lat' dir='ltr'><strong>si</strong></span> <span class='ocrx_word' id='word_1_207' title='bbox 611 2565 763 2635; x_wconf 87' lang='lat' dir='ltr'><strong>dimisero</strong></span> <span class='ocrx_word' id='word_1_208' title='bbox 786 2589 843 2634; x_wconf 92' lang='lat' dir='ltr'><strong>eos</strong></span> <span class='ocrx_word' id='word_1_209' title='bbox 865 2559 1199 2642; x_wconf 43' lang='lat' dir='ltr'><strong>ieiunossinxdomum</strong></span> 
     </span>
     <span class='ocr_line' id='line_1_24' title="bbox 69 2667 1265 2766; baseline -0.005 -26"><span class='ocrx_word' id='word_1_210' title='bbox 69 2694 177 2752; x_wconf 86' lang='lat' dir='ltr'><strong>suem,</strong></span> <span class='ocrx_word' id='word_1_211' title='bbox 201 2667 352 2740; x_wconf 78' lang='lat' dir='ltr'><strong>deficient</strong></span> <span class='ocrx_word' id='word_1_212' title='bbox 371 2671 406 2742; x_wconf 90' lang='lat' dir='ltr'><strong>iu</strong></span> <span class='ocrx_word' id='word_1_213' title='bbox 427 2673 490 2736; x_wconf 86' lang='lat' dir='ltr'><strong>via:</strong></span> <span class='ocrx_word' id='word_1_214' title='bbox 521 2667 652 2760; x_wconf 87' lang='lat' dir='ltr'><strong>quidam</strong></span> <span class='ocrx_word' id='word_1_215' title='bbox 672 2673 757 2738; x_wconf 88' lang='lat' dir='ltr'><strong>cuim</strong></span> <span class='ocrx_word' id='word_1_216' title='bbox 778 2693 814 2738; x_wconf 85' lang='lat' dir='ltr'><strong>cx</strong></span> <span class='ocrx_word' id='word_1_217' title='bbox 836 2675 882 2738; x_wconf 91' lang='lat' dir='ltr'><strong>cis</strong></span> <span class='ocrx_word' id='word_1_218' title='bbox 905 2687 922 2738; x_wconf 88' lang='lat' dir='ltr'><strong>&#39;e</strong></span> <span class='ocrx_word' id='word_1_219' title='bbox 943 2671 1121 2766; x_wconf 84' lang='lat' dir='ltr'><strong>longinquo</strong></span> <span class='ocrx_word' id='word_1_220' title='bbox 1143 2703 1219 2758; x_wconf 51' lang='lat' dir='ltr'><strong>ee„</strong></span> <span class='ocrx_word' id='word_1_221' title='bbox 1262 2718 1265 2728; x_wconf 89' lang='lat'>.</span> 
     </span>
     <span class='ocr_line' id='line_1_25' title="bbox 70 2772 1197 2876; baseline 0.009 -34"><span class='ocrx_word' id='word_1_222' title='bbox 70 2784 198 2844; x_wconf 86' lang='lat' dir='ltr'><strong>nerunt.</strong></span> <span class='ocrx_word' id='word_1_223' title='bbox 232 2775 262 2844; x_wconf 82' lang='lat' dir='ltr'><strong>l.</strong></span> <span class='ocrx_word' id='word_1_224' title='bbox 280 2776 325 2844; x_wconf 87' lang='lat' dir='ltr'><strong>Et</strong></span> <span class='ocrx_word' id='word_1_225' title='bbox 344 2773 579 2862; x_wconf 84' lang='lat' dir='ltr'><strong>responderunt</strong></span> <span class='ocrx_word' id='word_1_226' title='bbox 600 2774 630 2839; x_wconf 90' lang='lat' dir='ltr'><strong>ei</strong></span> <span class='ocrx_word' id='word_1_227' title='bbox 653 2772 802 2862; x_wconf 89' lang='lat' dir='ltr'><strong>discipuli</strong></span> <span class='ocrx_word' id='word_1_228' title='bbox 821 2777 885 2856; x_wconf 86' lang='lat' dir='ltr'><strong>sui,</strong></span> <span class='ocrx_word' id='word_1_229' title='bbox 904 2774 999 2876; x_wconf 80' lang='lat' dir='ltr'><strong>Unde</strong></span> <span class='ocrx_word' id='word_1_230' title='bbox 1020 2782 1105 2848; x_wconf 81' lang='lat' dir='ltr'><strong>istos</strong></span> <span class='ocrx_word' id='word_1_231' title='bbox 1123 2786 1197 2872; x_wconf 83' lang='lat' dir='ltr'><strong>quia</strong></span> 
     </span>
     <span class='ocr_line' id='line_1_26' title="bbox 70 2875 1198 2970; baseline 0.004 -24"><span class='ocrx_word' id='word_1_232' title='bbox 70 2881 187 2965; x_wconf 87' lang='lat' dir='ltr'><strong>poterit</strong></span> <span class='ocrx_word' id='word_1_233' title='bbox 210 2877 261 2947; x_wconf 89' lang='lat' dir='ltr'><strong>bie</strong></span> <span class='ocrx_word' id='word_1_234' title='bbox 283 2880 397 2952; x_wconf 85' lang='lat' dir='ltr'><strong>satiare</strong></span> <span class='ocrx_word' id='word_1_235' title='bbox 419 2875 558 2970; x_wconf 78' lang='lat' dir='ltr'><strong>parribus</strong></span> <span class='ocrx_word' id='word_1_236' title='bbox 579 2879 613 2942; x_wconf 90' lang='lat' dir='ltr'><strong>in</strong></span> <span class='ocrx_word' id='word_1_237' title='bbox 634 2876 805 2944; x_wconf 88' lang='lat' dir='ltr'><strong>solitudine</strong></span> <span class='ocrx_word' id='word_1_238' title='bbox 813 2881 838 2946; x_wconf 59' lang='lat' dir='ltr'><strong>f:</strong></span> <span class='ocrx_word' id='word_1_239' title='bbox 868 2877 912 2947; x_wconf 60' lang='lat' dir='ltr'><strong>o,</strong></span> <span class='ocrx_word' id='word_1_240' title='bbox 927 2877 970 2945; x_wconf 90' lang='lat' dir='ltr'><strong>Et</strong></span> <span class='ocrx_word' id='word_1_241' title='bbox 990 2883 1198 2970; x_wconf 83' lang='lat' dir='ltr'><strong>interrogavit</strong></span> 
     </span>
     <span class='ocr_line' id='line_1_27' title="bbox 73 2979 1231 3074; baseline 0.006 -27"><span class='ocrx_word' id='word_1_242' title='bbox 73 3003 137 3062; x_wconf 86' lang='lat' dir='ltr'><strong>eos,</strong></span> <span class='ocrx_word' id='word_1_243' title='bbox 158 2983 251 3071; x_wconf 88' lang='lat' dir='ltr'><strong>Quot</strong></span> <span class='ocrx_word' id='word_1_244' title='bbox 273 3004 371 3074; x_wconf 87' lang='lat' dir='ltr'><strong>panes</strong></span> <span class='ocrx_word' id='word_1_245' title='bbox 392 2979 536 3052; x_wconf 85' lang='lat' dir='ltr'><strong>habetis?</strong></span> <span class='ocrx_word' id='word_1_246' title='bbox 573 2979 726 3046; x_wconf 77' lang='lat' dir='ltr'><strong>llii&#39;vero</strong></span> <span class='ocrx_word' id='word_1_247' title='bbox 748 2980 900 3063; x_wconf 79' lang='lat' dir='ltr'><strong>dixerunt,</strong></span> <span class='ocrx_word' id='word_1_248' title='bbox 922 2982 1059 3071; x_wconf 88' lang='lat' dir='ltr'><strong>Septem.</strong></span> <span class='ocrx_word' id='word_1_249' title='bbox 1103 2983 1134 3052; x_wconf 82' lang='lat' dir='ltr'><strong>li.</strong></span> <span class='ocrx_word' id='word_1_250' title='bbox 1156 2981 1199 3054; x_wconf 80' lang='lat' dir='ltr'><strong>Et</strong></span> <span class='ocrx_word' id='word_1_251' title='bbox 1223 2980 1231 3000; x_wconf 57' lang='lat'>‘</span> 
     </span>
     <span class='ocr_line' id='line_1_28' title="bbox 73 3079 1197 3174; baseline 0 -18"><span class='ocrx_word' id='word_1_252' title='bbox 73 3085 368 3172; x_wconf 73' lang='lat' dir='ltr'><strong>praeceptvmrbre</strong></span> <span class='ocrx_word' id='word_1_253' title='bbox 389 3081 591 3150; x_wconf 85' lang='lat' dir='ltr'><strong>discumbere</strong></span> <span class='ocrx_word' id='word_1_254' title='bbox 613 3104 709 3170; x_wconf 88' lang='lat' dir='ltr'><strong>super</strong></span> <span class='ocrx_word' id='word_1_255' title='bbox 730 3093 852 3166; x_wconf 88' lang='lat' dir='ltr'><strong>terram,</strong></span> <span class='ocrx_word' id='word_1_256' title='bbox 876 3095 908 3152; x_wconf 85' lang='lat' dir='ltr'><strong>et</strong></span> <span class='ocrx_word' id='word_1_257' title='bbox 923 3088 1060 3172; x_wconf 86' lang='lat' dir='ltr'><strong>acceptis</strong></span> <span class='ocrx_word' id='word_1_258' title='bbox 1076 3079 1197 3174; x_wconf 82' lang='lat' dir='ltr'><strong>septem</strong></span> 
     </span>
     <span class='ocr_line' id='line_1_29' title="bbox 72 3167 1195 3278; baseline 0.004 -26"><span class='ocrx_word' id='word_1_259' title='bbox 72 3185 215 3274; x_wconf 83' lang='lat' dir='ltr'><strong>panibus,</strong></span> <span class='ocrx_word' id='word_1_260' title='bbox 237 3167 335 3278; x_wconf 72' lang='lat' dir='ltr'><strong>quum</strong></span> <span class='ocrx_word' id='word_1_261' title='bbox 357 3181 472 3275; x_wconf 86' lang='lat' dir='ltr'><strong>gratias</strong></span> <span class='ocrx_word' id='word_1_262' title='bbox 492 3189 623 3274; x_wconf 66' lang='lat' dir='ltr'><strong>egissem</strong></span> <span class='ocrx_word' id='word_1_263' title='bbox 638 3186 738 3275; x_wconf 74' lang='lat' dir='ltr'><strong>fregit,</strong></span> <span class='ocrx_word' id='word_1_264' title='bbox 759 3186 911 3276; x_wconf 85' lang='lat' dir='ltr'><strong>deditque</strong></span> <span class='ocrx_word' id='word_1_265' title='bbox 933 3186 1098 3274; x_wconf 79' lang='lat' dir='ltr'><strong>discipulis</strong></span> <span class='ocrx_word' id='word_1_266' title='bbox 1120 3193 1195 3274; x_wconf 91' lang='lat' dir='ltr'><strong>suis,</strong></span> 
     </span>
     <span class='ocr_line' id='line_1_30' title="bbox 72 3281 1194 3382; baseline 0 -32"><span class='ocrx_word' id='word_1_267' title='bbox 72 3297 105 3352; x_wconf 90' lang='lat' dir='ltr'><strong>ut</strong></span> <span class='ocrx_word' id='word_1_268' title='bbox 125 3301 323 3379; x_wconf 84' lang='lat' dir='ltr'><strong>apponerent</strong></span> <span class='ocrx_word' id='word_1_269' title='bbox 343 3303 374 3358; x_wconf 91' lang='lat' dir='ltr'><strong>et</strong></span> <span class='ocrx_word' id='word_1_270' title='bbox 396 3298 615 3378; x_wconf 85' lang='lat' dir='ltr'><strong>apposuerunt</strong></span> <span class='ocrx_word' id='word_1_271' title='bbox 634 3287 757 3361; x_wconf 83' lang='lat' dir='ltr'><strong>turbae.</strong></span> <span class='ocrx_word' id='word_1_272' title='bbox 797 3289 827 3356; x_wconf 83' lang='lat'><strong>7.</strong></span> <span class='ocrx_word' id='word_1_273' title='bbox 849 3289 891 3356; x_wconf 86' lang='lat' dir='ltr'><strong>Et</strong></span> <span class='ocrx_word' id='word_1_274' title='bbox 912 3287 1075 3375; x_wconf 73' lang='lat' dir='ltr'><strong>habebant</strong></span> <span class='ocrx_word' id='word_1_275' title='bbox 1095 3281 1194 3382; x_wconf 78' lang='lat' dir='ltr'><strong>pisci.</strong></span> 
     </span>
     <span class='ocr_line' id='line_1_31' title="bbox 75 3388 1198 3487; baseline 0.011 -34"><span class='ocrx_word' id='word_1_276' title='bbox 75 3388 160 3456; x_wconf 90' lang='lat' dir='ltr'><strong>culos</strong></span> <span class='ocrx_word' id='word_1_277' title='bbox 187 3415 324 3482; x_wconf 85' lang='lat' dir='ltr'><strong>paucos:</strong></span> <span class='ocrx_word' id='word_1_278' title='bbox 360 3403 398 3460; x_wconf 83' lang='lat' dir='ltr'><strong>et</strong></span> <span class='ocrx_word' id='word_1_279' title='bbox 416 3413 515 3478; x_wconf 91' lang='lat' dir='ltr'><strong>quum</strong></span> <span class='ocrx_word' id='word_1_280' title='bbox 542 3388 768 3470; x_wconf 83' lang='lat' dir='ltr'><strong>benedixisset,</strong></span> <span class='ocrx_word' id='word_1_281' title='bbox 799 3395 893 3458; x_wconf 83' lang='lat' dir='ltr'><strong>iussit</strong></span> <span class='ocrx_word' id='word_1_282' title='bbox 920 3394 1040 3480; x_wconf 87' lang='lat' dir='ltr'><strong>apponi</strong></span> <span class='ocrx_word' id='word_1_283' title='bbox 1066 3403 1099 3487; x_wconf 76' lang='lat' dir='ltr'><strong>ei</strong></span> <span class='ocrx_word' id='word_1_284' title='bbox 1124 3396 1198 3464; x_wconf 61' lang='lat' dir='ltr'><strong>boo·</strong></span> 
     </span>
     <span class='ocr_line' id='line_1_32' title="bbox 74 3491 1194 3592; baseline 0.004 -31"><span class='ocrx_word' id='word_1_285' title='bbox 74 3491 103 3559; x_wconf 87' lang='lat'><strong>8.</strong></span> <span class='ocrx_word' id='word_1_286' title='bbox 125 3495 345 3565; x_wconf 89' lang='lat' dir='ltr'><strong>Conrederuut</strong></span> <span class='ocrx_word' id='word_1_287' title='bbox 366 3505 484 3572; x_wconf 87' lang='lat' dir='ltr'><strong>autem,</strong></span> <span class='ocrx_word' id='word_1_288' title='bbox 512 3503 544 3558; x_wconf 88' lang='lat' dir='ltr'><strong>et</strong></span> <span class='ocrx_word' id='word_1_289' title='bbox 566 3495 695 3560; x_wconf 88' lang='lat' dir='ltr'><strong>saturati</strong></span> <span class='ocrx_word' id='word_1_290' title='bbox 717 3503 806 3559; x_wconf 75' lang='lat' dir='ltr'><strong>suntr</strong></span> <span class='ocrx_word' id='word_1_291' title='bbox 835 3515 873 3558; x_wconf 88' lang='lat' dir='ltr'><strong>ac</strong></span> <span class='ocrx_word' id='word_1_292' title='bbox 893 3493 1089 3568; x_wconf 85' lang='lat' dir='ltr'><strong>sustulerunt</strong></span> <span class='ocrx_word' id='word_1_293' title='bbox 1110 3521 1194 3592; x_wconf 88' lang='lat' dir='ltr'><strong>quae</strong></span> 
     </span>
     <span class='ocr_line' id='line_1_33' title="bbox 75 3583 1196 3691; baseline 0.004 -27"><span class='ocrx_word' id='word_1_294' title='bbox 75 3601 290 3682; x_wconf 70' lang='lat' dir='ltr'><strong>superfuerant</strong></span> <span class='ocrx_word' id='word_1_295' title='bbox 311 3600 566 3686; x_wconf 82' lang='lat' dir='ltr'><strong>fragmentorum,</strong></span> <span class='ocrx_word' id='word_1_296' title='bbox 579 3583 708 3691; x_wconf 78' lang='lat' dir='ltr'><strong>¹septem</strong></span> <span class='ocrx_word' id='word_1_297' title='bbox 730 3606 866 3685; x_wconf 89' lang='lat' dir='ltr'><strong>sportas.</strong></span> <span class='ocrx_word' id='word_1_298' title='bbox 909 3599 940 3664; x_wconf 87' lang='grc'><strong>9.·</strong></span> <span class='ocrx_word' id='word_1_299' title='bbox 959 3597 1060 3668; x_wconf 85' lang='lat' dir='ltr'><strong>Erant</strong></span> <span class='ocrx_word' id='word_1_300' title='bbox 1079 3596 1196 3680; x_wconf 78' lang='lat' dir='ltr'><strong>autem,</strong></span> 
     </span>
     <span class='ocr_line' id='line_1_34' title="bbox 74 3699 1193 3791; baseline 0.007 -31"><span class='ocrx_word' id='word_1_301' title='bbox 74 3700 124 3782; x_wconf 88' lang='lat' dir='ltr'><strong>qui</strong></span> <span class='ocrx_word' id='word_1_302' title='bbox 136 3702 352 3780; x_wconf 83' lang='lat' dir='ltr'><strong>comederunt,</strong></span> <span class='ocrx_word' id='word_1_303' title='bbox 367 3704 493 3766; x_wconf 86' lang='lat' dir='ltr'><strong>circiter</strong></span> <span class='ocrx_word' id='word_1_304' title='bbox 507 3709 645 3788; x_wconf 80' lang='lat' dir='ltr'><strong>quatuor</strong></span> <span class='ocrx_word' id='word_1_305' title='bbox 657 3699 768 3764; x_wconf 85' lang='lat' dir='ltr'><strong>millia:</strong></span> <span class='ocrx_word' id='word_1_306' title='bbox 790 3708 821 3764; x_wconf 89' lang='lat' dir='ltr'><strong>et</strong></span> <span class='ocrx_word' id='word_1_307' title='bbox 837 3699 954 3766; x_wconf 74' lang='lat' dir='ltr'><strong>diunisii</strong></span> <span class='ocrx_word' id='word_1_308' title='bbox 962 3703 1051 3783; x_wconf 77' lang='lat' dir='ltr'><strong>illos.</strong></span> <span class='ocrx_word' id='word_1_309' title='bbox 1084 3705 1193 3791; x_wconf 72' lang='lat' dir='ltr'><strong>litttq</strong></span> 
     </span>
     <span class='ocr_line' id='line_1_35' title="bbox 74 3799 1225 3898; baseline 0.008 -35"><span class='ocrx_word' id='word_1_310' title='bbox 74 3817 141 3867; x_wconf 86' lang='lat' dir='ltr'><strong>mox</strong></span> <span class='ocrx_word' id='word_1_311' title='bbox 161 3805 325 3892; x_wconf 85' lang='lat' dir='ltr'><strong>ingressus</strong></span> <span class='ocrx_word' id='word_1_312' title='bbox 347 3805 453 3869; x_wconf 74' lang='lat' dir='ltr'><strong>navim</strong></span> <span class='ocrx_word' id='word_1_313' title='bbox 475 3825 546 3868; x_wconf 88' lang='lat' dir='ltr'><strong>cum</strong></span> <span class='ocrx_word' id='word_1_314' title='bbox 557 3801 728 3896; x_wconf 79' lang='lat' dir='ltr'><strong>discipulis</strong></span> <span class='ocrx_word' id='word_1_315' title='bbox 751 3803 818 3868; x_wconf 88' lang='lat' dir='ltr'><strong>suis</strong></span> <span class='ocrx_word' id='word_1_316' title='bbox 839 3807 925 3872; x_wconf 76' lang='lat' dir='ltr'><strong>venit</strong></span> <span class='ocrx_word' id='word_1_317' title='bbox 941 3807 976 3874; x_wconf 91' lang='lat' dir='ltr'><strong>in</strong></span> <span class='ocrx_word' id='word_1_318' title='bbox 989 3816 1096 3898; x_wconf 91' lang='lat' dir='ltr'><strong>partes</strong></span> <span class='ocrx_word' id='word_1_319' title='bbox 1112 3799 1197 3884; x_wconf 85' lang='lat' dir='ltr'><strong>Dal·¹</strong></span> <span class='ocrx_word' id='word_1_320' title='bbox 1224 3865 1225 3872; x_wconf 74' lang='grc'>,</span> 
     </span>
     <span class='ocr_line' id='line_1_36' title="bbox 74 3905 1169 3986; baseline 0.005 -18"><span class='ocrx_word' id='word_1_321' title='bbox 74 3907 226 3974; x_wconf 75' lang='lat' dir='ltr'><strong>marutha.</strong></span> <span class='ocrx_word' id='word_1_322' title='bbox 271 3907 277 3914; x_wconf 85' lang='grc'><strong>’</strong></span> <span class='ocrx_word' id='word_1_323' title='bbox 429 3949 435 3986; x_wconf 53' lang='lat' dir='ltr'><strong>q</strong></span> <span class='ocrx_word' id='word_1_324' title='bbox 483 3905 486 3912; x_wconf 77' lang='lat'>&#39;</span> <span class='ocrx_word' id='word_1_325' title='bbox 527 3939 530 3945; x_wconf 84' lang='lat'>·</span> <span class='ocrx_word' id='word_1_326' title='bbox 1046 3931 1048 3940; x_wconf 77' lang='grc'>’</span> <span class='ocrx_word' id='word_1_327' title='bbox 1168 3920 1169 3926; x_wconf 78' lang='grc'>’</span> 
     </span>
    </p>
   </div>
   <div class='ocr_carea' id='block_1_8' title="bbox 75 4010 1245 4401">
    <p class='ocr_par' dir='ltr' id='par_1_8' title="bbox 75 4010 1245 4401">
     <span class='ocr_line' id='line_1_37' title="bbox 141 4010 1191 4096; baseline -0.004 -20"><span class='ocrx_word' id='word_1_328' title='bbox 141 4014 243 4076; x_wconf 84' lang='lat' dir='ltr'><strong>Mattlr.</strong></span> <span class='ocrx_word' id='word_1_329' title='bbox 266 4017 314 4078; x_wconf 73' lang='grc'><strong>23.</strong></span> <span class='ocrx_word' id='word_1_330' title='bbox 356 4016 518 4096; x_wconf 76' lang='lat' dir='ltr'><strong>Digressus</strong></span> <span class='ocrx_word' id='word_1_331' title='bbox 544 4015 628 4073; x_wconf 76' lang='lat' dir='ltr'><strong>illinc</strong></span> <span class='ocrx_word' id='word_1_332' title='bbox 654 4013 749 4074; x_wconf 77' lang='lat' dir='ltr'><strong>Iecur.</strong></span> <span class='ocrx_word' id='word_1_333' title='bbox 790 4013 891 4090; x_wconf 88' lang='lat' dir='ltr'><strong>Quum</strong></span> <span class='ocrx_word' id='word_1_334' title='bbox 915 4015 989 4081; x_wconf 86' lang='lat' dir='ltr'><strong>idem</strong></span> <span class='ocrx_word' id='word_1_335' title='bbox 1011 4010 1191 4080; x_wconf 79' lang='lat' dir='ltr'><strong>hauddubie</strong></span> 
     </span>
     <span class='ocr_line' id='line_1_38' title="bbox 75 4086 1191 4172; baseline -0.002 -24"><span class='ocrx_word' id='word_1_336' title='bbox 75 4086 175 4154; x_wconf 87' lang='lat' dir='ltr'><strong>Christi</strong></span> <span class='ocrx_word' id='word_1_337' title='bbox 193 4091 299 4154; x_wconf 84' lang='lat' dir='ltr'><strong>reditus</strong></span> <span class='ocrx_word' id='word_1_338' title='bbox 316 4109 334 4151; x_wconf 84' lang='lat' dir='ltr'><strong>a</strong></span> <span class='ocrx_word' id='word_1_339' title='bbox 352 4089 479 4172; x_wconf 81' lang='lat' dir='ltr'><strong>partibus</strong></span> <span class='ocrx_word' id='word_1_340' title='bbox 498 4088 611 4152; x_wconf 84' lang='lat' dir='ltr'><strong>Sidonis</strong></span> <span class='ocrx_word' id='word_1_341' title='bbox 630 4103 761 4166; x_wconf 84' lang='lat' dir='ltr'><strong>narretur</strong></span> <span class='ocrx_word' id='word_1_342' title='bbox 779 4112 794 4168; x_wconf 81' lang='lat' dir='ltr'><strong>a</strong></span> <span class='ocrx_word' id='word_1_343' title='bbox 814 4092 956 4162; x_wconf 83' lang='lat' dir='ltr'><strong>Matthaeo</strong></span> <span class='ocrx_word' id='word_1_344' title='bbox 976 4093 1135 4164; x_wconf 77' lang='lat' dir='ltr'><strong>atilarco,</strong></span> <span class='ocrx_word' id='word_1_345' title='bbox 1158 4089 1191 4148; x_wconf 88' lang='lat' dir='ltr'><strong>in</strong></span> 
     </span>
     <span class='ocr_line' id='line_1_39' title="bbox 75 4161 1245 4296; baseline -0.001 -72"><span class='ocrx_word' id='word_1_346' title='bbox 75 4165 231 4296; x_wconf 73' lang='lat' dir='ltr'><strong>pullusdam</strong></span> <span class='ocrx_word' id='word_1_347' title='bbox 250 4180 345 4228; x_wconf 85' lang='lat' dir='ltr'><strong>tamen</strong></span> <span class='ocrx_word' id='word_1_348' title='bbox 364 4165 492 4228; x_wconf 86' lang='lat' dir='ltr'><strong>nonnihil</strong></span> <span class='ocrx_word' id='word_1_349' title='bbox 511 4165 677 4248; x_wconf 83' lang='lat' dir='ltr'><strong>discrepant.</strong></span> <span class='ocrx_word' id='word_1_350' title='bbox 716 4167 784 4226; x_wconf 90' lang='lat' dir='ltr'><strong>Hoc</strong></span> <span class='ocrx_word' id='word_1_351' title='bbox 801 4165 864 4228; x_wconf 85' lang='lat' dir='ltr'><strong>leve</strong></span> <span class='ocrx_word' id='word_1_352' title='bbox 883 4177 940 4237; x_wconf 82' lang='lat' dir='ltr'><strong>ert,</strong></span> <span class='ocrx_word' id='word_1_353' title='bbox 964 4165 1042 4243; x_wconf 93' lang='lat' dir='ltr'><strong>quod</strong></span> <span class='ocrx_word' id='word_1_354' title='bbox 1063 4161 1135 4225; x_wconf 85' lang='lat' dir='ltr'><strong>alter</strong></span> <span class='ocrx_word' id='word_1_355' title='bbox 1158 4165 1192 4225; x_wconf 85' lang='lat' dir='ltr'><strong>in</strong></span> <span class='ocrx_word' id='word_1_356' title='bbox 1241 4177 1245 4186; x_wconf 89' lang='grc'><strong>’</strong></span> 
     </span>
     <span class='ocr_line' id='line_1_40' title="bbox 92 4235 1192 4324; baseline 0 -24"><span class='ocrx_word' id='word_1_357' title='bbox 92 4251 137 4304; x_wconf 83' lang='lat' dir='ltr'><strong>ries</strong></span> <span class='ocrx_word' id='word_1_358' title='bbox 156 4245 282 4323; x_wconf 72' lang='lat' dir='ltr'><strong>Magdala</strong></span> <span class='ocrx_word' id='word_1_359' title='bbox 300 4243 410 4304; x_wconf 77' lang='lat' dir='ltr'><strong>recissa</strong></span> <span class='ocrx_word' id='word_1_360' title='bbox 433 4243 524 4324; x_wconf 83' lang='lat' dir='ltr'><strong>ipsum</strong></span> <span class='ocrx_word' id='word_1_361' title='bbox 543 4243 624 4317; x_wconf 87' lang='lat' dir='ltr'><strong>dicit,</strong></span> <span class='ocrx_word' id='word_1_362' title='bbox 649 4243 721 4311; x_wconf 83' lang='lat' dir='ltr'><strong>altor</strong></span> <span class='ocrx_word' id='word_1_363' title='bbox 738 4260 809 4302; x_wconf 84' lang='lat' dir='ltr'><strong>vero</strong></span> <span class='ocrx_word' id='word_1_364' title='bbox 833 4242 863 4300; x_wconf 91' lang='lat' dir='ltr'><strong>in</strong></span> <span class='ocrx_word' id='word_1_365' title='bbox 880 4250 973 4318; x_wconf 76' lang='lat' dir='ltr'><strong>pentes</strong></span> <span class='ocrx_word' id='word_1_366' title='bbox 990 4235 1192 4324; x_wconf 70' lang='lat' dir='ltr'><strong>Debnanutbae·</strong></span> 
     </span>
     <span class='ocr_line' id='line_1_41' title="bbox 76 4314 1189 4401; baseline -0.003 -22"><span class='ocrx_word' id='word_1_367' title='bbox 76 4334 133 4379; x_wconf 76' lang='lat' dir='ltr'><strong>nam</strong></span> <span class='ocrx_word' id='word_1_368' title='bbox 152 4343 238 4401; x_wconf 81' lang='lat' dir='ltr'><strong>quum</strong></span> <span class='ocrx_word' id='word_1_369' title='bbox 256 4319 368 4383; x_wconf 77' lang='lat' dir='ltr'><strong>vicinae</strong></span> <span class='ocrx_word' id='word_1_370' title='bbox 383 4329 479 4388; x_wconf 77' lang='lat' dir='ltr'><strong>essent</strong></span> <span class='ocrx_word' id='word_1_371' title='bbox 497 4319 580 4381; x_wconf 66' lang='lat' dir='ltr'><strong>urbes</strong></span> <span class='ocrx_word' id='word_1_372' title='bbox 600 4337 684 4397; x_wconf 73' lang='lat' dir='ltr'><strong>supra</strong></span> <span class='ocrx_word' id='word_1_373' title='bbox 701 4315 796 4381; x_wconf 68' lang='lat' dir='ltr'><strong>lacum</strong></span> <span class='ocrx_word' id='word_1_374' title='bbox 811 4314 987 4392; x_wconf 59' lang='lat' dir='ltr'><strong>Gesswfffl</strong></span> <span class='ocrx_word' id='word_1_375' title='bbox 1002 4320 1074 4382; x_wconf 57' lang='grc' dir='ltr'><strong>ΠΨ</strong></span> <span class='ocrx_word' id='word_1_376' title='bbox 1091 4331 1189 4376; x_wconf 71' lang='lat' dir='ltr'><strong>tersus</strong></span> 
     </span>
    </p>
   </div>
   <div class='ocr_carea' id='block_1_9' title="bbox 0 0 1400 4764">
    <p class='ocr_par' dir='ltr' id='par_1_9' title="bbox 0 0 1400 4764">
     <span class='ocr_line' id='line_1_42' title="bbox 0 0 1400 4764; baseline 0 0"><span class='ocrx_word' id='word_1_377' title='bbox 0 0 1400 4764; x_wconf 95' lang='lat' dir='ltr'><strong> </strong></span> 
     </span>
    </p>
   </div>
  </div>
 </body>
</html>
