2830 4772
157 3781 258 3838 ¹¹num.
288 3760 431 3832 Occurret
450 3763 535 3824 etiam

174 3847 211 3896 ct
228 3836 381 3900 deliberato
402 3837 520 3900 consilio
540 3839 661 3902 destinat
678 3843 758 3904 verbi
778 3843 820 3904 sui
839 3841 930 3903 lucem
949 3843 984 3902 ad
1003 3843 1198 3908 excoecandos
1220 3841 1309 3902 horni-

177 257 236 322 252
336 252 446 318 SECr.
466 253 563 316 xvn
603 269 858 320 emmeranensi
877 271 1149 350 mesammones,
1179 327 1182 331 ,

178 421 209 472 et
225 405 370 470 faventem
388 428 450 470 esse
467 406 621 483 confidunt,
640 408 726 469 modo
744 419 891 470 externum
907 409 1026 472 verbum
1044 409 1115 492 apud
1134 410 1211 492 ipsos
1231 423 1315 472 resoss

177 496 239 548 net.
278 485 327 546 Sic
345 483 480 546 ferociter
501 484 598 546 ludaei
617 505 649 546 se
667 484 814 560 iactabant,
832 485 907 566 quod
924 508 995 567 prae
1009 487 1067 548 aliis
1087 488 1218 571 gentihus
1238 489 1314 550 Prn-

178 559 273 644 phetis
292 572 322 624 et
338 561 503 622 doctoribus
521 581 633 641 semper
650 559 854 637 excelluissent,
885 575 915 622 et
937 563 1014 654 quasi
1036 576 1145 626 tantum
1168 563 1314 626 honorem
1405 589 1406 640 f

93 704 95 723 Ι
180 647 277 700 essem
288 636 446 718 promeriti,
464 637 521 698 hoc
538 636 590 698 illis
609 635 754 697 indubium
769 648 829 700 erat
844 637 987 721 dignitatus
999 660 1065 700 sune
1080 640 1200 724 insigne.
1228 642 1314 702 Hanc
1405 647 1406 686 ³

179 713 290 774 futilem
308 714 496 796 arrogantiam
514 725 548 772 ut
565 711 696 774 retirndat
714 714 850 790 christus,
868 735 929 776 non
948 715 1039 776 solum
1057 730 1144 798 negat
1162 716 1221 807 aliis
1240 739 1313 802 gen·
1405 735 1406 754 ¹

124 806 126 816 ’
178 789 256 852 tillus
276 809 326 850 ens
343 801 495 870 praestare,
514 789 579 868 quia
592 791 670 850 Deus
689 789 838 871 Prophetis
858 801 888 850 et
903 791 1049 871 praeclaris
1067 793 1230 876 Sapientiae
1247 815 1312 854 suae

178 865 381 948 interpretibus
401 887 452 928 eos
471 865 599 960 dignatus
614 864 667 938 sit,
686 865 735 926 sed
755 866 872 948 gratiam
889 865 960 928 male
979 867 1098 928 locatam
1118 869 1241 952 graviori
1260 870 1313 930 illis

179 961 243 1004 esse
260 941 384 1024 probro,
413 955 443 1002 et
462 943 563 1038 mapori
581 939 666 1002 exitio
689 963 829 1002 cessuram
853 963 912 1022 esse
936 945 1095 1004 contendit:
1123 947 1186 1026 quia
1203 945 1314 1006 scilicet
1382 965 1385 976 '

179 1016 254 1079 aliud
272 1019 432 1080 lueritDei
450 1018 606 1093 consilium,
625 1039 707 1098 quam
726 1018 779 1100 ipsi
796 1020 993 1101 imaginentur,
1010 1042 1113 1102 ‘nempe
1131 1033 1164 1081 nt
1183 1043 1233 1082 eos
1252 1043 1315 1082 ma-

179 1096 223 1234 gis
241 1094 442 1158 inexcusabiles
460 1097 600 1170 redderet,
619 1105 703 1174 atque
721 1108 753 1154 ut
771 1095 804 1156 ud
824 1117 962 1156 summum
980 1117 1068 1176 usquc
1087 1097 1226 1158 cumulum
1246 1119 1315 1180 per-

157 1201 164 1226 r
198 1184 297 1232 uceret
313 1171 430 1252 implam
447 1170 572 1251 ipsorum
593 1170 736 1232 malitiam:
764 1172 821 1234 acsi
840 1171 966 1247 dixisset,
997 1174 1072 1254 quod
1093 1175 1211 1235 subinde
1229 1175 1315 1240 vobis
1405 1181 1406 1192 ¹

180 1247 300 1312 coelitus
325 1247 447 1310 ordinati
469 1258 537 1310 sunt
561 1247 733 1328 Prophetae,
755 1247 859 1308 frustra
878 1259 909 1308 et
927 1249 1011 1311 stulte
1029 1249 1085 1311 hoc
1104 1249 1187 1312 decus
1206 1250 1315 1312 obten-
1405 1283 1406 1308 1

179 1325 256 1388 ditis:
285 1323 358 1384 aliud
378 1325 454 1384 enim
477 1343 580 1384 arcano
599 1344 651 1384 sno
673 1324 776 1384 iudicio
795 1323 891 1386 statuit
909 1325 1001 1400 Deus,
1024 1337 1056 1385 ut
1078 1327 1210 1388 continua
1226 1325 1316 1388 beni·-

179 1422 255 1486 gnae
278 1413 453 1462 rnvrtatroms
473 1400 546 1462 serie
565 1399 652 1480 palam
671 1400 818 1484 detegeret
838 1399 952 1484 impiam
972 1413 1095 1464 vestram
1113 1403 1314 1485 pervicaciam:

179 1501 235 1558 qua
254 1477 402 1550 convicta,
422 1475 494 1538 filios
514 1497 577 1536 cum
597 1475 721 1556 patribus
740 1477 842 1538 eodem
860 1477 1017 1540 involveret
1035 1477 1132 1540 exitio.
1164 1479 1257 1554 ¹Quod
1277 1477 1315 1541 ad

179 1543 268 1614 verba
284 1565 410 1634 spectat,¹
421 1551 559 1614 defectiva
579 1564 621 1613 est
638 1553 727 1614 oratio
745 1551 818 1634 apud
836 1553 1016 1629 Matthaeum,
1034 1553 1112 1616 cuius
1130 1577 1227 1618 sensus
1244 1575 1314 1638 sup·
1405 1567 1406 1638 ζ

179 1629 251 1712 pleri
276 1629 361 1690 debet
387 1651 420 1690 ex
445 1629 538 1688 Lucae
562 1628 665 1689 verbis.
709 1629 972 1710 QuodProphetis
997 1631 1101 1694 scribas
1124 1645 1154 1693 et
1174 1633 1314 1724 sapientes
1405 1675 1406 1708 3

130 1747 134 1760 .
178 1717 360 1782 annumerat,
383 1703 459 1766 valet
480 1705 517 1766 ad
539 1703 781 1781 amplificationem
801 1706 909 1799 getiae
927 1707 996 1768 Dei:
1019 1709 1094 1768 nude
1117 1707 1244 1788 ipsorum
1267 1731 1314 1768 m-

114 1837 115 1844 ,
180 1782 325 1864 gratitudo
342 1781 434 1864 magis
451 1792 535 1861 patet,
553 1781 638 1860 quod,
658 1805 744 1862 quum
762 1781 830 1842 nihrl
848 1785 883 1843 ad
897 1803 946 1844 eos
957 1783 1100 1847 docendos
1114 1785 1316 1847 omiseritDo-

144 1862 147 1870 “
178 1859 285 1931 minus,
306 1857 378 1918 nihil
395 1871 491 1918 tamen
510 1857 674 1938 profecerit
716 1859 776 1918 Pro
794 1860 965 1939 sapientibus
985 1873 1015 1920 et
1031 1861 1129 1922 scribis
1147 1863 1314 1942 tocaspo-

132 1945 139 1964 “
179 1934 223 1994 nit
235 1934 400 2014 Apostolos,
421 1933 522 1994 eodem
541 1955 633 1994 sensu.
663 1935 757 1996 Porro
774 1936 862 1996 docet
879 1935 925 1996 bic
942 1935 1029 2008 locus,
1049 1937 1144 1998 Deum
1162 1959 1221 1998 non
1239 1959 1313 1998 sern-

179 2032 234 2090 per
251 2009 413 2073 hominihus
432 2008 549 2072 salutehr
569 2007 714 2085 conferre,
737 2011 848 2089 quoties
866 2012 983 2074 verbum
1008 2011 1060 2074 illis
1079 2035 1161 2074 snum
1182 2013 1314 2090 destinat,

178 2087 227 2150 sed
252 2087 383 2167 reprobis
406 2086 547 2148 interdum
569 2084 643 2146 velle
664 2088 839 2162 annuntiari,
867 2109 938 2168 quos
960 2089 1023 2150 lore
1044 2088 1200 2152 obstinatos
1220 2091 1312 2168 novit,

179 2175 214 2226 ut
234 2161 272 2224 sit
293 2163 345 2226 illis
365 2165 439 2226 udor
457 2162 565 2223 mortis.
579 2162 609 2222 in
627 2174 764 2224 mortem,
798 2167 849 2225 Est
866 2165 978 2244 quidem
998 2166 1114 2226 verbum
1134 2167 1191 2228 Dei
1208 2189 1263 2248 per
1281 2187 1313 2228 se
1405 2217 1406 2224 ,

179 2251 210 2302 et
231 2253 400 2304 manatura
424 2240 560 2315 salutare,
586 2260 741 2322 amnesque
761 2239 919 2320 promiscue
937 2242 972 2302 ad
992 2263 1070 2322 spem
1086 2242 1160 2300 vitae
1177 2253 1313 2304 aeternae

178 2317 293 2379 invitat:
322 2319 371 2380 sed
394 2317 459 2398 quia
477 2335 538 2376 non
557 2336 655 2378 ornnes
676 2318 753 2376 intus
769 2317 929 2392 trahuntur,
957 2339 1050 2398 neque
1072 2316 1199 2377 omnibus
1225 2339 1310 2382 aures

178 2397 259 2456 Deus
298 2395 404 2456 eriorat
442 2393 512 2474 quia
522 2393 644 2474 denique
662 2411 840 2453 nonomnes
857 2407 1036 2454 renovantur
1046 2394 1078 2454 ad
1095 2392 1309 2475 pdeniteutiam,
1405 2421 1406 2424 ¹

178 2469 227 2532 vel
240 2415 296 2532 ,aad
297 2438 466 2552 obsequium
484 2470 645 2548 flectuntur,
666 2469 957 2549 quicunque,verbum
967 2469 1023 2530 Dei
1034 2482 1185 2552 respuunt.
1196 2491 1246 2530 sua
1264 2469 1311 2528 in-

177 2547 346 2612 credulitate
365 2547 476 2608 exitiale
494 2546 546 2606 sibi
559 2547 680 2608 reddunt
698 2567 731 2606 ac
750 2545 934 2614 mortiferum.
962 2541 1210 2608 Id'futurnmesse
1224 2567 1312 2628 quum
1359 2557 1362 2564 '
1405 2555 1406 2564 ’

179 2622 318 2702 praesciat
342 2623 439 2696 Deus,
462 2622 697 2712 utreprobnsin
720 2622 879 2713 'graviorem
905 2620 1312 2708 damnationem'praecipitet,
1343 2668 1346 2676 ,

128 2719 132 2727 ·
179 2695 311 2757 consulto
325 2694 568 2776 Prophetas.suos
586 2698 638 2759 illis
656 2709 751 2772 muttit,
769 2699 1002 2790 quemadmodum
1021 2698 1109 2762 fusim
1126 2701 1251 2784 explicat
1268 2701 1312 2762 le·
1405 2765 1406 2768 ,

179 2770 253 2831 raiae
273 2790 331 2850 cap.
351 2774 379 2846 6,
400 2775 446 2836 10.
486 2773 553 2832 Hoc
576 2774 688 2852 quidem
711 2795 801 2836 carnus
824 2775 926 2836 rationi
948 2775 1063 2836 minime
1089 2789 1314 2840 consentaneum

178 2867 243 2908 esse
260 2845 361 2920 fateor,
380 2858 414 2907 ut
426 2846 556 2910 videmus
572 2849 697 2930 impurus
715 2851 771 2912 Dei
790 2851 1001 2932 contemptores
1017 2851 1175 2932 speciosam
1194 2853 1314 2914 latrandi

175 2923 325 2985 materiam
344 2921 411 2984 hinc
430 2923 562 3004 arripere,
582 2925 659 3006 quod
680 2929 765 3002 Deus,
783 2939 915 3008 tanqrmm
933 2949 1029 2988 saevus
1046 2927 1145 3007 aliquis
1163 2939 1314 3008 tyrannus,
1405 2919 1406 2942 ¹

178 3001 288 3062 maiore
306 2999 454 3060 hominum
474 3019 568 3080 poena
590 3023 621 3062 se
644 3002 782 3079 oblectet,
806 3025 877 3085 quos
895 3002 972 3064 nnlla
987 3025 1036 3084 spe
1090 3001 1199 3063 electus
1218 3004 1313 3066 sciens

176 3077 335 3146 -ac'volens
355 3077 446 3160 magis
471 3089 605 3138 excoecat
627 3089 657 3143 et
678 3081 797 3143 indurat.
841 3081 899 3143 Sed
919 3081 996 3147 Deus
1014 3080 1061 3140 tals
1081 3101 1112 3138 us
1131 3078 1313 3155 documentis

179 3152 302 3214 fidelium
320 3151 490 3222 modestiam
508 3165 629 3216 exercet.
667 3157 746 3218 Haec
765 3155 851 3240 igitur
868 3157 906 3218 sit
923 3167 1019 3218 nostra
1035 3155 1179 3226 sobrietas,
1190 3157 1313 3235 'trepide

176 3229 297 3291 adorare
312 3231 391 3365 guod
410 3251 524 3296 sensum
544 3242 673 3295 nostrum
691 3245 810 3313 superat.
855 3233 917 3308 Qui
936 3232 991 3294 nei
1009 3227 1227 3310 praescientiam
1241 3230 1312 3293 nihil
1405 3259 1406 3280 κ

97 3309 99 3314 ’
143 3357 145 3366 ,
179 3303 293 3366 obsture
331 3319 423 3383 scunt,
441 3304 594 3398 quominus
613 3307 678 3368 salvi
696 3307 765 3370 hant
780 3309 931 3380 increduli,
951 3309 1026 3370 inani
1042 3305 1202 3386 patrocinio
1225 3308 1312 3370 stulte

176 3379 275 3452 Deum
292 3379 384 3462 ipsum
403 3393 545 3478 epc'usant.
589 3385 694 3454 Fateor
712 3385 823 3464 quidem
842 3387 979 3466 reprobos
994 3405 1054 3443 nou
1073 3381 1138 3442 ideo
1159 3383 1215 3447 sihi
1234 3405 1311 3446 mnr-

178 3465 240 3514 tem
257 3475 412 3532 arcessere,
430 3459 593 3538 quiaDeus
612 3460 649 3522 ita
668 3460 793 3522 faturum
813 3463 994 3539 praeviderit,
1010 3459 1073 3520 ideo
1094 3480 1132 3520 ue
1152 3459 1310 3554 einsprae-

160 3529 315 3606 ,scientiae
332 3553 393 3594 nou
410 3556 496 3615 posse
511 3535 615 3602 'ascribi
632 3536 707 3626 quod
725 3549 858 3617 pereunt:
882 3539 930 3600 sed
954 3537 1009 3600 hoc
1031 3481 1131 3608 casido
1152 3538 1210 3601 Da
1233 3547 1309 3605 rustu-

179 3607 248 3668 tiam
270 3627 346 3689 nego
371 3608 427 3670 rite
450 3609 578 3686 delendi,
604 3633 667 3691 qma
690 3635 757 3674 mox
776 3613 901 3675 obiicere
919 3613 1031 3688 licebit,
1054 3635 1106 3692 per
1125 3615 1221 3682 Deum
1239 3625 1310 3674 stare

180 3683 330 3762 quominus
348 3685 528 3766 resipiscant,
567 3689 610 3748 uia
624 3687 657 3763 in
678 3689 735 3750 eins
753 3711 838 3753 manu
856 3703 899 3751 est
917 3693 981 3754 fidei
1002 3703 1032 3750 et
1049 3687 1242 3772 poeniteutiae
1260 3690 1309 3767 do,

547 3709 623 3824 baec
637 3764 770 3842 obiectio,
791 3764 867 3840 Quid
885 3767 945 3832 sihi,
958 3766 1019 3829 vult
1038 3769 1115 3846 quud
1134 3764 1214 3828 Deus
1233 3775 1308 3830 certo

179 3913 248 3972 nes?
285 3913 346 3974 'Cor
366 3913 450 3976 morti
470 3927 601 3988 aeternae
619 3917 750 3992 devotos,
770 3919 888 4011 simplici
906 3920 986 3982 ruina
1005 3941 1066 3988 non
1086 3929 1251 3991 contentus,
1269 3914 1309 3978 bis

96 4055 101 4062 Ι
181 3999 212 4046 et
234 3999 280 4048 ter
303 3988 397 4069 peiire
421 3989 500 4051 valet
542 3992 667 4052 Proinde
690 3995 760 4060 nihil
783 3989 920 4076 reliquum
948 4008 989 4056 est
1015 3999 1099 4074 qham
1126 3995 1182 4056 Dei
1205 3991 1309 4054 iudiciis

177 4061 252 4122 tanc
271 4063 389 4144 gloriam
407 4067 547 4140 tribuere,
568 4075 601 4124 ut
620 4090 686 4128 cum
703 4069 793 4133 Paulo
809 4071 1005 4145 exclamemus,
1026 4070 1196 4152 profundam
1218 4079 1246 4136 et
1265 4067 1308 4128 ln·

139 4187 143 4206 ,
181 4139 464 4216 comprehensibilem
483 4141 700 4230 esscahyssum.
740 4147 797 4215 Sed
816 4149 965 4226 quaeritur,
977 4149 1133 4236 'quomodo
1151 4145 1310 4230 prophetias

173 4209 258 4295 „Deus
276 4213 386 4278 Iudaeis
407 4219 437 4278 iu
455 4235 609 4300 perniciem
629 4235 753 4284 cessuras
772 4241 832 4282 esse
852 4233 1028 4298 pronuntiet,
1051 4245 1139 4302 quum
1162 4221 1311 4285 efficaciter
1405 4283 1406 4292 ,

173 4301 293 4366 semper
310 4289 339 4346 in
358 4289 403 4350 illa
443 4301 509 4350 ente
527 4290 649 4368 viguerit
668 4293 725 4354 eius
744 4296 867 4378 adoptio.
905 4299 1088 4376 Respomleo,
1108 4320 1194 4378 quum
1215 4299 1313 4380 exigua

177 4361 291 4416 «unum
309 4365 415 4438 portio
462 4359 609 4435 evertam
627 4368 753 4448 amplenp
770 4374 807 4434 sit
824 4373 856 4445 ln
875 4371 1001 4448 salutem,
1020 4371 1067 4434 laic
1085 4373 1124 4456 ds
1140 4373 1242 4452 maiori
1259 4395 1312 4436 nu-
