2830 4772
89 199 248 292 *esa
396 213 510 288 ,ς
619 221 867 287 snosxvm.
1037 223 1040 230 ’
1228 287 1237 296 ,

193 374 349 460 specialiter
366 375 402 438 de
419 373 512 437 intera
531 373 618 438 totins
641 375 737 438 mnndi
765 375 843 440 clade
860 373 1021 438 admonitus
1047 375 1163 438 coelesti
1190 378 1331 454 oraculo,
1400 431 1401 442 ,

194 467 223 516 et
241 454 271 514 in
289 474 368 534 spem
387 451 481 514 salutis
501 463 611 516 erectos
633 451 695 514 suit.
734 455 818 516 Nnnc
837 475 995 534 quanquam
1016 453 1101 538 vulgo
1140 468 1259 515 ersonat
1281 457 1331 515 ul-
1394 474 1401 496 '¹

192 530 255 590 timi
276 529 370 590 iudicii
390 529 476 603 lama,
503 529 566 620 quia
585 539 679 590 tamen
706 530 788 610 pauci
816 529 951 590 divinitus
972 531 1065 590 edocti
1092 475 1237 598 Christum
1269 555 1328 593 suo

192 619 324 686 tempore
341 617 492 666 venturum
511 605 631 666 radicem
650 607 788 682 sentiunt,
810 605 865 666 boc
883 605 1017 689 singulari
1036 607 1093 668 Dei
1111 607 1251 668 beneficio
1275 630 1328 668 ex-

214 705 229 744 c
266 681 514 756 efiericonvenit,
533 693 562 742 et
579 681 642 746 aeui
661 703 760 744 eornm
779 701 890 756 sensus,
919 703 956 742 ne
975 703 1006 743 se
1026 682 1168 743 communi
1188 685 1328 744 socordia

192 760 347 837 impicent.
381 757 459 816 Nam
483 759 583 820 Petrus
606 759 664 840 (ep.
686 758 732 832 11,
760 760 794 832 2,
817 757 861 832 d.)
886 758 916 818 in
944 757 1020 817 hunc
1038 758 1124 818 finem
1142 775 1234 818 aream
1254 761 1328 821 Noe

193 835 307 896 confert
335 833 472 914 baptismo
502 845 616 909 nostro,
649 835 726 914 quod
759 833 864 896 scilicet
889 834 932 896 exi
954 855 987 894 ua
1004 834 1158 895 ‘hominum
1183 856 1324 896 manusa
1400 799 1401 884 l

193 911 373 972 multitudine
391 921 537 992 segregata
554 911 628 971 inter
646 931 728 989 aquas
747 923 885 975 serretur.
933 855 1030 985 &aare
1049 912 1084 970 ad
1102 910 1174 972 hanc
1189 915 1325 994 paucita-
1400 925 1401 972 ζ

192 999 252 1048 tem
268 985 411 1048 referendi
429 998 495 1046 srmt
512 986 610 1061 animi,
629 985 653 1046 si
672 987 799 1067 cupimus
820 987 887 1047 salui
906 988 1032 1046 evadere.
1400 983 1401 1068 l

268 1066 315 1126 4⁰.
354 1065 382 1124 Τ
379 1085 436 1122 nne
454 1065 511 1122 dno
530 1073 615 1123 erunt
635 1067 666 1121 in
690 1083 777 1144 ogm,
810 1083 887 1124 unns
910 1067 1085 1124 assumitur.
1123 1063 1214 1124 Lucas
1234 1076 1323 1126 ante·
1400 1075 1401 1088 ¹

92 1188 95 1198 .
195 1161 280 1220 quam
301 1140 356 1201 hoe
379 1137 499 1214 referat,
543 1139 695 1214 sententias
719 1139 847 1232 quasdam
866 1140 983 1200 inserite
1004 1161 1120 1220 quarum
1138 1141 1226 1220 prima
1245 1141 1325 1221 apud
1400 1155 1401 1206 ἕ

195 1216 368 1278 Matthaeum
388 1217 422 1276 ad
441 1215 655 1296 Hiemsolymae
674 1217 810 1276 excidium
830 1215 968 1296 pertinet,
994 1217 1159 1296 qui‘fuerr’t
1177 1221 1209 1276 in
1227 1229 1320 1289 tecto,
1400 1229 1401 1242 ¹

192 1315 229 1354 ne
246 1277 405 1354 deaceridnt
423 1297 455 1352 in
475 1294 591 1356 domum
612 1314 698 1351 suam
718 1294 761 1352 ad
777 1294 907 1351 tollendo
924 1314 1009 1352 casn.
1050 1293 1106 1354 Sed
1126 1293 1185 1358 fieri
1209 1306 1320 1374 potest,

193 1381 225 1430 ut
244 1371 372 1432 Christus
392 1370 487 1428 eadem
505 1368 590 1431 verba
613 1369 647 1428 ad
671 1389 717 1429 res
737 1369 859 1430 dirersas
883 1368 1143 1429 accommodaverit.
1182 1369 1322 1448 Sequitur
1400 1379 1401 1440 t

193 1469 208 1506 a
230 1446 267 1508 ud
290 1447 410 1507 enodem
429 1445 536 1504 Lucam
561 1445 729 1520 admonitio,
753 1457 787 1504 ut
810 1445 939 1525 discipuli
962 1467 1102 1516 memores
1126 1448 1188 1504 sint
1210 1450 1319 1510 uxoris
1400 1447 1401 1450 ’

221 1533 251 1581 ot
259 1547 273 1584 .·,
291 1542 393 1602 nempe
403 1533 444 1580 -ut
464 1542 573 1597 eornm,
592 1543 662 1602 qnae
681 1543 697 1582 a
716 1522 798 1605 terg'o
816 1533 891 1596 sunt,
910 1520 989 1582 obliti
1010 1523 1045 1581 ad
1056 1523 1158 1582 metam
1178 1543 1320 1604 supernae
1400 1595 1401 1598 Ἰ

192 1597 349 1660 vocationis
379 1598 561 1658 contendant.
613 1599 688 1664 Nam
710 1599 774 1658 ideo
807 1617 942 1658 conversa
969 1596 1024 1657 fuit
1050 1597 1081 1658 in
1107 1610 1224 1658 statuam
1254 1598 1319 1660 salis

193 1696 265 1736 uxor
284 1675 353 1748 Lot,
376 1674 452 1752 quod
475 1673 618 1746 dubitans,
644 1695 680 1733 an
702 1674 804 1737 frustra
824 1695 858 1734 ex
876 1673 947 1738 urbe
964 1675 1126 1757 migrasset,
1156 1675 1317 1754 respexerit
1400 1733 1401 1738 ,

193 1762 261 1832 post
279 1761 405 1832 tergum:
426 1750 501 1828 quod
524 1761 583 1810 erat
604 1750 687 1812 fidem
704 1751 842 1832 abrogare
859 1749 915 1810 Dei
936 1751 1059 1810 oraculo.
1098 1749 1250 1810 Probabile
1272 1763 1318 1811 est

193 1826 278 1886 etiam
297 1823 436 1885 desiderio
458 1824 501 1884 sui
520 1827 591 1900 nidi,
610 1827 639 1884 in
661 1847 717 1905 quo
736 1825 843 1908 placide
863 1825 1019 1906 quieverat,
1048 1825 1131 1884 fuisse
1151 1835 1318 1886 retractam.
1400 1833 1401 1874 ἶ

192 1901 292 1976 Quum
316 1921 386 1984 ergo
411 1901 441 1960 in
469 1919 501 1959 ea
531 1913 676 1961 aeternum
713 1903 913 1962 documentum
944 1913 1051 1962 exstare
1074 1899 1196 1960 voluerit
1220 1903 1317 1979 Deus,
1400 1973 1401 1982 χ

192 1976 321 2038 firmandi
341 1987 407 2037 sunt
426 1976 511 2037 animi
528 1977 592 2037 fidei
611 1977 788 2052 constantia,
802 2000 840 2040 ne
863 1977 1041 2039 haesitatione
1060 1977 1088 2035 in
1109 1975 1203 2036 medio
1225 1999 1316 2056 cursu
1400 1989 1401 2048 ἦ

183 2055 375 2114 ‘ssaccemante
401 2051 501 2117 deinde
519 2054 564 2120 ad,
597 2055 811 2114 erseverantiam
834 2053 986 2128 formandi,
1008 2063 1053 2128 ut,
1070 2051 1209 2114 illecebris
1228 2055 1317 2114 eadu-
1400 2063 1401 2092 ³

194 2151 243 2190 eae
261 2130 336 2191 vitae
354 2128 447 2192 valere
467 2127 559 2205 iussis,
576 2075 668 2190 libere
693 2143 723 2192 et
741 2131 869 2191 alacriter
887 2133 920 2191 ad
940 2130 1050 2191 coelum
1067 2128 1199 2208 aspirent
1237 2133 1315 2192 Ter·
1400 2127 1401 2140 ¹

193 2207 232 2266 tia
250 2227 364 2287 qunque
386 2207 523 2268 sententia
540 2207 614 2288 apud
632 2207 737 2269 Lucam
757 2209 877 2282 additur,
905 2205 1023 2267 animas
1042 2227 1115 2266 suae
1129 2207 1311 2285 perdituros,
1400 2217 1401 2252 ἲ

193 2288 247 2364 qui
264 2285 411 2344 voluntat
431 2305 483 2344 eos
503 2305 636 2359 servare,
658 2305 696 2344 ne
720 2283 814 2345 fideles
833 2284 964 2376 impediat
986 2295 1118 2346 terrenae
1137 2283 1212 2342 ritae
1231 2284 1312 2363 cupi·
1400 2309 1401 2320 2

193 2361 277 2436 ditas,
297 2361 446 2441 quominus
462 2381 514 2441 per
532 2353 639 2421 medias'
655 2371 761 2422 mortes
780 2361 920 2440 intrepide
939 2360 973 2420 ad
990 2358 1106 2420 salntem
1123 2358 1175 2420 sibi
1193 2358 1223 2417 in
1242 2379 1311 2419 coe·
1400 2381 1401 2390 ¹

193 2437 226 2499 lis
247 2461 280 2498 re
301 2435 400 2497 ositam
422 2436 566 2498 festinent.
615 2439 652 2498 Et
678 2436 819 2498 concinne
846 2435 980 2516 exprimit
1003 2435 1129 2498 Christus
1156 2433 1309 2516 praesentis

191 2514 266 2574 vitae
280 2459 326 2574 ira
347 2514 474 2587 litatem,
493 2535 579 2593 quum
598 2513 665 2574 dicit
682 2513 785 2574 animas
805 2517 991 2588 ζωογονεῖσθαι
1012 2511 1085 2590 (hoc
1107 2522 1162 2586 est,
1182 2509 1310 2594 generari

193 2590 223 2650 in
244 2533 356 2663 vitanti:
375 2588 423 2648 nbi
445 2592 571 2669 perditae
592 2589 706 2654 suerint.
745 2589 867 2650 Perinde
886 2589 961 2649 enirn
980 2600 1023 2649 est
1039 2588 1094 2650 acsi
1111 2587 1239 2648 homines
1260 2609 1311 2647 ne-

193 2676 275 2745 garet
298 2664 327 2720 in
349 2676 426 2724 terra
448 2666 560 2742 vivere,
593 2667 656 2745 quia
677 2687 760 2728 verae
783 2665 895 2725 demum
919 2677 948 2726 et
973 2663 1076 2725 solidae
1098 2665 1175 2726 vitae
1201 2665 1309 2724 initium

194 2749 237 2800 est
253 2739 414 2799 renuntiare
432 2741 547 2801 mundo.
586 2743 687 2802 Postea
705 2741 818 2804 subiicit
836 2743 939 2816 Lucas,
957 2741 1032 2822 quod
1051 2741 1123 2820 ap‘ud
1142 2743 1310 2802 Matthaeum
1400 2759 1401 2820 t

192 2835 304 2896 quoque
327 2815 458 2888 habetur,
482 2817 557 2878 viros
582 2829 612 2879 et
637 2817 752 2878 feminas
776 2830 845 2878 tunc
870 2818 1009 2898 direptum
1036 2817 1084 2891 iri,
1113 2839 1150 2876 ne
1183 2817 1307 2898 copulae,
1400 2839 1401 2880 t

193 2893 293 2973 quihus
311 2902 411 2951 mutuo
432 2890 507 2951 inter
529 2913 559 2954 se
578 2893 787 2958 devinctisunt
810 2893 935 2954 homines
959 2893 989 2952 in
1013 2893 1131 2962 mnn'do,
1154 2893 1217 2972 pios
1240 2893 1309 2955 reti-

115 3005 127 3024 .
191 2980 280 3030 neant
301 2967 346 3030 vel
364 2974 520 3028 morentur.
560 2971 651 3049 Saepe
670 2970 745 3038 enim
764 2969 919 3053 contingit,
949 2980 989 3042 ut,
1014 2967 1148 3030 dumalii
1173 2967 1242 3028 alios
1261 2990 1335 3029 re-.

180 3028 329 3138 hpiciunt,
348 3064 433 3114 nemo
451 3045 569 3128 gradum
588 3057 762 3128 promoveat.
802 3049 880 3129 Ergo
900 3057 932 3106 ut
949 3045 1009 3124 quis
1029 3036 1064 3106 de
1082 3065 1133 3124 pro
1157 3065 1202 3128 se,
1230 3044 1307 3102 omni
1400 3039 1401 3068 ³

191 3122 304 3184 vinculo
332 3121 440 3184 solutus
468 3133 497 3182 et
528 3123 685 3202 expeditus,
725 3123 853 3186 celeriter
882 3133 989 3208 currat,
1010 3067 1096 3180 docet
1119 3119 1304 3180 Christnsex
1400 3127 1401 3192 j

194 3215 252 3256 uno
272 3200 331 3275 pari
350 3199 468 3259 alterum
488 3199 638 3282 coniugem
657 3213 828 3280 assumptum
848 3200 895 3269 iri,
913 3199 1000 3259 altero
1019 3193 1130 3257 relicto:
1151 3215 1210 3252 nnn
1230 3194 1303 3272 quod

189 3293 307 3335 necesse
330 3275 380 3350 sit,
406 3276 563 3356 quicunque
587 3277 661 3336 inter
689 3296 720 3336 se
749 3276 995 3348 coniunctiount,
1028 3273 1065 3331 ita
1088 3269 1179 3331 divelli
1207 3269 1304 3346 (saciet
1330 3312 1334 3321 ι

193 3349 269 3408 enim
292 3364 386 3411 sancta
408 3352 519 3432 pietatis
544 3353 655 3433 copula,
684 3364 716 3412 ut
741 3354 802 3412 viro
835 3352 927 3433 probo
957 3347 1053 3410 mulier
1072 3366 1196 3483 1quoque
1221 3347 1303 3427 ptoha

132 3482 141 3495 ,
192 3424 354 3502 adhaereat,
378 3438 544 3508 patremque
568 3431 739 3489 comitentur
764 3427 826 3503 filii)
850 3429 898 3488 sed
921 3438 1029 3486 tantum
1052 3447 1070 3485 v
1101 3422 1143 3482 uit
1168 3424 1302 3497 Christus,
1385 3434 1401 3450 ⁴*

194 3512 228 3559 ut
250 3521 374 3562 remotas
399 3524 497 3564 omnes
521 3504 717 3579 abscinderet,
740 3505 864 3587 singulos
892 3504 927 3564 ad
952 3499 1164 3563 festinationem
1194 3499 1302 3573 hortiri,

193 3599 231 3636 ne
250 3575 298 3668 qui
317 3577 371 3637 iam
393 3580 512 3639 accincti
538 3593 616 3655 sunt,
643 3577 738 3641 socios'
761 3581 865 3650 frustra
891 3589 1065 3660 exspectent.
1103 3577 1187 3656 Apud
1208 3577 1301 3636 luricam

54 3715 57 3736 ,
121 3669 125 3686 '
149 3659 153 3666 '
192 3653 337 3715 subicitur
356 3655 495 3714 sententia
513 3655 570 3732 itta,
592 3662 755 3736 ubicunque
765 3659 868 3732 fuerit
890 3677 1008 3734 corpus,
1028 3665 1084 3715 eto.
1104 3651 1246 3734 Restringi
1264 3663 1301 3710 ta·

192 3753 258 3792 men
283 3731 316 3790 ad
344 3729 418 3790 diem
441 3731 570 3802 ultimum
594 3757 653 3795 non
683 3734 779 3808 debet,
815 3735 863 3794 sed
884 3755 978 3824 ,quum
1004 3741 1153 3814 rogassent
1178 3727 1301 3809 discipuli,
1398 3737 1401 3792 Ὗ

192 3812 244 3868 nbi
268 3810 401 3867 domine?
435 3806 491 3866 boc
524 3821 580 3870 est:
617 3810 760 3890 quomodo
785 3823 813 3870 et
838 3821 909 3872 reete
931 3807 1066 3884 stabimus
1089 3805 1117 3874 in
1141 3817 1217 3864 tanta
1240 3825 1300 3864 con-

192 3886 333 3959 cussione,
355 3896 382 3944 et
401 3884 456 3942 tuti
474 3886 648 3947 manebimus
673 3888 701 3945 in
727 3897 782 3944 tam
806 3885 937 3968 gravibus
950 3881 1108 3962 procellis?
1132 3893 1161 3942 ct
1182 3901 1252 3960 quae
1267 3880 1300 3938 la-

190 3961 288 4022 tebrae
307 3981 360 4021 nos
380 3961 546 4022 coniunctos
565 3964 733 4046 protegent?
773 3961 901 4022 Christus
921 3959 1018 4033 (sicuti
1037 3959 1110 4038 apud
1129 3957 1299 4044 blatthaeuml

191 4037 335 4169 seuiirmae
353 4037 466 4098 unitatis
487 4039 616 4099 vexillum
641 4061 701 4100 esse
728 4050 860 4114 testatur,
884 4037 935 4099 suh
961 4055 1017 4116 quo
1042 4053 1142 4094 omnes
1165 4033 1299 4094 filiosller
1314 4068 1319 4102 ς

191 4133 225 4171 co
247 4136 254 4170 ι
276 4125 442 4174 roorteat.

256 4133 339 4250 gap
355 4191 494 4270 Vigilate
518 4211 595 4268 ergo.
634 4183 797 4265 Expressior
825 4189 870 4248 vel
893 4187 980 4271 magis
1004 4184 1133 4265 specialis
1154 4183 1299 4245 exhortatio

182 4260 351 4322 soleatura
370 4265 459 4339 Luca,
485 4264 645 4324 canendum
670 4283 747 4332 esse,
777 4285 813 4322 ne
835 4267 926 4324 cordo
946 4272 1112 4344 graventur
1134 4261 1300 4339 crepuisset

137 4357 140 4363 ·
172 4333 337 4414 ,ebrietate
361 4351 391 4397 et
411 4345 492 4404 castr
513 4334 729 4400 ‘saecularibus
762 4342 812 4400 ‘Et
840 4353 918 4402 certe
946 4339 995 4418 qui
1021 4339 1242 4418 intemperanter
1262 4336 1301 4396 ri·
1400 4361 1401 4408 t
