2796 4774
183 313 223 374 as
296 374 301 389 ,
392 306 502 374 SEGt.
522 303 606 368 xm.
646 319 813 370 sermones
833 321 874 368 er
894 321 1099 370 paranetas.

114 471 119 498 ¹
185 463 358 540 Quanquam
377 469 472 519 autem
494 478 606 540 semper
633 456 686 520 hae
713 459 750 520 de
776 479 812 520 re
839 471 974 544 magnum
998 471 1142 522 certamen
1168 457 1317 520 habuerint

184 535 344 618 Prophetae
364 556 427 595 eum
445 533 574 608 ·Iudaeis‚
597 547 631 596 ut
656 548 753 596 tamen
776 535 811 594 ad
827 531 998 617 hypocrisin
1021 557 1161 618 propensa
1180 547 1244 598 sunt
1263 537 1317 596 ho-

184 613 292 676 minum
310 611 434 694 ingenia,
455 611 647 694 praevaluerat
665 611 784 691 superba
804 609 849 674 illa
869 612 1028 686 obstinatio,
1068 615 1160 676 lacere
1180 615 1246 674 Deo
1267 634 1316 674 ex-

85 753 99 772 ,
184 702 281 752 ternos
300 689 390 750 cultus
410 687 493 751 etiam
516 687 570 750 fide
589 709 700 750 vacuos.
739 689 907 750 Praesertim
934 709 1003 749 vero
1024 633 1129 754 Clitisti
1152 701 1255 759 aetate]
1268 711 1318 750 us-

205 788 240 828 uc
264 765 334 828 adeo
360 764 575 846 obstupuerant,
601 774 634 822 ut
657 763 760 845 religio
779 774 888 828 tantum
908 765 938 824 in
957 766 1043 826 meris
1063 767 1146 850 nugis
1165 768 1216 828 sita
1235 777 1316 828 esset.

183 789 263 924 bego
288 842 319 902 in
337 841 502 905 Pharisaeos
524 840 680 916 invehitur,
704 840 753 920 qui
775 839 872 902 sedulo
897 854 1073 922 occupantur
1095 845 1126 904 in
1149 843 1256 924 poculis
1275 842 1316 902 la-

184 917 294 992 vandis,
321 917 491 982 foedissimas
514 929 607 978 autern
631 916 728 978 sordes
750 919 865 999 rapinae
890 929 919 978 et
939 918 1058 980 malitiae
1080 919 1156 981 intus
1180 920 1209 978 in
1228 919 1318 980 eorde

88 1056 91 1065 ,
185 995 309 1056 levent.
331 995 438 1062 Eorum
458 1013 526 1056 vero
546 993 689 1056 stultitiam
708 992 760 1054 bae
780 995 890 1056 ratione
908 991 1140 1077 coarguitnquod
1159 996 1247 1070 Deus,
1267 995 1317 1076 qui

87 1069 89 1080 ⁴
184 1071 351 1134 interiorem
370 1067 491 1132 hominis
509 1071 630 1146 animam
648 1090 708 1130 non
728 1069 820 1132 minus
840 1092 923 1154 quam
943 1091 977 1130 eo
1012 1093 1048 1131 us
1061 1071 1174 1146 creavit,
1194 1072 1252 1132 sola
1266 1093 1316 1132 cx-

184 1161 265 1210 terna
283 1145 377 1228 speeie
397 1146 500 1229 placari
518 1159 649 1230 nequeat.
687 1143 760 1209 Nam
778 1145 835 1208 boe
853 1149 973 1230 mqpime
1007 1148 1064 1208 altit
1082 1147 1218 1222 homines,
1239 1148 1316 1228 quod

184 1223 232 1288 rel
257 1245 317 1285 non
337 1235 482 1305 reputant,
506 1226 557 1286 sibi
581 1246 646 1286 eum
664 1223 730 1284 Deo
755 1225 895 1284 sendum
920 1244 993 1298 esse,
1017 1221 1063 1286 vel
1086 1245 1140 1304 pro
1159 1245 1254 1284 sensus
1273 1223 1317 1286 sui

185 1301 307 1366 vanitate
325 1299 401 1360 illurn
421 1300 636 1392 traqslormant,
656 1300 712 1374 apsi
731 1299 766 1361 ab
806 1300 900 1362 omine
917 1298 1029 1360 mortali
1048 1299 1121 1361 nihil
1136 1299 1275 1361 dissertet.

260 1381 308 1438 41.
348 1378 505 1436 Caeterum
527 1399 567 1436 ee
590 1399 622 1437 eo
635 1375 727 1455 -quod
748 1379 844 1436 adesa.
869 1375 1013 1437 *Christus
1037 1397 1117 1437 more
1140 1398 1192 1438 suo
1215 1374 1315 1437 Phari-

187 1471 266 1513 saeos
287 1473 302 1514 a
322 1454 491 1513 ceremoniis
510 1454 545 1513 ad
565 1454 708 1514 raritatem
728 1465 856 1528 revocat,
896 1453 1063 1514 renuntians
1080 1475 1140 1514 uon
1159 1474 1242 1534 aqua,
1266 1453 1316 1514 sed
1338 1478 1343 1490 ·

185 1527 371 1590 beneficentia
393 1530 522 1598 mundari
545 1542 606 1589 tum
624 1528 753 1590 homines
770 1541 831 1588 tum
851 1473 937 1591 eibos.
979 1530 1090 1606 Quibus
1108 1542 1203 1596 tamen
1221 1528 1316 1592 verbis

186 1624 278 1696 neque
298 1616 428 1666 extenuat
447 1607 503 1666 Dei
521 1605 652 1700 gratiam,
671 1627 725 1666 nec
744 1605 847 1688 legales
864 1607 934 1666 ritus
953 1607 1029 1685 quasi
1047 1623 1136 1668 vanos
1156 1618 1186 1666 et
1203 1604 1316 1666 inutiles

186 1681 291 1740 reiicit:
319 1682 382 1760 quia
403 1682 560 1763 stylum-m
580 1703 628 1746 eos
646 1681 754 1764 dirigitl,
779 1682 826 1764 qui
844 1683 1030 1765 nudis‘signis
1048 1685 1113 1744 Deo
1133 1701 1231 1744 secure
1251 1681 1315 1741 illu-

187 1760 270 1831 dnnt',
289 1757 407 1837 perinde
425 1761 480 1820 acsi
499 1760 619 1834 dixisset,
639 1757 722 1820 Solus
742 1771 783 1820 est
801 1759 941 1840 legitimus
960 1782 1039 1833 usus,
1057 1760 1104 1839 qui
1125 1757 1315 1820 eibossanetia

186 1833 258 1892 licat.
297 1833 385 1913 Atqui
405 1835 459 1898 rite
484 1837 610 1918 iusteque
630 1835 697 1896 cibis
716 1846 847 1910 utuntur,
871 1835 918 1916 qui
938 1856 972 1896 ex
991 1856 1041 1897 sua
1059 1835 1227 1905 abundantia
1245 1856 1316 1915 pau-

186 1929 286 1989 perum
310 1909 422 1990 inopiae
444 1911 621 1973 subveniunt.
665 1913 744 1992 Ergo
767 1922 935 1992 praestaret,
961 1909 1166 1992 eleemosynam
1190 1912 1256 1972 dare
1280 1931 1315 1972 cx

187 2005 219 2044 ea
245 1985 325 2065 copia
348 2005 419 2066 quae
445 1990 582 2068 suppetit,
607 2008 688 2066 quam
712 1987 874 2068 scrupulose
900 2008 997 2048 manus
1021 1997 1051 2046 et
1075 1986 1173 2047 calices
1196 1987 1316 2049 lavando

185 2080 321 2139 pauperes
340 2063 493 2150 negligere.
514 2065 622 2140 ·Quod
636 2064 712 2126 vinde
731 2064 858 2124 infemrit
878 2064 1019 2144 Papistae,
1046 2061 1235 2146 eleemosynas
1255 2083 1316 2126 esse

155 2135 158 2153 ‘
185 2135 394 2220 satisfactiones,
413 2140 511 2222 quibus
523 2142 690 2200 munddmur
703 2161 720 2200 a
733 2140 864 2226 peccatis,
883 2139 992 2200 stultius
1004 2150 1054 2213 est,
1074 2163 1158 2221 quam
1177 2152 1210 2200 ut
1227 2139 1316 2222 longa

185 2212 447 2296 refutationeopus
464 2216 572 2278 lrabeat.
596 2217 712 2298 meque
731 2217 813 2276 enim
825 2215 871 2276 hic
888 2217 998 2276 disserit
1012 2216 1147 2292 Christus,
1168 2238 1225 2297 quo
1245 2237 1313 2298 pre-

121 2319 130 2336 ι
184 2290 227 2349 tio
250 2311 303 2351 nos
326 2305 517 2372 peccaturum,
534 2291 727 2360 remissionem
750 2293 896 2373 acquirere
919 2304 1063 2372 oporteat,
1092 2293 1142 2354 sed
1168 2314 1222 2354 eos
1241 2313 1315 2374 pure

184 2365 259 2428 vesei
277 2389 351 2448 panc
370 2390 431 2444 suo,
449 2373 496 2452 qui
516 2383 624 2452 partem
645 2381 765 2452 erogant
783 2368 960 2450 pauperihus,
995 2372 1060 2450 Ego
1080 2370 1156 2430 enim
1174 2372 1208 2428 τὰ
1224 2373 1316 2437 tedam

204 2465 237 2504 ro
257 2444 514 2527 eopia-praesenti
543 2449 601 2508 acei
625 2445 665 2506 io:
693 2468 754 2518 non
778 2458 870 2506 autem
899 2446 983 2506 sicuti
1010 2451 1098 2507 Vetus
1122 2445 1261 2526 interpres
1285 2456 1315 2504 et

183 2463 523 2598 brummrsranstamm,
546 2469 622 2606 quod
645 2535 779 2604 superest.
819 2521 1055 2606 Obiurgationes,
1080 2543 1150 2604 quae
1175 2523 1313 2582 continuo

183 2605 426 2676 postsequuntur,
446 2601 476 2658 in
495 2599 579 2676 alium
600 2600 694 2661 locum
713 2593 830 2662 reiicere
848 2599 932 2666 satius
952 2611 1007 2660 est:
1028 2621 1120 2680 neque
1141 2599 1215 2659 enim
1227 2597 1313 2659 Chri-

78 2725 85 2750 ,
183 2681 256 2728 stum
275 2689 335 2732 uno
354 2684 488 2738 contextu
506 2678 537 2735 in
557 2697 653 2736 mensa
675 2677 716 2736 sie
740 2679 883 2738 invectum
908 2677 991 2738 luisse
1014 2677 1090 2737 inter
1111 2687 1189 2736 retor
1214 2683 1319 2752 eontra⁴

182 2745 295 2834 Spribm
314 2757 344 2835 et
362 2747 537 2824 Pharisaeos,
560 2754 609 2813 sed
628 2755 748 2824 Lucam,
772 2753 849 2842 quod
867 2743 922 2811 alio
939 2765 1069 2834 tempore
1088 2698 1192 2813 dietum
1212 2749 1313 2823 fuerat,

181 2819 383 2896 tre.,remhsse,
403 2827 639 2904 quemadmodum
659 2828 766 2906 saepius
785 2847 840 2888 ram
856 2828 1036 2903 ostendimus,
1056 2827 1242 2910 Evangelistis
1261 2847 1312 2887 cu·
1389 2885 1390 2892 ,

181 2916 230 2959 rae
247 2916 309 2958 non
325 2896 411 2960 luisse
429 2903 565 2982 temporis
584 2902 721 2964 ordinem.
790 2959 794 2972 ,
899 2925 907 2944 ·
1389 2901 1390 2914 ’

264 3109 363 3190 (119.)
390 3105 589 3176 tooxrv.
616 3107 644 3171 1.
663 3086 841 3184 assectae,
861 3112 896 3172 ut
910 3074 1241 3173 inmiscendorum
1255 3127 1311 3170 cu-

179 3211 474 3300 iusdam'prineipis
494 3211 735 3280 Pharisaeorum
758 3207 903 3288 sabbato,
926 3207 967 3274 ad
984 3210 1174 3298 capiendum
1194 3207 1310 3287 cibum,

179 3325 211 3380 et
231 3317 293 3401 ipsi
315 3307 534 3384 observabant
557 3333 638 3377 eum.
681 3313 715 3378 2.·
739 3311 780 3376 Et
807 3333 881 3376 cece
908 3311 1006 3378 horno
1032 3313 1162 3398 quidam
1188 3310 1310 3397 hydro-

137 3435 140 3440 ·
176 3418 268 3504 picus
290 3429 358 3484 erat
385 3415 584 3494 anteibunt,
626 3415 658 3479 3.
686 3415 729 3480 Et
749 3413 949 3500 respondens
972 3416 1061 3479 lesus
1083 3415 1160 3480 dixit
1181 3415 1223 3480 ad
1242 3406 1306 3480 Le·
1362 3481 1369 3496 ,

76 3514 81 3532 “
176 3520 345 3615 gisperitos
367 3531 398 3588 et
417 3521 619 3595 Pharisaeos,
650 3515 775 3594 dicens,
801 3507 970 3602 Numquid
995 3516 1070 3582 licet
1095 3515 1229 3584 sabbato
1258 3537 1308 3582 sa·

175 3625 272 3687 nare?
313 3625 344 3688 4.
371 3625 414 3690 At
441 3623 490 3688 illi
516 3630 696 3687 tacuerunt:
722 3621 792 3706 ipsc
820 3641 899 3684 vero
921 3620 1161 3708 apprehendens
1183 3608 1311 3685 sanavit
1382 3611 1383 3628 ²

175 3725 293 3812 ipsum,
319 3747 358 3792 ae
386 3726 515 3796 dimisit.
557 3724 586 3788 h.
614 3723 656 3790 Et
677 3721 876 3811 respondeus
898 3723 939 3790 ad
962 3723 1050 3804 illos,
1079 3723 1172 3802 dixit,
1199 3721 1307 3796 Cuius

68 3827 74 3842 ⁸
174 3835 313 3894 vestrum
342 3829 451 3896 asinus
477 3836 533 3911 aut
558 3825 620 3894 bos
649 3827 683 3892 in
709 3836 840 3914 puteum
862 3826 969 3906 cadet,
996 3837 1028 3892 et
1055 3849 1123 3893 uon
1150 3828 1305 3892 contiuuo

173 3917 314 4000 extrahet
328 3931 425 4025 ,ittam
447 3929 501 3998 die
522 3924 668 3997 sabbati?
709 3929 742 3995 6.
769 3929 813 3996 Et
836 3949 903 3998 uon
924 3938 1073 4018 poteraut
1093 3928 1136 3996 ad
1156 3929 1235 3998 baec
1255 3931 1319 3996 re-‘
1378 3949 1380 3996 z

172 4033 333 4121 spondere
355 4033 412 4100 illi.
732 4055 735 4064 ’

247 4193 327 4258 Haec
350 4193 466 4259 historia
490 4191 560 4254 nihd
580 4189 654 4256 aliud
678 4190 820 4266 eontinet,
849 4212 931 4274 quam
957 4193 1122 4256 miraculum
1145 4211 1162 4254 a
1187 4191 1302 4256 Christo

167 4267 291 4346 editum,
316 4294 374 4354 quo
394 4271 618 4354 superstitiosum
638 4267 753 4330 Sabbati
772 4267 877 4330 cultum
897 4272 1061 4354 corrigeret
1100 4271 1203 4350 Neque
1225 4271 1302 4332 enim

60 4403 64 4408 .
171 4343 218 4420 (ut
236 4349 347 4426 quidam
366 4349 479 4431 putant)
498 4347 652 4410 Sabbatum
671 4345 835 4428 simpliciter
854 4345 992 4432 abrogare
1010 4347 1108 4421 voluit,
1128 4347 1177 4407 sed
1191 4357 1301 4412 tantum

172 4423 332 4500 ostendere,
360 4447 453 4508 neque
475 4425 531 4488 Dei
555 4419 656 4507 opera,
683 4445 779 4508 neque
804 4423 899 4488 officia
922 4425 1044 4519 caritatis
1064 4421 1170 4488 violare
1193 4445 1301 4488 sacram
