2796 4774
207 219 266 298 ,Tm
345 213 467 278 SECT..
482 213 547 276 XL
584 227 710 276 cmrsrr
727 227 945 280 nesonaecmo
964 230 1005 276 rr
1022 233 1185 282 ascansro.

208 371 243 438 in
263 389 375 438 mnus
396 317 815 444 hominnmsoeliratoruot,
832 432 835 441 ,
852 378 885 432 et
903 355 1067 458 ‘prucifigt
1097 381 1129 438 et
1153 370 1209 442 die
1232 381 1318 442 terno

208 493 382 562 resurgere.
424 469 455 536 8.
474 467 520 539 Et
539 467 728 540 recordatae
746 477 821 538 suut
841 467 1012 542 verno-ana
1034 473 1109 541 eius.

283 751 345 814 tam
360 763 478 816 ventum
497 761 541 828 est
562 750 598 813 ad
621 749 820 831 redemptionis
842 747 952 812 nostrae
972 750 1129 812 clausulam.
1166 752 1245 814 Nam
1263 754 1320 816 bine

208 827 331 921 exsurgit
348 829 412 890 vira
430 839 543 889 nostrae
562 847 626 888 cum
645 827 709 888 Deo
728 825 962 889 reconciliationis
980 827 1087 902 fidncia,
1107 829 1184 908 quod
1199 829 1322 892 Christro

206 917 307 966 nortis
324 905 471 966 ¹vietor-'ex
490 904 587 966 inieris
600 903 731 978 euenit,
750 915 894 966 utnovae
910 904 983 965 ritae
996 915 1175 984 potestatem.
1191 927 1281 986 penes
1296 930 1322 968 se

207 999 267 1046 esso
286 983 474 1047 ostenderet..
498 983 596 1056 Quare
614 979 713 1048 Paulus
732 980 922 1058 meritodicit
945 979 983 1057 (l.
1003 979 1071 1042 Cor.
1092 982 1240 1058 15,14.),
1264 983 1321 1042 nul-

206 1055 264 1117 lum
284 1057 347 1118 sore
366 1053 562 1142 Evangelium.
588 1068 617 1116 et
636 1077 715 1148 spem
736 1056 828 1136 salutis
847 1055 951 1119 irritam
977 1077 1008 1114 ac
1028 1055 1186 1132 evanidam,
1211 1059 1264 1118 nisi
1284 1071 1322 1118 te-

207 1153 306 1194 nemus
320 1131 462 1196 Christum
481 1153 520 1192 ex·
534 1131 652 1192 mo'i'tuis
669 1133 877 1192 assurexisse*
896 1134 970 1192 Nam
988 1132 1026 1190 ita
1044 1132 1156 1192 demum
1174 1146 1254 1212 parta
1272 1155 1321 1194 no·
1363 1149 1364 1174 ³

206 1211 250 1277 bia
269 1209 323 1270 tut
341 1209 457 1283 inatih‘a,
485 1207 686 1290 etpatet'a‘mas
707 1208 739 1270 in
762 1208 872 1270 coelum
892 1209 1048 1292 ingressus,
1072 1209 1193 1288 denique
1211 1211 1320 1290 adoptio

206 1297 305 1350 nostra
323 1286 441 1363 sancito,
460 1284 527 1376 dum
546 1285 688 1358 Christus,
711 1285 889 1368 resurgendo¹
904 1285 1023 1370 Spiritus
1041 1284 1083 1344 sui
1102 1285 1255 1365 potentiam
1272 1306 1318 1344 ex-

207 1383 318 1436 serens,
336 1361 437 1420 Filium
456 1357 511 1421 Dea
529 1381 559 1435 se
578 1359 718 1442 probavit.
756 1360 923 1442 Quanquam
941 1371 1033 1420 autem
1051 1361 1146 1434 aliter,
1162 1383 1243 1440 quam
1261 1384 1318 1422 car-

206 1438 249 1506 nis
267 1447 380 1496 nostrae
399 1437 494 1498 sensus
514 1448 670 1517 expeteret,
686 1437 923 1498 resurrectionem
942 1457 1018 1498 suam
1032 1436 1177 1528 patefecit,
1198 1439 1263 1498 haec
1279 1450 1320 1498 ta-
1363 1465 1364 1548 p

206 1532 362 1592 menum
381 1511 550 1594 illiplaeuit
572 1513 643 1574 ratio
663 1506 746 1574 nobis
764 1535 877 1594 quoqne
896 1513 1000 1594 optima
1019 1513 1106 1575 dederi
1124 1513 1221 1576 debet
1258 1515 1321 1576 Sine

205 1599 279 1650 teste
298 1607 426 1684 egressus
446 1601 489 1650 est
509 1611 525 1650 e
543 1588 686 1670 sepulcro,
710 1601 741 1648 ut
761 1590 839 1652 locus
864 1610 967 1652 vacuus
986 1589 1105 1668 primum
1127 1589 1262 1654 indicium
1280 1591 1320 1650 lo-

205 1675 264 1737 ret,
284 1664 385 1725 demde
404 1663 565 1727 mulieribus
583 1686 635 1746 per
655 1666 770 1748 angelos
795 1665 915 1726 nuntiari
938 1663 1027 1725 voluit
1044 1684 1074 1724 se
1096 1665 1208 1728 vivere:
1263 1667 1318 1725 aulo

206 1752 276 1823 poa(
289 1739 341 1812 illis
357 1743 500 1822 apparuit,
520 1763 552 1806 ac
568 1741 683 1802 tandem
702 1739 862 1822 Apostolis,
876 1741 960 1818 idque
979 1741 1093 1820 saepius.
1131 1742 1174 1802 Ita
1191 1689 1318 1822 paulatim

207 1840 273 1880 suos
285 1839 345 1910 pro
365 1839 463 1888 eorum
484 1817 654 1881 modutoad
680 1817 834 1897 pleniorem
857 1819 984 1878 notitiam
1007 1816 1127 1878 deduxit.
1166 1817 1255 1891 Quod
1275 1841 1319 1878 au·
1363 1819 1364 1838 ¹

206 1904 265 1954 tem
284 1893 392 1954 mitium
414 1893 482 1953 fecit
499 1914 514 1951 a
533 1891 709 1966 mulieribus,
738 1915 791 1952 nec
810 1896 896 1954 modo
915 1915 945 1954 se
963 1892 1012 1952 illis
1030 1893 1168 1954 visendum
1187 1893 1319 1968 exhibuit,

205 1971 254 2030 sed
272 1969 392 2032 iniunxit
412 1968 496 2029 etiam
513 1970 588 2048 opud
607 1967 760 2049 Apostolos
779 1971 924 2053 Evangelii
946 1969 1138 2050 praeconium,
1159 1979 1190 2027 nt
1209 1969 1318 2030 illorum
1363 2013 1364 2016 ,

205 2048 285 2126 quasi
307 2044 452 2131 magistrae
476 2045 588 2116 intenta
617 2045 646 2106 in
669 2065 704 2104 eo
728 2045 850 2125 primum
872 2045 1017 2130 castigatus
1043 2045 1095 2106 fuit
1118 2045 1318 2125 Apostolorum
1363 2051 1364 2098 l

205 2134 321 2205 torpor,
340 2122 388 2204 qui
406 2143 511 2206 pavore
532 2121 592 2184 lere
610 2121 738 2182 iacebant
758 2121 910 2198 exanimes,
935 2143 1019 2202 quum
1032 2119 1157 2194 ¹sentinae
1174 2122 1270 2200 sedulo
1286 2122 1316 2180 ad
1363 2159 1364 2170 κ

205 2198 362 2280 sepulcrum
385 2210 583 2280 properarent,
617 2197 716 2278 qulbus
740 2199 822 2259 etiam
847 2220 906 2258 non
928 2197 1049 2279 vulgaris
1072 2217 1178 2272 merces
1205 2199 1314 2278 repensa
1363 2203 1364 2268 l

204 2271 268 2334 loir.
308 2275 369 2336 Etsi
386 2273 461 2336 enim
485 2275 555 2336 vitio
576 2295 639 2335 nnn
657 2274 769 2336 carebat
786 2273 910 2368 ungendi
930 2273 1034 2334 Christi
1051 2273 1214 2346 consilium,
1244 2273 1313 2352 qnasi
1363 2285 1364 2294 ¹

205 2352 295 2412 adbuc
318 2363 391 2412 esset
419 2363 559 2433 mortuos,
579 2373 687 2419 ,emuna
714 2362 809 2416 umen
834 2349 984 2413 infirmitati
1011 2349 1160 2431 ignoscens
1189 2348 1312 2432 singulari

203 2426 276 2506 ipsas
295 2427 405 2488 honore
422 2427 550 2510 diguatus
570 2441 622 2504 est,
641 2450 741 2490 munus
759 2427 956 2508 Apostolicum
973 2425 1039 2506 viris
1059 2438 1185 2508 ereptum
1203 2427 1237 2486 ad
1253 2425 1311 2484 bre-

204 2523 240 2582 ve
259 2515 316 2562 tem
338 2525 369 2564 us
387 2503 541 2585 resignans.
580 2503 622 2564 At
642 2525 677 2564 ue
695 2503 750 2564 hbe
771 2501 856 2564 modo
876 2503 1016 2584 specimen
1032 2502 1108 2578 eius,
1127 2503 1204 2582 quod
1221 2501 1312 2561 Paulus

203 2576 290 2636 docet
307 2523 346 2650 (i.
365 2580 436 2639 Gor.
454 2586 481 2654 l,
499 2577 577 2654 270),
595 2599 627 2640 ex
650 2580 732 2656 'buin
752 2601 819 2656 nem
839 2580 950 2660 equod
969 2578 1003 2638 eli
1025 2589 1052 2639 at
1069 2599 1139 2658 quae
1157 2579 1242 2639 stulta
1255 2589 1312 2640 sunt

202 2670 237 2740 aq
255 2652 356 2721 debilia
374 2654 404 2711 in
423 2655 542 2732 mundo,
567 2671 599 2714 ut
622 2656 722 2736 earnis¹
734 2602 905 2723 altitudinem
929 2599 1062 2726 bumibet.
1099 2657 1160 2730 Nec
1180 2675 1247 2715 vero
1266 2674 1310 2712 noa

202 2725 283 2788 ahter
306 2727 360 2788 rite
384 2731 536 2810 comparati
558 2729 659 2791 erimus
682 2729 717 2791 ad
745 2733 800 2794 hoc
823 2731 886 2792 fidei
909 2743 1022 2792 nostrae
1045 2743 1127 2812 caput
1151 2729 1310 2802 discendum,

203 2801 257 2864 nisi
273 2803 351 2864 omni
371 2805 588 2886 lastudeposito
607 2805 710 2868 dociles
727 2827 783 2868 nos
801 2808 948 2870 mulierum
966 2805 1125 2869 testimonio
1144 2807 1310 2868 ‘subiicimusz

202 2901 270 2941 non·
320 2879 357 2940 od
375 2881 442 2941 tides
460 2892 557 2942 nostra
567 2883 631 2941 ¹tam
650 2884 776 2966 angustis
786 2885 888 2944 linibus
906 2884 997 2946 clama
1012 2903 1126 2946 manere
1144 2883 1247 2956 debeat,
1266 2885 1311 2940 sed

203 2957 284 3049 qnia·
315 2957 439 3040 ominup,
456 2969 490 3018 ut
507 2957 695 3041 obedientiam
713 2972 839 3042 nostram
857 2961 972 3042 probet,
999 2959 1096 3027 stultos
1118 2959 1179 3028 fieri
1195 2979 1247 3020 nos
1265 2978 1310 3018 re-

201 3033 247 3108 ht,
278 3033 435 3116 priusquam
453 3033 487 3094 ad
506 3055 555 3094 sua
574 3037 706 3116 mysteria
724 3036 830 3118 plenius
850 3039 883 3098 'co
907 3034 1043 3098 noscenda
1058 3036 1192 3096 admittat.
1231 3032 1310 3108 Quod

201 3110 237 3168 ad
254 3109 398 3174 historiam
416 3111 554 3194 pertinet,
575 3111 730 3176 Matthaeus
751 3125 859 3174 tantum
877 3057 955 3187 deit,
977 3114 1055 3172 duaa
1073 3115 1188 3172 Maria
1203 3113 1309 3169 omissa

200 3195 236 3264 ⁸⁴?
260 3189 393 3249 viderent
417 3192 597 3268 sepulcrum:
633 3192 745 3252 Marcus
771 3189 902 3252 Salomen
925 3191 1038 3250 tertiam
1065 3189 1213 3271 adiungens
1235 3185 1307 3258 dicit,

199 3264 305 3322 eminae
326 3277 472 3328 oromato‘
485 3278 521 3330 ut
600 3277 681 3326 erent
700 3288 820 3345 corpur:
841 3287 874 3326 ex
888 3266 965 3334 Luca
980 3279 1071 3330 autem
1089 3263 1235 3358 colligitur,
1250 3281 1306 3320 non

200 3335 266 3424 duas
285 3341 371 3400 modo
390 3331 435 3403 *l‘el
450 3355 525 3419 tres,
540 3288 600 3417 bil
616 3341 773 3424 complures
791 3341 908 3404 venisse.
947 3341 1003 3404 Sed
1015 3341 1076 3402 'hoc
1095 3363 1178 3403 sacris
1195 3337 1307 3420 scripto·
1363 3411 1364 3414 Ἴ

199 3409 277 3499 ulau*
295 3413 475 3480 aeimmtesse
494 3419 638 3493 usitadrm‘,
657 3431 690 3478 ut
706 3421 987 3496 paucostantnm'ex
1004 3419 1111 3480 maiore
1121 3421 1247 3478 numero
1265 3434 1307 3474 ex-
1363 3423 1364 3436 ¹

198 3499 342 3566 bumont·
366 3489 522 3558 Probabilis
543 3495 631 3572 etiam
643 3494 804 3566 coniectura
820 3506 878 3570 est,
903 3497 1018 3576 Mariam
1041 3493 1232 3577 Magdaleuam
1250 3511 1307 3552 cum
1363 3543 1364 3546 ,

198 3561 283 3624 altera
301 3563 418 3640 comite,
448 3569 522 3643 (sive
540 3569 689 3648 praemissa
706 3570 804 3646 suerit,
831 3571 890 3652 sive
908 3581 1010 3664 sponte
1025 3569 1228 3658 praecurrerit)
1248 3577 1306 3626 ante

198 3639 262 3702 alias
279 3641 313 3700 ad
324 3637 489 3720 ‘sepulcrum
508 3643 661 3704 accessisse
709 3641 879 3726 Atque'hoc
898 3645 1030 3708 indentur
1043 3645 1163 3707 innuere
1181 3641 1306 3706 Matthaei

197 3716 301 3793 rerbap
322 3715 397 3799 quod
415 3717 646 3782 admoneam
663 3723 833 3785 daaatttaa
843 3727 994 3786 merim:
1014 3724 1087 3802 ·quia
1106 3723 1160 3788 nisi
1177 3739 1306 3798 κυρε-
1363 3767 1364 3792 ,

197 3805 245 3868 ctu
266 3816 328 3870 non
350 3793 500 3874 constabat
518 3796 596 3872 ratio⁴
613 3799 717 3878 Christi
738 3799 902 3884 ungendig
928 3802 1042 3862 Interea
1065 3795 1141 3880 quo'd
1164 3798 1198 3858 in
1219 3797 1305 3858 animo

196 3867 335 3960 habebant
354 3882 494 3952 praestare
512 3871 636 3958 officium
655 3875 790 3950 subticet:
810 3863 878 3957 quia-
891 3859 946 3940 hoe
965 3897 1051 3936 unum
1069 3875 1188 3934 maxime
1206 3893 1304 3954 propo-

195 3955 279 4031 srtutn·
302 3959 374 4022 erat,
393 3948 439 4009 ¹de
463 3945 673 4013 hesitrrectione
696 3951 800 4014 testari.
850 3952 1012 4028 Quaeritur
1029 3963 1136 4026 mmen,
1164 3949 1304 4031 quomodo

193 4019 315 4108 studium
332 4023 387 4082 hoc
404 4024 665 4116 muliemm,1÷qood
680 4029 880 4118 superstitione
895 4029 1014 4090 mixtum
1033 4031 1115 4103 erat,
1130 4027 1196 4088 Deo
1214 4026 1304 4107 placu-

192 4105 255 4160 ἐπὶ.
293 4097 357 4177 Ege
376 4119 445 4173 vero
463 4121 523 4165 non
541 4100 652 4182 dubito,
680 4124 748 4182 qum
766 4125 875 4173 morem
893 4103 1018 4186 ungendi
1035 4115 1164 4167 mortuos
1184 4123 1200 4164 a
1218 4099 1304 4164 Patri-
1363 4119 1364 4172 t

191 4163 242 4227 bus
259 4181 404 4252 acceptum
424 4173 459 4235 ad
478 4199 557 4240 snum
579 4176 663 4239 linem
681 4176 854 4253 retulerint,¹
872 4189 904 4238 ut
922 4178 1142 4240 consolationem
1160 4179 1190 4238 in
1208 4175 1304 4236 m'ortis
1363 4191 1364 4198 ¹

104 4310 106 4314 .
190 4236 265 4297 luctu
284 4257 385 4332 exspe
403 4245 514 4314 laturae
532 4252 608 4314 vitae
624 4263 763 4332 peterent.
801 4256 942 4328 Peccasse'
955 4255 1065 4332 quidem
1089 4254 1195 4327 fateor,
1227 4251 1303 4328 quod

188 4324 247 4366 non
266 4325 358 4374 atatam
375 4332 569 4389 mentesanirts'
583 4328 733 4388 extulerint
751 4327 785 4388 ad
804 4329 881 4391 illam.
891 4329 1127 4407 praedictionem,
1161 4347 1245 4406 ‚quam
1259 4347 1301 4386 'ex
