2790 4764
129 216 132 224 ’
163 245 224 310 tta
435 239 548 304 sacr.
567 239 649 302 rvr.
687 257 764 304 ma
781 257 816 304 m
835 255 1035 306 murman·

165 393 323 480 expositum
346 392 402 454 tuis
424 412 441 452 a
462 389 559 454 multia
579 390 790 475 interpretibus.
836 381 1113 457 Generaliter'euim
1131 400 1162 453 et
1179 387 1293 452 confuse

163 483 310 556 putaramt,
333 469 502 530 coelibatum
520 467 644 560 praecipi
663 469 772 549 quoties
789 467 944 533 divortium
962 471 1069 532 lactum
1087 467 1188 530 tuerit:
1214 467 1294 529 itari

163 547 279 610 maritus
302 545 455 628 adulteram
475 543 620 618 reiiceret,
648 544 760 623 utrique
777 540 882 606 iniecta
906 557 949 608 est
968 547 1120 608 coelibatus
1138 543 1294 606 necessitas.

165 623 255 701 Quasi
282 642 352 684 vero
381 619 417 680 sit
444 618 513 680 men
540 618 651 701 repudii
680 618 808 695 libertas,
844 632 954 682 tantum
979 622 1014 682 ab
1039 641 1129 683 uxore
1152 620 1294 684 secubare:

164 699 242 784 quasi
267 698 349 759 etiam
373 693 502 760 Christus
524 715 584 756 nou
610 694 684 756 clare
708 696 738 760 in
760 696 812 758 bac
836 717 917 759 cama
940 696 1003 758 fieri
1048 699 1187 774 ermittat,
1242 696 1297 757 uod

162 774 323 860 promiscue
345 769 399 834 sibi
422 770 521 833 ludaei
542 793 596 856 pro
621 793 674 833 suo
697 772 817 834 arbitrio
842 795 875 834 us
929 793 977 834 are
1000 719 1077 834 soliti
1101 785 1192 834 mant.
1256 773 1298 833 uit

165 871 236 948 ergo
259 849 309 912 itte·
330 849 413 910 nimis
437 870 544 910 crassus
567 869 661 911 error:
688 869 754 912 nam
775 871 862 931 qurum
880 871 896 911 a
915 848 1010 910 ulterii
1028 850 1141 914 damnat
1160 849 1299 924 Cbristus,

237 925 412 1010 repudiatam
425 939 554 988 'uxorem
577 923 701 1000 duxerit,
728 925 862 1010 restringi
886 925 942 988 boc
965 926 1000 986 ad
1023 925 1120 986 illicita
1144 939 1174 987 et
1197 925 1300 990 friuola
1345 981 1347 986 .

163 951 285 1068 lllnrtta
310 1014 421 1066 ceram
442 1013 493 1064 est.
536 1001 607 1062 Ideo
627 1002 728 1065 Paulum
751 1023 867 1064 manere
890 1003 1021 1083 innuptas
1043 1001 1235 1093 iubet-,uuae
1258 1002 1300 1064 sic

933 1079 941 1096 Ο

162 1079 431 1156 diuinassent,
452 1079 588 1142 nutriris
606 1079 664 1141 suis
682 1079 873 1156 reconciliari,
895 1101 964 1236 ppt)
975 1077 1084 1141 scilicet
1102 1099 1170 1138 rurs
1192 1090 1222 1140 et
1240 1080 1301 1141 dis·-

164 1159 240 1222 sidiis
262 1179 325 1220 non
347 1157 478 1220 aboletur
500 1156 663 1238 coniugium
687 1155 731 1233 (I.
751 1156 822 1218 Cor.
842 1161 875 1234 7,
965 1199 973 1214 .
1016 1155 1051 1216 Id
1090 1174 1106 1215 e
1127 1152 1240 1214 elicitur
1263 1175 1300 1216 ex
1322 1177 1328 1197 ¹

163 1239 273 1309 Marco,
286 1234 345 1295 ubi
362 1232 530 1294 nominatim
549 1253 582 1293 ex
603 1232 714 1298 sinitur
732 1253 805 1294 uxor
823 1253 894 1313 quae
909 1229 1038 1294 amarito
1071 1230 1219 1306 iscesserit,
1236 1251 1299 1291 non

163 1312 241 1395 quod
258 1311 380 1374 liberum
398 1254 638 1372 institutoribus
656 1309 722 1371 dare
739 1309 845 1372 maritis
863 1310 973 1391 repudii
991 1307 1129 1382 libellum,
1153 1304 1208 1396 uisi
1266 1327 1313 1366 aa·

162 1402 247 1454 tenus
265 1389 296 1447 in
315 1396 428 1447 exteros
446 1405 541 1446 mores
559 1385 683 1468 prolapsi
702 1398 782 1448 eram
800 1387 908 1448 ludaei:
928 1386 978 1448 sed
996 1395 1098 1446 notare
1116 1381 1206 1447 volunt
1218 1385 1236 1443 ll
1250 1405 1298 1442 ar-

164 1487 230 1540 cus,
248 1460 452 1544 corruptelam,
472 1479 543 1552 iprae
562 1471 630 1523 tunc
649 1463 750 1544 passim
768 1463 833 1524 trita
853 1474 921 1540 erat,
940 1459 1109 1546 reprebendi
1126 1481 1143 1520 a
1161 1459 1308 1534 Domino,

163 1539 242 1622 quod
262 1550 332 1631 post
353 1537 512 1620 voluntaria
537 1537 659 1598 divortia
681 1539 816 1619 auinque
834 1541 870 1600 ad
888 1561 997 1604 novum
1015 1537 1180 1624 coniugium
1197 1537 1299 1598 transi-

162 1619 242 1680 bants
260 1613 326 1677 ideo
344 1611 477 1678 adulterii
495 1610 572 1676 nulla
587 1613 620 1674 tit
636 1614 712 1695 apud
730 1635 796 1678 eunt
813 1616 932 1678 mentio.

166 1939 171 1954 ‘
243 1945 343 2028 (157.)
382 1939 665 2022 MATTH.,X1X.
691 1943 760 2008 -1⁰.
795 1943 919 2010 Dicunt
945 1943 1172 2037 ei'discipuli,
1198 1951 1235 2016 st
1255 1953 1299 2018 ita

107 2045 109 2054 ⁴
160 2043 266 2116 babet
283 2069 379 2116 causa
407 2047 546 2115 bominis
575 2067 647 2114 cum
673 2067 790 2128 uxore,
819 2067 889 2114 nou
909 2047 1036 2136 expedit
1056 2055 1297 2122 matrimonium

161 2153 357 2242 cputrabcra.
399 2139 451 2218 11.
474 2151 544 2239 Qui
562 2149 639 2218 (lixit
657 2147 731 2228 illis,
752 2149 831 2218 Nou
852 2169 964 2217 omncs
987 2173 1119 2239 capaces
1141 2168 1218 2223 sunt
1237 2157 1298 2224 bus

160 2257 212 2324 ius
235 2255 320 2337 dicti,
341 2251 401 2321 sed
423 2253 541 2344 quibus
564 2251 671 2318 datum
694 2262 751 2319 cst.
794 2251 845 2318 12.
868 2251 950 2318 Sunt
966 2255 1052 2320 enim
1069 2259 1216 2340 eunuchi,
1238 2265 1297 2348 qui

160 2357 203 2428 de
223 2361 333 2426 matris
355 2367 449 2426 utero
471 2358 519 2424 sio
540 2359 606 2424 nati
627 2366 716 2422 suut:
739 2365 770 2424 et
792 2365 865 2422 suut
882 2357 1035 2450 'eunuchi
1056 2361 1113 2446 qui
1127 2359 1205 2426 lacti
1221 2370 1298 2428 sunt

99 2515 102 2525 .
161 2465 301 2548 enpucbi
321 2459 364 2529 ab
385 2459 584 2529 bominibus:
612 2470 644 2527 et
665 2469 740 2526 sunt
759 2451 911 2540 eunuchi,
932 2463 1044 2548 quise
1066 2464 1155 2550 ipsos
1177 2473 1299 2528 castra-

159 2575 277 2634 verunt
297 2575 432 2654 propter
451 2585 586 2653 reguum
607 2562 783 2668 coelorum.
816 2562 885 2650 Qui
908 2571 1016 2651 potest
1037 2563 1160 2654 sapere,
1182 2567 1296 2654 capiat,

235 2822 360 2889 Perinde
386 2824 443 2888 acsi
466 2823 563 2908 iniqua
586 2825 713 2888 virorum
737 2815 865 2886 conditio
888 2825 984 2887 lutura
1001 2820 1053 2904 sit,
1082 2821 1107 2890 si
1130 2828 1169 2890 ita
1191 2819 1296 2910 alligati

159 2903 218 2966 sint
239 2902 388 2976 uxoribus,
416 2913 463 2978 ut,
546 2923 575 2962 m
598 2901 646 2962 diu
669 2899 788 2981 pudicae
805 2899 927 2976 fuerint,
946 2915 1086 2986 cogantur
1104 2904 1211 2986 reliqua
1228 2925 1294 2986 per⁴

68 3008 70 3012 ¹
159 2981 238 3044 terre
282 2979 355 3042 otius
378 2997 462 3058 quam
484 2923 544 3040 allla
544 2977 596 3040 illis
621 2975 777 3052 discedant,
801 2976 857 3038 boc
877 2977 984 3040 Christi
1002 3000 1140 3062 responso
1160 2979 1295 3041 commoti

160 3001 290 3140 discipuli
313 3053 472 3135 excipiunt,
499 3052 600 3114 mrbus
625 3073 687 3114 esse
706 3073 803 3115 carere
821 3054 955 3122 uxoribus
975 3076 1058 3136 quam
1075 3056 1194 3118 induere
1211 3056 1295 3121 talem
1387 3137 1388 3140 Ἴ

160 3131 301 3213 laquemn.
339 3133 398 3194 Sed
421 3151 473 3192 cur
494 3149 555 3190 non
578 3127 700 3190 vicissim
724 3131 900 3211 expendunt,
930 3153 1013 3212 quam
1032 3133 1102 3193 dura
1120 3134 1156 3194 sit
1174 3152 1294 3212 uronuu

159 3209 293 3286 servitus,
321 3209 376 3271 nisi
399 3206 464 3288 quia
486 3205 541 3267 sibi
560 3215 590 3266 et
608 3205 730 3286 propriis
749 3206 905 3270 commodis
924 3208 1050 3270 addictos
1068 3208 1185 3290 impellit
1204 3207 1295 3271 caruis

160 3299 274 3360 sensus,
303 3296 337 3345 ut
358 3284 417 3345 aliis
441 3280 579 3366 neglectis
602 3292 713 3342 tantum
736 3281 791 3344 sibi
809 3281 883 3344 bene
902 3283 1064 3345 counrltum
1084 3307 1144 3348 esse
1162 3281 1294 3365 cupiant?

159 3359 280 3449 lutepim
298 3381 329 3421 se
346 3357 443 3439 prodit
460 3358 547 3439 impia
565 3357 748 3442 ingratitudo,
768 3360 845 3440 quod
864 3358 1038 3421 incommodi
1056 3356 1138 3423 unius
1157 3373 1236 3424 metu
1248 3359 1294 3423 vel

158 3433 254 3496 nediu
273 3435 317 3496 sin
358 3436 415 3496 lare
432 3433 489 3496 Dei
507 3433 614 3496 domun
632 3445 779 3515 respuunt
807 3426 901 3505 Satius
921 3447 964 3497 est
978 3438 1131 3498 secundum
1146 3458 1203 3513 aas,
1221 3459 1295 3500 con·

158 3509 268 3604 iugium
287 3532 303 3571 e
328 3532 416 3594 ugere
434 3531 517 3592 quam
535 3533 566 3572 se
584 3509 742 3591 astringere
759 3521 913 3591 perpetuae
930 3511 1071 3574 societatis
1084 3513 1212 3605 rinculp.
1229 3515 1294 3576 'Ata

158 3610 210 3671 qm
234 3585 258 3647 si
281 3587 446 3668 coniugium
468 3583 591 3650 instituit
608 3588 688 3649 Deus
706 3587 737 3646 in
756 3606 937 3648 communem
956 3589 1071 3650 humani
1111 3611 1201 3653 sumus
1221 3589 1311 3652 salu-¹
1355 3639 1357 3647 s

111 3725 115 3733 ,
159 3678 234 3739 tem,
251 3662 330 3724 ‘licet
356 3662 490 3744 quaedam
517 3661 610 3735 minus
633 3675 713 3746 grata
735 3683 830 3726 secum
856 3663 964 3741 trabat,
991 3685 1052 3726 non
1074 3612 1140 3729 ileo
1182 3667 1294 3728 rotinus

159 3739 349 3824 spernendum
368 3749 419 3801 esa
458 3738 615 3800 Dacium
627 3761 706 3823 ergo,
726 3738 750 3800 si
768 3739 884 3832 quidin
894 3741 952 3802 Dei
968 3740 1112 3820 beneficiis
1130 3689 1214 3805 nolis
1233 3761 1292 3804 non

101 3875 111 3900 ,
158 3819 278 3894 arridet,
301 3837 362 3879 non
387 3825 445 3876 um
462 3814 530 3876 lauti
550 3837 611 3880 esse
629 3837 662 3878 ac
681 3833 801 3891 morosa,
826 3816 895 3898 quin
914 3831 1079 3881 reverenter
1097 3819 1150 3883 illis
1169 3832 1292 3883 ntamnrs

157 3893 330 3958 Praesertim
348 3893 430 3956 nobis
449 3891 480 3952 in
498 3903 597 3954 sancto
617 3891 752 3976 coniugio
773 3893 896 3955 cavenda
915 3906 958 3956 est
975 3895 1044 3958 baec
1061 3895 1195 3978 pravitas:
1227 3917 1292 3958 narn

159 3971 225 4050 quia
248 3969 343 4042 multis
366 3967 501 4032 molestiis
521 3967 561 4028 im
582 3959 687 4030 licrlunr
710 3979 765 4044 est,
789 3990 847 4032 sem
868 3991 902 4030 er
921 3983 1038 4033 conatu
1057 3985 1100 4034 est
1118 3975 1205 4034 Satan
1224 3975 1291 4035 odio

160 4055 191 4134 et
212 4046 326 4135 iptamia
348 4065 480 4132 gravare,
506 4057 539 4106 ut
558 3991 685 4107 luminas
704 4045 738 4106 ab
760 4065 795 4108 eo
820 3991 999 4110 subduceret
1041 4051 1080 4111 Et
1098 4049 1290 4132 Hieronymus

88 4143 100 4156 ·
158 4136 242 4185 maus
265 4121 440 4186 luculentum
460 4120 576 4218 maligni
597 4121 783 4216 perversique
800 4121 909 4207 ingenii
959 4126 1070 4203 ,mimen
1088 4125 1120 4185 in
1139 4145 1174 4187 eo
1195 4125 1290 4200 edidit,
1343 4147 1345 4162 ·

147 4195 237 4282 -quod
258 4216 319 4260 nou
341 4211 452 4264 tantuna
475 4198 619 4263 calumniis
642 4199 762 4283 exagitat
785 4220 895 4262 sacrum
919 4201 926 4217 '
946 4221 994 4262 um
1018 4201 1196 4266 ettdivinum
1215 4203 1292 4266 vitae

161 4263 303 4349 ordinem,
329 4276 378 4338 sed
397 4297 578 4360 quascunque
596 4286 691 4358 potest
710 4295 744 4336 ex
762 4276 888 4357 prolenis
912 4278 1074 4340 auctoribus
1091 4279 1221 4350 toraoptes
1240 4299 1291 4341 aca

161 4339 297 4422 emolat,
318 4366 392 4429 quae
410 4353 470 4420 eius
482 4353 665 4456 'maceston
682 4351 854 4420 suemus
894 4346 988 4421 Nobis
1004 4355 1145 4428 antonin
1163 4367 1290 4418 montem
