2796 4774
176 199 216 264 8²
387 195 498 258 SECT.
516 191 599 252 xm.
640 204 806 252 smuoruss
831 205 873 252 nn
892 204 1093 254 amaneum.

177 369 242 414 suae
260 347 427 410 tolerantiae
445 343 585 405 munnam
604 353 743 404 constare.
785 342 855 418 Quo
871 344 1065 424 compescitur
1082 343 1305 410 bumanaten'ae-
1387 323 1388 328 ἵ

177 427 258 502 ritas,
275 445 313 484 ne
352 423 392 484 uis
412 441 521 482 summo
540 419 667 480 omnium
686 417 775 480 Indici
793 418 959 499 obstrepere
978 421 1091 495 audeat,
1111 421 1135 482 si
1153 443 1213 483 non
1229 446 1306 485 sem-

197 521 229 562 er
247 521 320 581 aequ
355 499 385 558 ili
403 498 491 559 modo
510 495 613 557 indicia
625 514 679 556 'sua
695 495 879 576 exsequitur„
905 495 1058 558 Caeterum
1073 498 1119 559 bic
1133 502 1305 582 comparatio

175 525 208 640 it
225 576 300 636 inter
317 575 462 637 dominum
482 585 512 634 et
530 572 668 646 villicum,
688 593 748 630 non
767 571 830 651 quia
848 571 905 630 Dei
923 573 1044 633 ministri
1058 573 1135 635 illum
1155 576 1306 638 clementia

177 667 207 716 et
226 652 440 714 mansuetudine
463 663 610 730 superent,
635 649 685 709 scd
709 648 774 731 quia
793 647 934 709 Dominus
957 670 1019 710 non
1037 662 1148 714 tantum
1171 665 1307 734 peccato-

176 731 254 793 ribus
272 729 357 790 vitam
377 738 530 808 prorogat,
553 725 602 786 sed
619 745 669 786 eos
686 745 799 806 quoque
822 724 905 788 variis
928 725 1020 787 nodis
1045 728 1163 807 excolit,
1187 741 1220 790 ut
1244 749 1306 790 me·

177 809 278 869 liorem
297 803 421 866 fructum
440 803 558 866 eliciat·
652 819 657 832 ·
996 803 999 812 '

262 968 370 1051 (116.)
385 965 484 1034 LUC.
499 966 584 1031 XIII.
607 967 659 1030 10.
671 961 821 1030 Docebat
832 973 937 1030 autem
948 968 981 1030 in
995 987 1060 1031 una
1071 957 1309 1054 synagogarum

177 1069 330 1166 sabbatis.
374 1072 425 1136 11.
452 1071 496 1135 Et
521 1091 597 1134 ecce
622 1067 752 1155 mulier,
780 1057 1022 1158 quaejhabebat
1047 1071 1192 1156 spiritum
1215 1072 1308 1136 intir-

176 1177 291 1241 mitatis
314 1177 405 1240 annis
427 1173 615 1253 octodecim,
638 1183 768 1259 eratque
790 1181 958 1250 eontracta,
980 1193 1041 1236 neo
1062 1175 1192 1238 omniuo
1215 1171 1309 1260 p'ote-
1388 1249 1389 1252 Ἴ

176 1287 226 1344 rat
243 1280 367 1364 erigere
383 1287 487 1364 eaput.
532 1277 582 1340 12.
598 1275 711 1360 Quam
727 1295 824 1362 quum
834 1273 961 1338 videret
973 1275 1071 1357 Iesus,
1093 1276 1222 1342 vocavit
1236 1297 1309 1339 eam

177 1379 218 1446 ad
236 1403 279 1459 se,
297 1392 328 1444 et
340 1382 382 1443 ait
398 1372 453 1456 illi,
468 1377 596 1456 Mulier,
618 1375 751 1442 liherata
767 1397 800 1458 es
823 1373 863 1440 ab
881 1374 1060 1453 infirmitate
1082 1388 1145 1444 tua.
1191 1367 1247 1442 131
1263 1377 1309 1442 Et

175 1485 329 1569 imposuit
357 1481 405 1544 Illi
426 1501 553 1558 manus,
580 1490 611 1545 et
632 1481 798 1548 confestim
828 1488 932 1544 erecta
960 1491 1021 1560 est,
1050 1491 1081 1546 et
1107 1477 1309 1566 glorificabat

130 1596 139 1617 ‘
176 1586 293 1650 Deum.
336 1585 390 1646 lt.
412 1581 625 1668 Respondeas
654 1593 757 1646 autern
773 1582 922 1668 princeps
934 1603 1116 1670 synagogae
1136 1582 1306 1668 indignans

141 1745 143 1752 ,
177 1685 265 1776 quod
289 1683 424 1750 sabbato
447 1695 589 1750 sanasset
610 1687 714 1766 Iesus,
743 1671 870 1750 dicebit
892 1683 1018 1764 turbae,
1046 1687 1109 1752 Sex
1131 1683 1201 1752 dies
1223 1692 1306 1776 sunt,

96 1827 132 1880 ,¹
175 1788 350 1877 inquibus
378 1797 511 1874 oportet.
533 1789 672 1872 operam:
703 1789 736 1852 in
758 1786 807 1850 bis
834 1808 911 1874 crgo
939 1791 1062 1864 venite,
1089 1797 1119 1854 et
1146 1786 1307 1861 saneririni,

135 1919 143 1942 ν
177 1903 208 1959 et
228 1914 296 1958 uon
317 1893 350 1953 in
371 1889 423 1964 dle
445 1887 579 1953 sabbati.
623 1889 674 1956 15.
696 1888 913 1980 Respondeas
936 1899 1039 1955 autem
1061 1889 1101 1954 ad
1122 1887 1308 1956 illumDo·

175 1987 297 2072 minus,
319 1990 408 2071 dixit,
429 1993 624 2078 Hypocrita,
646 1993 869 2078 unusquisque
890 2003 1030 2058 vestrum
1046 1991 1181 2059 sabbato
1196 2009 1307 2059 nonne
1390 2005 1391 2028 ²

176 2095 272 2162 solvit
293 2093 411 2159 bovem
431 2115 525 2158 suum
547 2103 602 2158 aut
619 2085 743 2157 ‘resinam
763 2117 781 2158 a
802 2093 1013 2182 praesepi,‘et
1035 2095 1123 2159 ducit
1144 2095 1308 2181 aquatum?
1390 2095 1391 2098 ’

162 2201 230 2264 ,lo
252 2199 345 2262 Hanc
366 2206 469 2262 autem
491 2177 589 2261 filiam
611 2194 774 2274 Abrahae,
796 2217 891 2284 quam
913 2196 1053 2282 alligavit
1074 2198 1206 2262 Satanas
1230 2215 1307 2260 ecoe

146 2347 150 2356 ι
178 2301 359 2369 octodecIm
382 2301 488 2374 annis,
511 2320 579 2364 non
602 2301 745 2386 oportuit
767 2297 852 2366 solvi
875 2321 893 2364 a
915 2298 1044 2365 vinculo
1067 2301 1129 2363 isto
1158 2289 1210 2362 die
1232 2294 1307 2362 sab-

176 2405 262 2473 bati?
306 2405 357 2469 17.
379 2406 420 2470 Et
442 2423 541 2490 quum
562 2402 642 2466 haee
665 2399 792 2480 diceret,
814 2399 1044 2467 erubescebant
1058 2421 1170 2466 omnes
1193 2398 1308 2463 adver-

175 2512 250 2574 sarii
279 2511 360 2586 eius,
388 2516 419 2571 et
441 2507 545 2573 omnis
576 2502 719 2592 populus
746 2503 905 2592 gaudebat
939 2527 1035 2592 super
1063 2501 1211 2569 omnibus
1239 2521 1306 2565 ma·

175 2611 317 2696 guitiois,
345 2629 428 2694 quae
450 2598 572 2674 fiebant
593 2603 643 2672 ab'
656 2609 738 2694 ipso.

251 2793 318 2856 Iius
342 2809 402 2850 uno
426 2801 562 2850 contextu
585 2787 694 2850 relerre
717 2790 815 2864 statui,
839 2812 910 2868 quae
937 2793 1051 2872 sparsim
1075 2791 1209 2872 leguntur
1231 2789 1304 2869 apud

175 2869 265 2930 solnm
284 2869 391 2926 Lucam
410 2865 470 2924 sine
495 2885 624 2958 expressa
647 2866 781 2942 tempor-Is
808 2868 970 2942 mentione,
998 2867 1079 2926 sicuti
1098 2867 1203 2928 bacin
1223 2876 1303 2946 parte

174 2948 253 3007 Euan
276 2943 366 3004 elistas
385 2961 484 3032 parum
504 2941 588 3000 sursse
608 2939 734 3029 curiosos
752 2939 816 3000 alibi
836 2940 962 3001 diximus.
1000 2943 1102 3002 Postea
1121 2944 1155 3002 ad
1175 2963 1302 3004 commu-

175 3045 242 3084 nem
287 3037 443 3079 armonram
471 3016 659 3097 opportunior
682 3025 737 3075 emt
757 3015 871 3076 reditus.
914 3018 971 3078 Hic
994 3017 1118 3078 refertur
1140 3017 1303 3078 miraculum

175 3099 205 3159 in
223 3098 342 3158 muliere
360 3106 467 3168 sanata,
487 3105 516 3153 et
535 3091 658 3152 offensio
677 3091 799 3174 maligne
819 3107 955 3176 concepta
974 3117 989 3154 a
1008 3094 1127 3170 Iudaeis,
1147 3097 1222 3175 quod
1241 3093 1303 3153 sab·

171 3175 242 3236 bato
263 3195 322 3234 eam
343 3171 483 3232 Dominus
503 3181 633 3230 sanasset.
672 3169 749 3229 Dicit
758 3171 859 3246 Lucas,
878 3171 1024 3232 mulierem
1043 3171 1184 3232 detentam
1203 3169 1302 3250 spiritu

175 3248 357 3322 infirmitatis,
383 3260 415 3306 ut
443 3267 477 3306 ex
505 3267 658 3320 nervorum
687 3245 883 3307 contractione
911 3248 1060 3309 incurvum
1089 3259 1163 3308 esset
1187 3267 1240 3322 cor
1260 3267 1300 3306 us.

177 3327 254 3402 Quia
273 3324 395 3418 speciem
416 3322 510 3382 morbi
528 3321 608 3382 aliter
626 3341 686 3382 non
705 3322 844 3404 designat,
863 3325 1013 3385 verisimile
1039 3331 1094 3399 est,
1110 3326 1181 3384 ·n'on
1198 3268 1302 3403 suiga-

175 3403 349 3476 rem'sursse,
371 3398 415 3458 vel
435 3398 512 3459 cuius
528 3398 599 3458 ratio
619 3399 733 3458 medicis
752 3409 904 3461 constaret:
926 3401 990 3460 ideo
1008 3413 1094 3461 vocat
1114 3401 1301 3478 infirmitatis
1333 3469 1335 3476 Ι

175 3481 324 3556 spiritum.
363 3476 472 3537 Scimus
493 3474 582 3548 enim,
601 3474 703 3534 diaboli
723 3496 740 3534 ο
762 3495 809 3535 era
827 3488 860 3535 ut
878 3477 1027 3563 plurimum
1039 3477 1154 3538 insolitis
1168 3476 1253 3551 malis,
1272 3485 1301 3534 et

175 3575 236 3614 uon
260 3553 429 3614 naturalibus
447 3551 537 3633 affligi
558 3550 696 3611 homines.
737 3495 805 3626 Duo
833 3553 931 3613 clarius
958 3553 1058 3613 enituit
1082 3553 1174 3614 divina
1196 3551 1300 3612 Christi

173 3631 279 3706 uirtus,
299 3649 370 3709 quae
389 3629 424 3688 de
443 3629 544 3686 Satana
562 3628 736 3711 triumphum
757 3628 826 3708 egit:
846 3651 905 3690 non
926 3630 1001 3710 quod
1012 3631 1096 3690 Satan
1115 3650 1168 3708 pro
1187 3649 1238 3689 suo
1256 3649 1300 3688 ar-

107 3725 113 3748 ¹
175 3705 441 3780 bitriodomInetur
458 3703 489 3762 in
507 3703 651 3778 homines,
673 3705 721 3764 sed
740 3716 875 3782 quatenus
894 3705 1017 3765 nocendi
1036 3700 1150 3764 facultas
1169 3704 1209 3763 illi
1229 3703 1298 3764 divi-

177 3785 252 3844 nitus
272 3781 445 3842 conceditur.
486 3779 636 3840 Caeterum
660 3781 894 3858 quemadmodum
913 3781 1070 3854 Dominus,
1092 3803 1178 3859 quum
1201 3780 1298 3840 unicus

176 3862 213 3923 sit
232 3860 375 3920 bonorum
394 3857 520 3916 omnium
539 3867 650 3930 auctor,
669 3869 763 3916 tamen
782 3857 813 3915 in
831 3857 973 3932 beneficiis
986 3856 1179 3949 singularibus,
1199 3867 1228 3916 et
1240 3855 1298 3914 ani-

99 3943 102 3962 '
177 3959 230 3998 mas
247 3933 353 3996 usitatis
372 3931 489 4014 gloriam
508 3953 585 3991 suam
605 3933 755 4014 praecipue
774 3933 905 4005 illustrat,
930 3932 969 3992 sio
988 3932 1110 3992 vicissim
1130 3933 1188 3994 vim
1207 3943 1298 4012 etty-

136 4051 145 4064 =
176 4013 320 4074 rannidem
346 4013 464 4070 Satanae
493 4007 530 4066 in.
553 4003 776 4068 extraordinariis
806 4009 921 4090 flagellis
938 4007 1062 4067 maxime
1086 4010 1150 4070 vult'
1169 4009 1297 4092 agnosci,
1390 4067 1392 4072 .

178 4089 303 4168 quamvis
327 4087 386 4146 eius
410 4106 496 4148 manu
519 4095 613 4143 utatur
639 4085 779 4145 etiamad
803 4085 879 4148 leves
905 4084 1019 4161 luridas,
1044 4085 1145 4165 quibus
1173 4085 1298 4165 quotidie
1390 4123 1391 4132 κ

177 4182 232 4225 nos
248 4165 373 4247 'castigat
434 4185 452 4230 χ

254 4243 300 4302 12.
333 4240 459 4308 Malim,
479 4238 609 4296 liberata
627 4259 668 4296 es.
706 4238 742 4296 In
761 4237 816 4298 hoc
834 4201 990 4313 miraculo,
1004 4237 1083 4300 sicuti
1097 4238 1132 4296 -in
1145 4236 1225 4312 salu,
1241 4249 1297 4296 tam
1391 4225 1392 4280 ]

117 4295 121 4304 ¹
176 4316 321 4394 potentiae
338 4313 558 4396 suae‘specimen
574 4333 656 4396 quam
671 4315 775 4399 gratiae
792 4315 917 4376 exhibuit
931 4315 1122 4377 Christmzse
1142 4314 1216 4375 enim
1234 4313 1297 4374 ideo
