2830 4772
438 207 592 282 (bill-2
631 206 707 268 lesus
727 103 861 287 cripitur.)
1000 269 1002 278 .
1155 211 1212 274 831

39 395 41 402 ν
78 380 156 420 num
175 355 292 420 terroris
314 356 504 448 spectaculum
528 355 667 438 discipulis
688 356 830 420 obiectum
851 357 921 432 fuit,
946 357 1027 420 simul
1045 367 1139 420 tamen
1157 360 1212 421 oh·
1309 377 1311 385 ’

80 431 242 505 latumesl
259 429 375 492 fiduciae
395 433 604 516 argumentum,
624 453 681 513 quo
701 455 731 494 se
751 435 899 515 erigerent,
919 455 1004 516 quum
1023 434 1090 510 nihil
1110 435 1212 501 tonui-

80 526 149 574 tum
169 509 214 590 agi
234 509 307 570 resi
327 529 355 568 sa
381 511 554 583 ostenderet,
577 530 610 570 ac
644 507 751 571 Christi
773 510 925 590 praedictio
949 533 998 574 eos
1021 511 1155 594 dirigeret
1177 513 1212 574 ad

81 587 284 666 speculandam
306 529 427 646 beitatis
449 586 507 646 eius
529 585 661 669 gloriam.'
678 584 765 660 Quod
784 597 877 646 autem
895 609 911 648 a
928 587 1120 650 sacerdotibus
1130 587 1212 650 missa

82 663 142 724 tuit
161 661 372 736 armataturha,
391 662 466 741 quod
486 662 567 722 etiarn
586 661 732 728 tribunum
760 674 795 722 et·
815 661 961 738 cohortem
983 664 1110 744 precario
1133 685 1212 726 sum·

83 751 208 822 pserunt
226 759 242 798 a
260 737 366 811 Pilato,
395 738 460 800 hinc
483 749 609 820 apparet,
638 737 708 798 mala
727 737 896 813 conscientia
916 739 1055 818 perculsos
1075 740 1161 802 fuisse
1178 761 1211 802 ac

87 825 222 889 vexatos,
243 825 273 874 ut
292 813 386 874 omnia
404 815 513 896 trepide
533 824 659 896 agerent.
700 813 844 890 Quorsum
857 814 939 894 ,enim
956 816 991 874 ad
1006 815 1145 878 Christum
1164 831 1212 878 cat-

84 890 223 974 piendnm
242 890 325 952 tantis
345 890 432 972 copiis
451 911 522 970 opus
537 889 603 965 luit,
624 909 708 970 quem
725 889 850 952 sciebant
869 888 946 950 nullo
970 911 1109 954 armorum
1127 913 1211 974 prae·

86 967 164 1028 sidio
183 967 320 1026 munitum
345 966 421 1029 esse?
459 967 536 1027 llinc
561 987 630 1058 ergo
654 977 710 1026 tam
735 965 868 1028 sollicitus
891 978 1047 1058 apparatus,
1075 971 1151 1047 quod
1169 969 1212 1030 di.

86 1043 158 1104 vina
178 1042 283 1104 Christi
300 1043 402 1116 virtus,
426 1064 509 1122 quam
534 1041 628 1102 multrs
652 1041 827 1104 documentis
850 1055 940 1103 coacta
965 1041 1075 1103 fuerant
1099 1044 1212 1120 sentire,

86 1119 169 1180 intus
193 1119 267 1200 ipsos
289 1119 453 1196 torquebat:
491 1118 540 1179 sed
565 1139 599 1176 ex
622 1117 709 1178 altera
728 1130 810 1198 parte
828 1117 1006 1201 prodigiosus
1025 1117 1145 1199 emergit
1162 1139 1213 1178 eo-

85 1217 155 1256 rum
171 1194 266 1330 guqqr,
285 1197 361 1274 quod
379 1215 521 1256 armornm
539 1193 666 1276 potentia
685 1193 752 1256 freti
777 1196 924 1256 adversum
950 1195 1043 1256 Deum
1067 1193 1214 1276 insurgere

87 1292 151 1332 non
191 1295 210 1329 u=
230 1281 309 1330 stant.
405 1323 408 1331 .

167 1351 214 1412 48.
256 1347 316 1438 ραι·
332 1367 400 1406 cero
418 1347 561 1424 prodebat
580 1367 654 1407 eum.
697 1345 764 1408 Non
792 1345 906 1422 dubito,
930 1345 997 1428 quin
1016 1343 1062 1408 vel
1080 1365 1214 1408 reveren·
1247 1351 1250 1355 ’

88 1422 131 1494 tia
149 1423 267 1484 Domina
285 1422 331 1484 vel
356 1421 466 1484 sceleris
491 1421 534 1484 sui
556 1422 664 1504 pudore
689 1422 827 1484 chhibitns
846 1422 930 1484 luerit
954 1421 1047 1497 Iudas,
1075 1434 1108 1482 nt
1125 1422 1214 1504 palam

89 1519 155 1560 nou
173 1499 290 1558 auderet
307 1519 338 1558 se
357 1519 443 1558 unum
463 1518 497 1557 ex
516 1499 642 1560 hostibus
660 1499 799 1580 profiteri:
814 1499 882 1578 ¹imo
902 1500 977 1578 quod
995 1498 1067 1582 apud
1087 1501 1214 1564 Marcum

90 1573 194 1634 milites
213 1569 360 1648 admonet,
379 1583 412 1633 ut
433 1596 498 1634 eum
517 1585 605 1635 cnuto
622 1577 778 1647 deducant,
798 1575 862 1636 ideo
882 1573 984 1635 lactum
1005 1596 1064 1637 esse
1083 1573 1214 1652 conicio,

90 1649 158 1732 quia
177 1649 312 1710 memoria
329 1649 456 1724 tenebat,
480 1673 561 1730 quam
580 1651 672 1725 multis
691 1651 867 1714 documentis
906 1651 1030 1713 rohasset
1048 1651 1112 1712 alias
1130 1651 1215 1714 Chri·

91 1740 152 1788 stus
167 1726 289 1786 divinam
308 1747 385 1786 snam
405 1727 545 1788 virtutem.
562 1721 565 1733 ’
584 1729 641 1790 Sed
658 1721 729 1790 mira
748 1727 861 1788 interint
881 1672 1020 1789 clementia
1038 1727 1100 1803 suit,
1121 1727 1167 1788 vel
1184 1745 1215 1788 se

93 1801 237 1864 occultare
262 1801 361 1865 frivola
385 1802 574 1878 simulatione,
599 1827 685 1886 quum
707 1803 737 1864 in
762 1803 825 1864 Filii
845 1803 901 1864 Dei
919 1816 1100 1884 conspectum
1119 1802 1215 1886 prodi-

93 1891 154 1956 ret,
175 1877 220 1938 vel
238 1878 389 1943 immensae
410 1881 469 1940 eins
508 1881 630 1942 otentiae
649 1900 794 1961 opponere
814 1879 958 1940 hominum
979 1879 1147 1942 industriam.
1209 1905 1221 1948 χ

171 1959 224 2020 ibe
257 1956 321 2016 Are
337 1959 441 2016 natta
479 1902 548 2018 lion
572 1955 687 2033 dubito,
710 1957 776 2036 quin
801 1957 883 2017 Iudas
906 1955 984 2037 qnasi
1007 1957 1132 2036 trepidus
1152 1958 1215 2018 Ma-

95 2030 177 2114 gistri
201 2029 326 2110 pertento
349 2031 556 2114 misericordiae
578 2034 711 2096 allectum
743 2032 783 2094 bis
811 2031 904 2094 verbis
928 2031 1112 2094 simulaverit:
1149 2031 1215 2095 ideo

96 2107 170 2188 apud
187 2109 315 2172 Marcum
335 2108 499 2190 exprimitur
516 2110 655 2190 pathetica
673 2108 958 2189 repetitio„Robbi,·
972 2110 1078 2188 Reddi.
1115 2109 1217 2186 Quan-

96 2204 179 2263 quam
203 2183 278 2243 enim
302 2203 366 2246 eum
390 2183 508 2269 urgebat
528 2185 631 2247 Christi
655 2185 795 2259 maiestas,
823 2183 862 2245 sic
880 2197 972 2245 tamen
993 2183 1116 2245 diabolus
1135 2184 1218 2248 lasci·

96 2270 211 2320 naverat
229 2259 286 2320 eius
304 2270 439 2335 mentem,
463 2274 496 2322 ut
514 2261 655 2341 perfidiam
673 2282 749 2321 suam
768 2259 866 2320 osculo
890 2272 919 2320 et
937 2260 1092 2322 verborum
1111 2258 1218 2320 blandi·
1292 2304 1294 2310 ,

99 2336 144 2398 tiis
168 2335 258 2416 probe
282 2337 397 2397 celatam
421 2337 583 2400 confideret.
624 2339 701 2398 llaec
724 2335 810 2419 igitur
838 2335 965 2398 salutatio
990 2336 1036 2400 vel
1057 2335 1219 2397 acclamatio

98 2411 296 2494 compassionis
319 2412 374 2472 tuit
418 2424 564 2474 raetextus.
607 2415 686 2474 ldem
712 2424 741 2474 et
761 2413 796 2472 de
815 2411 912 2473 osculo
930 2411 1039 2474 sentIo:
1070 2412 1123 2476 etsi
1142 2409 1218 2486 enim

98 2509 160 2549 mos
179 2488 241 2548 satis
261 2485 343 2548 tritus
359 2433 468 2552 talaris
488 2487 540 2548 tuit
559 2489 664 2550 amicos
677 2487 775 2550 osculo
794 2484 935 2570 excipere,
955 2487 1018 2570 quia
1035 2499 1129 2562 tamen
1149 2509 1219 2568 pau-

99 2564 128 2624 lo
146 2575 213 2632 ante
231 2585 247 2622 a
268 2561 382 2624 Christo
402 2565 563 2626 discesserat
580 2565 675 2638 Iudas,
700 2564 811 2626 videtur
829 2582 906 2624 nuuc
925 2566 1003 2646 quasi
1022 2564 1149 2645 periculo
1170 2585 1218 2626 re-

99 2651 187 2722 pente
206 2638 398 2717 expavefactus
422 2652 576 2702 extremum
600 2641 725 2703 osculum
740 2641 877 2724 Magistro
894 2640 1052 2732 porrigere.
1089 2640 1134 2704 Ita
1152 2661 1220 2724 spe-

102 2715 144 2778 cie
166 2714 274 2807 pietatis
292 2714 414 2794 reliquos
432 2729 558 2800 superat,
584 2717 650 2780 dum
674 2717 784 2780 videtur
803 2737 958 2812 aegerrrme
976 2739 992 2778 a
1013 2716 1148 2800 Magistro
1167 2737 1223 2778 suo

101 2791 193 2854 avelb:
222 2791 334 2855 interius
353 2813 434 2874 quam
454 2793 522 2854 nihil
542 2794 597 2856 suis
616 2793 727 2856 fallaciis
749 2793 891 2874 proderat,
920 2805 1037 2876 apparet
1057 2815 1091 2858 ex
1111 2792 1221 2868 Christi

103 2889 146 2930 res
167 2889 248 2928 onso.

147 2891 225 3006 phil.
263 2945 380 3016 Amice,
406 2947 450 3005 od
471 2947 547 3025 quid
569 2947 660 3008 odes?
705 2948 747 3007 Ex
768 2946 868 3007 ressius
893 2945 965 3030 apud
988 2945 1106 3020 Lucam,
1133 2947 1226 3018 Iuda,

102 3023 198 3084 osculo
210 3022 314 3100 filium
327 3018 452 3083 hominis
467 3025 589 3101 prodis?
608 3023 660 3085 nisi
677 3044 733 3103 quo
769 3023 829 3105 plus
838 3022 1032 3100 vehementiae
1049 3021 1134 3082 hahet
1153 3020 1223 3080 haee
1282 3063 1284 3075 .

105 3097 295 3180 exprobratio,
327 3097 402 3177 qnod
421 3101 466 3160 tta
490 3099 547 3160 istri
566 3099 762 3162 benevolentia
784 3111 813 3160 et
834 3119 943 3160 summo
969 3099 1081 3160 honore
1099 3095 1152 3157 sibi
1171 3096 1223 3157 de-

103 3175 159 3236 lato
178 3175 213 3234 ad
233 3186 384 3234 extremam
423 3119 544 3236 erbbiam
562 3176 646 3256 impie
665 3175 795 3246 abutitur.
837 3175 939 3256 Neque
959 3173 1033 3233 enim
1053 3171 1159 3235 ironica
1179 3183 1223 3234 est

104 3249 293 3332 conspellatio,
312 3252 377 3312 dum
401 3197 528 3313 btrisrus
544 3253 662 3312 amicum
680 3261 777 3325 vocat,
790 3251 844 3322 sed
863 3248 1091 3334 ingratitudinem
1110 3248 1149 3308 illi
1168 3249 1222 3309 oh-

104 3327 172 3404 iicit,
190 3327 267 3461 quod
288 3347 322 3388 ex
340 3327 439 3393 intimo
455 3342 483 3389 et
500 3327 693 3390 contubernali
707 3327 797 3390 amico
808 3325 896 3391 sactus
915 3326 951 3386 sit
969 3324 1106 3406 proditor,
1124 3347 1224 3406 qnem-

106 3407 188 3468 admo
209 3426 255 3462 um
275 3403 305 3462 in
325 3404 436 3466 Psalmo
457 3405 523 3483 (ll,
554 3407 605 3482 10)
625 3404 797 3486 praedictum
821 3401 920 3462 luerat.
979 3401 1010 3462 Si
1032 3400 1088 3464 hoc
1111 3401 1224 3464 iecisset

107 3493 269 3553 extraneus,
288 3480 461 3543 tolerandum
481 3481 593 3543 suisset:
634 3503 709 3542 nunc
728 3491 821 3541 autem
841 3477 979 3539 familiaris
999 3489 1028 3538 et
1046 3479 1224 3552 domesticus,
1316 3537 1320 3545 ,
1399 3507 1400 3522 ¹

108 3577 172 3620 curn
191 3573 248 3644 quo
267 3558 387 3618 suentes
406 3558 547 3633 vescebar,
566 3557 612 3639 qui
630 3579 677 3622 me
696 3555 878 3617 comitabatur
895 3556 924 3615 in
942 3555 1077 3638 templum
1096 3553 1225 3625 Domini,

108 3629 217 3696 sustulrt
241 3641 340 3692 contra
363 3656 409 3696 me
431 3633 550 3698 insidias.
599 3635 664 3697 ,ttte
684 3653 754 3696 vero
779 3632 852 3694 clare
876 3631 1018 3709 videmos,
1040 3632 1117 3714 qnod
1140 3627 1224 3711 paulo

108 3719 174 3770 ante
192 3703 338 3780 admonui,
370 3729 536 3790 quocunqne
562 3711 679 3772 artificio
706 3730 736 3771 se
755 3720 852 3791 tegant
870 3707 1050 3801 hypocritae,
1084 3719 1115 3770 et
1137 3725 1225 3785 quos-

111 3801 219 3862 cunque
238 3780 317 3842 tricos
335 3783 497 3861 obtendant,
518 3786 565 3846 uhi
586 3787 614 3846 in
634 3798 815 3867 conspectum
835 3786 949 3847 Donuni
968 3796 1082 3846 ventum
1102 3791 1152 3856 est,
1173 3798 1224 3868 eo-

110 3880 172 3922 rum
190 3857 294 3918 seelera
313 3859 433 3936 proferri
451 3861 482 3920 in
501 3861 635 3922 medium:
662 3863 726 3922 imo*
739 3861 793 3924 hoc
812 3860 864 3922 illis
884 3861 984 3924 cedere
1002 3861 1032 3922 in
1051 3855 1161 3939 gravius
1179 3875 1225 3912 ru-

111 3935 226 4006 diclum,
257 3935 332 4013 quod
356 3933 386 3994 iu
410 3935 514 3998 Christi
559 3937 676 3996 remium
699 3937 807 4018 recepti
830 3937 938 4018 perfide
962 3937 992 3994 in
1017 3934 1108 4012 ipsum
1131 3929 1225 4022 insur-

170 4021 190 4070 t.
210 4011 283 4070 Nam
300 4014 390 4070 amici
408 4031 513 4073 nomen
531 3957 579 4089 ἐκ
592 4013 717 4084 diximus)
735 4014 877 4074 aeremia
895 4033 926 4073 se
944 4008 1069 4070 aculeum
1087 4015 1225 4068 contenet.

111 4033 262 4151 &iteum
282 4086 345 4150 huic
363 4087 452 4164 malo,
480 4087 555 4168 quod
574 4089 660 4150 semel
681 4089 809 4150 Christro
833 4089 863 4148 in
886 4107 934 4148 sua
952 4104 1070 4174 persoqa
1087 4079 1227 4173 snstinnit,

114 4163 228 4227 sciamus
246 4163 400 4228 Ecclesiam
419 4185 530 4244 semper
549 4162 611 4226 fore
634 4163 795 4239 obnoxiam,
816 4175 848 4224 nt
885 4159 1023 4221 roditores
1041 4181 1072 4220 rn
1091 4179 1156 4222 srnn
1172 4177 1228 4224 suo

113 4243 216 4302 foveat.
254 4240 323 4302 Ideo
344 4253 373 4304 et
391 4240 473 4326 paulo
492 4251 557 4301 ante
575 4241 680 4303 dictum
697 4239 767 4316 luit,
785 4237 919 4300 Prodrtor
937 4235 1065 4313 accessit,
1090 4233 1138 4316 qui
1155 4251 1228 4324 nnqs

116 4328 174 4380 erat
191 4338 209 4380 e
225 4317 382 4400 ἀυοᾱεάιῃ.
420 4317 467 4382 Ne
485 4315 586 4382 talibus
605 4315 736 4398 exmplis
758 4311 962 4378 ultramodum
980 4312 1138 4391 mehemet,
1164 4329 1229 4392 ‘1⁰¹¹
