2804 4762
319 159 485 306 (ibt-65.
521 223 694 307 Arrogantia
711 223 810 288 Iacchi
827 237 856 289 et
876 169 1036 310 loandist
1162 237 1223 300 ‘177

84 389 211 519 peteret.
251 375 300 440 Ab
318 375 384 459 ipsis
401 387 493 466 autem
511 341 671 466 proiectum
690 395 751 467 esse
769 386 869 438 votum
888 375 956 446 hinc
975 377 1127 464 colligitur,
1144 383 1221 464 quod

115 456 221 516 hristus
239 451 302 528 illis,
322 469 383 513 non
402 465 482 513 matri
501 452 655 533 respondit.
693 452 805 514 Deinde
864 453 902 515 od
920 466 1012 517 mater
1037 445 1152 540 supplex
1170 459 1220 520 alt

87 532 157 614 quid
177 550 208 594 se
226 529 301 621 uelle
319 543 417 610 petere
438 527 571 604 ostendit,
596 539 745 618 antequam
767 550 819 610 pro
834 543 894 592 erat
912 533 989 613 quod
1005 531 1093 598 hibet
1109 534 1140 596 in
1158 536 1222 600 ania

85 629 153 683 mo,
166 657 171 666 .
182 620 211 668 et
229 605 285 688 ipsi
304 607 389 666 etiam
441 605 479 665 ud
497 606 627 665 Marcum
650 626 688 696 in·
700 625 807 689 genere
825 607 859 668 sii
880 605 1004 684 ulantur,
1030 610 1148 672 condedi
1166 612 1220 674 sibi
1349 667 1352 683 .

86 681 225 775 quicquid
248 681 394 764 petierint:
462 701 495 744 ec
517 679 612 743 timida
635 680 785 745 insinuatio
811 704 839 744 m
867 703 883 745 e
907 683 960 748 sibi
983 687 1114 750 conscios
1135 686 1221 759 luisse
1249 705 1251 710 '

85 769 269 897 tmtssliliasllh.
289 836 335 926 21Ξ
373 833 412 894 ln
430 854 463 894 re
492 911 499 925 .
528 843 603 924 ,tum
642 833 709 894 Hoc
727 832 758 924 iri
776 831 836 895 filiis
846 833 986 926 Zebedaei
1002 835 1083 902 laude
1103 837 1221 926 dignum

87 911 153 988 suit,
171 931 282 993 sperare
300 909 456 1002 aliquodC
477 921 536 971 risti
555 928 695 1001 regnum,
708 929 786 1002 cuius
805 930 842 1000 ne
859 931 974 1001 minima
991 914 1104 992 quidem
1121 916 1221 980 umbra

49 1035 56 1064 ,
88 1001 159 1050 tuuc
179 1011 195 1080 a
215 985 338 1068 parebat.
381 986 490 1047 Vident
520 983 571 1046 sub
599 977 716 1078 ignobih
743 1005 819 1046 servi
844 985 940 1048 habitu
968 990 1219 1070 contemptibilem,

67 1118 69 1124 ,
87 1065 147 1126 imo
165 1009 263 1126 uiderit
280 1060 389 1124 mundo
409 1057 525 1124 sordere
544 1059 694 1140 multisque
713 1059 827 1141 probris
837 1061 1008 1123 subiectum:
1026 1061 1107 1126 brevi
1117 1077 1220 1130 'tamen
1244 1079 1249 1090 '
1368 1061 1370 1128 l

86 1141 267 1225 magnificum
289 1139 355 1200 sore
373 1159 472 1221 regem
490 1135 543 1197 sibi
562 1136 745 1217 persuadent,
764 1135 829 1218 quia
847 1135 888 1198 sic
912 1137 1055 1203 docuerat.
1093 1141 1222 1204 Praecla-

87 1240 150 1278 rum
170 1229 250 1281 certe
269 1215 338 1276 fidei
358 1212 527 1294 exemplum,
550 1212 598 1274 sed
619 1211 686 1272 hinc
704 1211 1000 1294 perspicimuuquam
1019 1213 1101 1277 facile
1118 1235 1222 1298 purum

85 1298 194 1369 semen,
212 1291 332 1354 simulac
352 1291 483 1352 cordibus
500 1287 601 1348 nostris
620 1287 733 1350 insitum
752 1287 976 1373 est,'degeneret
992 1289 1021 1352 iu
1040 1291 1223 1374 corruptelas,

84 1371 151 1452 quia
169 1365 398 1439 umbratilesihi
420 1385 540 1452 reguum
560 1363 704 1448 imaginati
722 1375 799 1440 sunt,
826 1375 855 1424 et
872 1387 940 1428 mox
964 1366 998 1428 ad
1018 1367 1120 1448 primm
1142 1369 1223 1432 sedes

83 1446 266 1528 appetendas
291 1441 377 1504 stulte
401 1439 514 1520 delapsi.
558 1442 636 1534 Ergo
663 1461 749 1522 quum
772 1460 806 1500 ex
830 1439 956 1533 generali
982 1442 1046 1506 fidei
1066 1444 1222 1540 principio,

83 1522 166 1604 quod
180 1541 241 1658 per
260 1539 293 1580 se
312 1539 372 1578 nori
390 1539 491 1610 parum
508 1515 647 1592 laudabile,
663 1526 731 1593 erat,
748 1516 862 1610 fluxerit
883 1515 953 1610 baec
974 1523 1223 1613 prara0cupiditas,

83 1607 302 1734 {tiabit
319 1595 458 1752 iiiiii
475 1593 1222 1758 ittitttltstltlltitt‘tt‘itttl'ttdtt

83 1749 247 1832 Piogandns
273 1747 356 1808 etiarn
379 1767 440 1808 non
458 1745 559 1822 modo,
584 1758 618 1810 ut
635 1747 719 1808 fidem
741 1745 824 1808 nohis
842 1745 974 1828 inspiret,
997 1749 1047 1812 red
1073 1761 1105 1814 ut
1121 1769 1222 1833 purant

86 1836 245 1890 conservet
266 1821 300 1884 ab
321 1824 400 1884 omni
417 1821 545 1884 mixtura.

124 1963 129 1980 Α,
164 1905 214 1964 22.
254 1901 397 1974 Nescitis,
418 1899 494 1980 quid
505 1899 630 1979 petatis.
668 1897 783 1981 Duplici
802 1898 919 1962 nomine
935 1898 1090 1966 damnanda
1109 1903 1223 1970 luiten-

87 2001 154 2040 rum
172 1975 300 2040 inscitia:
325 1979 447 2058 primum
465 1976 541 2057 quod
558 1971 706 2038 ambitiose
724 1987 890 2058 appeterent
913 1973 974 2060 plus
991 2001 1076 2062 quani
1093 1980 1223 2046 temtari

88 2053 195 2116 deinde
221 2053 299 2134 quod
317 2075 371 2134 pro
392 2051 510 2116 hoelesti
530 2050 636 2114 Christi
658 2071 749 2142 regno
772 2057 885 2117 atreum
903 2055 1064 2135 phantasma
1082 2077 1224 2142 concepe-

88 2143 163 2192 rant
203 2129 295 2208 Quod
314 2129 348 2190 ad
367 2130 488 2210 primum
505 2139 626 2210 spectat,
647 2125 770 2208 quisquis
788 2127 908 2212 gratuita
916 2128 974 2192 Dei
991 2132 1145 2212 adoptione
1163 2155 1223 2199 non

24 2275 28 2286 ι
89 2217 247 2268 contentus
267 2205 390 2268 eminere
401 2227 434 2288 ap
456 2205 525 2338 etitpl
535 2214 611 2293 extra
629 2216 717 2264 metas
734 2223 796 2264 suas
814 2213 941 2286 vagatur,
962 2225 1048 2287 seque
1061 2207 1098 2266 im
1121 2221 1225 2270 ortune

89 2281 227 2375 ingerens
246 2280 317 2343 ultra
336 2303 418 2362 quam
436 2228 505 2342 dece
526 2290 563 2355 at,
583 2288 709 2360 nigratus
727 2287 770 2338 est
788 2279 863 2340 Deo.
901 2279 964 2340 lam
985 2230 1127 2362 spiritualis
1139 2283 1225 2344 Chri·
1278 2297 1281 2304 ’

90 2371 127 2419 sti
154 2379 278 2442 reguum
300 2377 384 2418 sensu
411 2356 502 2420 earnis
526 2365 640 2414 nostrae
662 2353 773 2428 metiri,
795 2352 878 2414 nimis
901 2373 1067 2434 perversum
1093 2367 1144 2418 cst.
1186 2359 1226 2420 Ei
1252 2411 1253 2414 ,

76 2435 212 2515 'quidem
232 2455 268 2494 eo
287 2433 376 2515 magis
395 2431 534 2508 cavendae
552 2439 617 2488 suut
635 2425 745 2488 otiosae
765 2426 979 2516 speculationes,
1017 2451 1054 2491 uo
1065 2432 1154 2516 mpgis
1172 2431 1225 2496 hu-

91 2531 182 2600 niano
208 2509 325 2642 {pgpnio
352 2507 503 2640 atrrideiptpt
520 2501 750 2640 sicptievidemus
772 2503 958 2584 sophistarum
997 2508 1072 2570 ‘ros
1096 2507 1225 2586 inanibus

188 2605 237 2643 oi
326 2601 475 2642 enisree
504 2600 536 2641 os
571 2601 624 2642 ss.

93 2604 426 2721 musnl'otestiinbibere
444 2657 591 2736 poculum.
631 2655 675 2732 Ut
699 2652 881 2719 ambitionem
905 2657 1041 2745 corrigat,
1067 2672 1096 2722 et
1110 2681 1134 2724 ·a
1157 2683 1225 2746 per-

94 2755 184 2798 verso
204 2734 341 2796 desiderio
361 2755 411 2796 eos
429 2745 558 2808 revocet,
585 2753 699 2794 crucem
718 2745 745 2794 et
764 2749 864 2806 omnes
885 2755 1029 2800 aerumnas
1046 2733 1099 2800 illis
1138 2761 1226 2822 ropo·

95 2811 151 2888 nit',
172 2833 246 2895 quae
264 2811 320 2872 Dei
337 2809 398 2874 filiis
416 2809 575 2872 subeundae
595 2822 673 2872 sunt:
691 2808 747 2871 acsi
766 2809 885 2886 dixisset,
903 2812 1065 2876 Tantumne
1083 2761 1165 2878 vobis
1182 2827 1226 2878 est

96 2889 149 2950 otii
168 2911 186 2950 a
205 2888 345 2970 praesenti
363 2886 474 2962 militia,
497 2899 529 2948 ut
548 2886 631 2948 trium
652 2885 680 2946 hi
698 2907 764 2968 poni
786 2908 815 2948 as
838 2887 892 2950 iani
919 2890 1071 2954 ordinetis?
1107 2891 1226 2952 Namei

96 2965 257 3028 vocationis
279 2985 344 3026 suae
368 2963 505 3038 exercitiis
528 2961 605 3053 serio
624 2909 742 3025 titissent
761 2909 860 3040 dediti,
881 2986 982 3046 pravae
1006 2965 1072 3028 huic
1090 2963 1227 3048 imagine*

97 3041 172 3102 tioni
192 3041 289 3104 locum
309 3062 454 3122 uunquam
474 3037 623 3100 dedissent
663 3037 760 3114 Quare
778 3039 832 3102 hac
850 3043 992 3104 sententia
1008 3034 1141 3104 Christus
1165 3059 1226 3118 eos,

98 3116 146 3198 qui
167 3129 235 3180 ante
253 3131 364 3200 tenipus
381 3115 500 3199 palmam
519 3115 573 3177 arri
596 3115 670 3191 iunt,
694 3116 723 3176 in
741 3116 904 3178 meditandis
926 3117 1037 3198 pietatis
1056 3113 1158 3180 officiis
1175 3137 1227 3180 oc·

100 3195 196 3287 cupiri
215 3193 301 3256 iubet.
339 3195 378 3255 Et
397 3205 475 3255 certe
495 3190 559 3254 hoc.
570 3136 781 3273 lieuooptime
799 3192 917 3256 ambitio
934 3193 1138 3274 compescitur,
1149 3263 1151 3270 Ι
1162 3194 1227 3276 quia

98 3269 160 3332 talis
181 3283 225 3333 est
243 3284 338 3334 nostra
355 3269 491 3347 conditio,
511 3267 657 3350 quamdiu
674 3267 828 3332 inmundo
869 3271 1076 3354 eregrinamnr,
1094 3282 1127 3332 ut
1143 3292 1228 3334 ranas

100 3344 213 3416 delicias
234 3360 365 3410 excutere
383 3345 491 3408 debeat.
532 3345 724 3410 Circumstant
740 3366 793 3407 iios
810 3289 888 3406 mille
904 3343 1040 3428 pericula:
1064 3367 1141 3408 nunc
1158 3347 1228 3410 insi·

100 3421 166 3498 diis,-
194 3435 225 3485 et
262 3425 354 3485 uideni
380 3421 464 3485 uariis
490 3442 543 3484 nos
561 3419 648 3484 hostis
670 3421 812 3497 adoritur,
837 3442 913 3484 nuuc
935 3434 1030 3504 aperta
1055 3423 1084 3484 vi
1105 3421 1226 3488 inniltat.

100 3497 208 3583 Nonne
226 3447 288 3580 plus
307 3521 390 3582 quani
400 3497 525 3580 stupidus
544 3509 595 3572 cst,
614 3497 663 3579 qui
682 3497 758 3560 inter
778 3509 824 3560 tot
841 3511 948 3560 mortes
965 3519 1064 3562 secure
1081 3498 1112 3562 in
1127 3501 1230 3562 trium-
1330 3569 1332 3574 ¹

100 3575 160 3709 pho
171 3577 322 3712 pingendo
341 3598 372 3638 se
390 3573 532 3638 oblectat?
570 3575 673 3637 Certos
692 3571 805 3667 quidem
823 3573 859 3636 de
877 3571 995 3638 victoria
1021 3597 1087 3639 suos
1100 3597 1166 3640 esse
1184 3577 1229 3636 iu·

123 3663 153 3711 et
202 3674 326 3726 ominus,
352 3664 381 3713 et
399 3653 428 3712 in
446 3651 538 3712 inedia
562 3662 656 3712 morte
674 3651 848 3732 triumphum
871 3671 987 3728 canere,
1010 3653 1074 3734 quia
1097 3649 1177 3713 aliter
1193 3649 1229 3712 ad

103 3738 218 3786 strenue
237 3727 420 3808 pugnandum
438 3725 552 3788 animati
570 3748 630 3788 non
649 3725 758 3788 forent:
783 3726 833 3790 sed
851 3725 925 3788 aliud
944 3739 1002 3805 est,
1021 3749 1072 3811 spe
1092 3725 1229 3800 mercedis

102 3799 157 3862 sihi
181 3801 469 3895 divinitusipro'poslta
487 3825 518 3866 se
536 3799 663 3864 alacriter
681 3803 716 3863 ad
732 3803 913 3887 pugnandum
931 3805 1091 3889 accingere,
1109 3813 1230 3936 totopue

105 3877 198 3938 studio
219 3877 275 3960 huc
294 3879 377 3939 eniti:
397 3877 479 3958 aliud,
495 3880 679 3945 certaminum
697 3879 892 3954 immemores,
908 3881 1009 3944 relicto
1031 3882 1112 3948 hoste
1131 3889 1188 3958 ¹1²3
1198 3897 1230 3939 θ·

105 3953 214 4034 ctisque
229 3953 370 4034 periculis,
388 3953 422 4015 ad
441 3954 613 4036 triumphum
631 3975 823 4036 praecurrere,
842 3955 920 4029 cuius
937 3954 1151 4038 exspectandum
1171 3963 1231 4016 erat

104 4042 246 4091 maturmn
264 4041 384 4112 tempus.
422 4028 505 4092 Adde
523 4032 600 4112 quod
619 4030 688 4093 baec
717 4043 880 4114 raepostera
896 4031 1021 4108 celeritas
1039 4029 1231 4112 utplurimum
1263 4092 1265 4103 ,

105 4107 290 4171 avocatione
315 4127 364 4167 sua
386 4105 513 4168 homiues
536 4106 658 4176 abducit.
697 4054 942 4186 hiematurum
965 4107 1041 4167 enim
1062 4105 1232 4187 utquisque

106 4179 136 4242 in
153 4181 229 4245 bello
252 4183 261 4243 i
284 4181 444 4246 navissimus
458 4191 523 4258 est,
542 4184 667 4266 cupidius
679 4185 719 4260 vad
737 4183 868 4264 praedam
886 4181 1011 4253 aduolat,
1033 4179 1073 4242 sic
1089 4180 1122 4241 in
1138 4199 1231 4263 reguo

109 4256 213 4323 Christi
231 4203 299 4330 nulli
318 4259 470 4342 primatum
487 4267 531 4320 m'a
554 4259 578 4320 is
594 4269 744 4342 appetunt,
791 4279 854 4346 nain
874 4257 922 4344 qui
942 4253 1150 4342 subterlpgiunt
1168 4277 1233 4344 ⁰¹¹.¹‘

40 4383 43 4402 .
108 4335 292 4420 ncmlaboris
310 4335 477 4399 molestiam.
549 4335 620 4399 crito
639 4333 773 4413 itaqueC
808 4341 877 4394 istus
893 4347 970 4388 mani
986 4324 1077 4461 glloria
1096 4325 1184 4388 ehitos
1202 4346 1232 4388 iii

136 4425 222 4474 curiit
235 4435 355 4478 comment.
368 4427 393 4474 iii
404 4425 483 4476 nim
497 4424 537 4476 Er.
560 4425 606 4472 vol.
620 4423 650 4470 it
