2796 4774
419 170 516 252 ,(121
547 168 641 246 ¹Diues
661 179 691 234 et
707 109 881 252 mendicus.)
1179 177 1220 250 19

92 344 145 386 res.
183 321 286 386 Primo
308 317 386 386 dives
403 320 547 386 inducitur·
566 307 691 406 purpura
711 333 741 386 et
759 323 845 406 bysso
864 323 996 402 vestitos,
1021 335 1051 388 et
1072 323 1225 410 splendidis

91 397 205 462 lautitiis
225 399 354 480 quotidie
372 393 530 484 indulgenst
556 395 656 480 quibus
675 399 769 462 serbis
787 414 906 480 notatae
921 399 1069 464 delicatior
1088 405 1158 480 hita,
1175 403 1222 466 lu-

90 498 183 557 xuque
210 489 240 536 et
263 475 372 557 pompis
393 478 507 542 referta.
549 475 618 537 Non
643 478 719 558 quod
738 479 804 538 Deo
828 490 929 568 omrpl,
943 479 1062 540 vestium
1082 477 1221 564 elegantia
1239 509 1269 528 ν

37 583 38 586 “
91 565 120 614 et
141 564 266 612 ornatus
282 575 334 643 per
352 573 382 614 se
402 549 559 634 displiceat,
583 550 629 614 vel
653 551 746 614 omnis
769 554 860 616 victus
879 551 1028 616 nmndities
1050 555 1087 616 sit
1106 559 1221 618 damna·-

88 627 167 703 bilis,
200 630 250 690 sed
292 649 335 688 ura
358 649 422 688 raro
449 627 605 711 contingit,
632 627 662 688 in
685 627 728 703 his
752 631 837 692 rebus
863 634 969 708 servari
985 643 1049 708 ¹tem
1071 655 1103 692 er
1153 633 1160 647 ’
1210 657 1219 696 t

89 728 156 764 nam
175 705 223 784 qui
245 649 424 786 splendorem
444 707 552 786 appetit
574 705 762 782 intestibus,
785 707 868 771 noris
887 708 1005 770 subinde
1018 645 1220 772 ὢ
1265 763 1269 772 ,

87 781 183 842 lurum
200 781 322 864 augebit,
341 781 373 841 a'c
392 781 455 842 fieri
473 783 520 844 vix
539 793 647 862 potest,
671 783 739 862 quin
758 805 789 844 se
807 785 842 846 ad
863 785 1059 868 intemperiem
1079 786 1257 882 proiiciat,g
1358 851 1361 868 <

88 859 137 938 qui
159 857 278 938 opiparis
299 870 329 920 et
347 857 423 918 bene
440 857 555 932 refertis
574 858 677 934 mensis
694 859 806 940 gaudet.
849 857 1004 944 Praecipue
1027 873 1122 922 tamm
1140 863 1220 942 dam-
1256 915 1264 932 ,
1297 879 1361 936 μ’

86 946 169 995 natur
186 935 217 992 in
238 955 273 994 eo
295 933 455 1025 thllttss
485 935 561 1013 quod
577 935 713 994 Lazarum
736 954 888 1016 pauperem
908 950 938 998 et
956 937 1117 1002 ulcerosum
1141 937 1219 1000 siue-

86 1011 135 1072 bat
150 1010 243 1071 iacere
263 1009 339 1072 foris·
357 1011 392 1072 ad
410 1011 521 1070 ianuam
530 1013 624 1070 1111111.
662 1012 735 1072 Nam
754 1011 823 1090 haec
843 1015 971 1093 opposita
988 1012 1115 1074 membra
1134 1013 1219 1077 Chri-

87 1099 143 1147 stus
162 1087 239 1148 inter
258 1108 289 1148 se
311 1086 472 1148 contexuit:
493 1086 569 1165 quod
588 1085 664 1146 dives
682 1086 811 1177 crapulae
828 1089 994 1168 pompisque
1013 1086 1137 1164 deditus,
1154 1101 1220 1150 1111-

86 1185 165 1242 quam
183 1161 363 1244 inexplebilis
384 1182 500 1245 gurges,
519 1161 651 1244 ingentes
672 1182 765 1243 copias
779 1163 855 1224 intus
870 1176 994 1239 voraret,
1012 1163 1112 1224 Lazari
1126 1176 1220 1227 autem
1298 1174 1302 1185 “

38 1277 39 1284 1
85 1239 176 1320 inopia
206 1251 236 1300 et
264 1239 384 1298 miseriis
413 1260 474 1298 non
498 1249 682 1319 tangeretur,
713 1239 763 1298 sed
792 1239 865 1300 fame
908 1240 1017 1323 frigore
1041 1250 1071 1300 et
1093 1237 1220 1302 ulcerum

87 1315 196 1376 foetore
216 1315 366 1376 tabescere
385 1313 477 1376 sciens
494 1335 531 1392 ac¹
546 1311 646 1375 volens
665 1311 779 1396 sineret.
817 1283 945 1378 Inhunc
964 1315 1079 1378 modum
1098 1328 1127 1376 et
1145 1317 1220 1378 Eze-

37 1423 39 1428 ·
88 1391 155 1452 chiel
175 1393 251 1469 (16,
274 1390 342 1467 49.)
368 1377 521 1452 sodomam
543 1385 771 1471 aiiiisatj'ipuod
794 1390 825 1452 in
848 1393 993 1456 saturitate
1011 1391 1091 1484 panis
1112 1403 1141 1454 et
1159 1389 1220 1454 vini
1233 1429 1279 1450 ..a

86 1488 196 1542 manum
214 1467 300 1548 inopi
320 1487 380 1526 non
397 1467 567 1548 porrigeret.
606 1469 706 1548 Bysso,
726 1489 797 1548 quae
815 1465 870 1530 tela
891 1481 934 1532 est
951 1468 1090 1543 subtilior,
1112 1467 1220 1530 orien-

37 1583 38 1602 1
88 1543 153 1604 tales
173 1546 209 1604 ad
230 1543 359 1604 nitorem
380 1553 408 1603 et
426 1563 557 1624 pompam
575 1543 617 1604 uti
636 1541 735 1604 solitos
755 1545 838 1606 fuisse
857 1557 958 1606 uotum
977 1558 1030 1608 est:
1052 1565 1135 1636 quam
1153 1565 1220 1606 mo-

86 1642 143 1680 rem
161 1619 285 1680 sacrifici
314 1617 416 1700 apales
434 1619 465 1679 in
483 1621 539 1680 suis
558 1641 630 1698 quae
646 1633 752 1683 vocant
766 1619 921 1700 superliciis
940 1621 1070 1683 aemulati
1089 1634 1165 1682 sunt.
1247 1642 1248 1646 ’

157 1701 206 1760 21.
248 1697 297 1770 Sex
331 1699 649 1757 circumveniebant.
687 1695 748 1763 Iam
764 1697 830 1760 inde
843 1699 908 1760 satis
929 1699 1060 1759 convicta
1081 1709 1141 1760 erat
1159 1695 1240 1768 fer-2¹

87 1793 132 1832 rea
155 1773 251 1834 divitis
276 1772 449 1846 immanitas,
477 1774 631 1856 quodiam
654 1773 813 1836 miserabile
837 1773 1028 1866 spectaculum
1052 1773 1087 1836 ad
1104 1794 1219 1856 sympa-
1258 1785 1263 1792 '

86 1849 169 1908 thiam
189 1872 257 1910 eum
278 1867 338 1910 non
359 1847 501 1910 flectebat.
541 1849 612 1910 Nam
631 1849 655 1910 si
675 1863 729 1930 qua
747 1850 925 1912 humamtatis
945 1864 1025 1934 gutta
1042 1850 1073 1912 in
1093 1871 1129 1912 eo
1148 1849 1218 1910 fuis-
1243 1882 1246 1888 ν

89 1937 143 2000 set,
155 1925 265 1986 saltem
282 1927 418 1986 mandare
433 1925 563 2002 debebat,
582 1937 616 1985 ut
633 1925 737 2008 aliquid
757 1949 790 1988 ex
810 1923 918 1990 culinae
936 1949 1002 1989 suae
1019 1925 1143 2007 reliquiis
1163 1925 1218 1986 mi-

37 1997 39 2072 {
87 2021 149 2060 sero
164 2001 277 2078 bomini
297 2004 418 2077 daretur,
437 2003 487 2062 sed
507 2002 550 2063 hic
570 2003 606 2064 im
628 2003 669 2064 iae
691 2016 721 2066 et
736 2002 798 2084 plus
813 2027 896 2086 quam
916 1997 1056 2065 belluinae
1070 2001 1233 2064 musuleo-¹

88 2077 143 2136 tiae
164 2077 292 2140 cmnulus
314 2079 381 2154 fuit,
400 2076 499 2138 saltem
518 2100 533 2138 a
552 2024 666 2141 cambus
688 2101 750 2140 non
768 2081 877 2142 discere
896 2081 1124 2142 misericordiam·
1154 2077 1217 2140 Nec
1360 2147 1361 2150 Ἴ

89 2151 202 2214 dubium
222 2167 279 2230 est,
303 2155 371 2235 quin
390 2175 493 2214 arcano
513 2155 570 2216 Dei
594 2155 712 2219 consilio
737 2157 837 2216 directi
856 2157 962 2218 fuerint
983 2177 1065 2218 canes
1084 2155 1143 2230 isti,
1168 2153 1218 2234 qui
1232 2168 1265 2188 ⁸·

89 2249 150 2289 eum
170 2253 223 2290 suo
245 2231 373 2312 exemplo
393 2229 567 2294 damnarent.
607 2231 736 2292 Christus
756 2243 835 2291 certe
855 2252 903 2292 eos
921 2231 967 2290 hic
987 2229 1064 2310 quasi
1086 2229 1117 2288 in
1137 2229 1218 2290 testi-

88 2305 213 2367 monium
242 2308 392 2388 producit,
430 2307 479 2385 qui
503 2309 704 2370 exsecrandam
739 2305 862 2364 hominis
891 2306 1022 2364 duritiem
1053 2315 1216 2393 coarguunt.

90 2381 166 2456 Quid
186 2382 264 2442 enim
282 2383 371 2464 magis
389 2392 599 2461 portentosum,
619 2402 701 2460 quam
720 2380 866 2452 hominem
885 2379 1030 2440 acanibus
1051 2399 1150 2452 curari,
1171 2377 1220 2458 qui

60 2431 70 2495 l
86 2477 100 2516 a
118 2459 253 2549 proximo
275 2480 326 2518 suo
345 2454 518 2590 negligitur?
537 2455 601 2514 Imo
620 2477 657 2514 ne
678 2456 763 2516 micas
784 2456 896 2533 quidem
914 2455 992 2534 panis
1006 2453 1066 2513 dari
1081 2451 1219 2530 famehco,

86 2554 133 2594 cur
156 2533 291 2592 medendi
334 2534 405 2592 ratia
437 2531 536 2610 inguas
560 2551 621 2588 suas
642 2551 724 2608 canes
743 2529 975 2592 accommodant?
1005 2529 1127 2606 Quoties
1148 2552 1218 2592 cro
1254 2560 1256 2575 ·

37 2647 38 2654 .
84 2607 132 2668 vel
152 2607 251 2681 alieni,
279 2553 405 2687 vel‘ipsa
423 2607 508 2668 bruta
525 2603 653 2676 animalia
671 2607 701 2666 in
721 2607 925 2682 vicesnostras
943 2605 1078 2682 subeunt,
1102 2619 1170 2668 uto
1204 2645 1219 2658 -

87 2685 132 2746 cio
154 2677 312 2764 fungantur
330 2683 405 2762 quod
422 2681 517 2764 potins
541 2703 556 2741 a
578 2682 661 2744 nobis
703 2685 881 2759 raestandum
900 2695 972 2760 erat,
995 2685 1126 2759 sciamus,
1149 2683 1219 2744 toti·

38 2832 40 2840 γ
88 2761 157 2822 dem
179 2759 312 2822 divinitus
336 2771 423 2821 testes
450 2767 484 2820 ac
510 2756 614 2822 iudices
638 2705 723 2829 nodis
746 2761 846 2839 statui,
878 2760 926 2842 qui
952 2761 1060 2824 crimen
1087 2773 1218 2833 nostrum

87 2835 174 2920 magis
194 2837 337 2917 detegant
445 2865 447 2870 v
680 2893 682 2896 .
732 2855 752 2883 f
1048 2907 1054 2914 ἱ

164 2915 213 2974 22.
249 2915 368 2972 Accidit
392 2923 493 2973 autem
516 2920 552 2972 ut
574 2925 737 2974 moreretur
755 2923 811 2976 etc.
838 2915 913 2990 ¹llic
936 2909 1060 2976 ostendit
1079 2911 1217 2988 Christus,

90 3002 225 3070 quantum
247 2989 278 3048 in
300 3001 395 3062 morte
413 3001 524 3050 mutata
545 2989 633 3050 fuerit
654 2993 800 3072 utriusque
823 2991 958 3054 conditio.
1001 2993 1081 3052 Mors
1106 2989 1218 3068 quidem

90 3067 224 3128 ambobus
243 3065 417 3141 communis,
435 3067 485 3126 sed
502 3079 648 3136 mortuum
666 3067 701 3127 ah
722 3089 756 3126 an
779 3066 829 3128 elis
847 3067 952 3128 deferri
970 3063 1105 3128 insinum
1124 3063 1219 3124 Abra·

91 3139 154 3219 hae,
179 3141 295 3203 felicitas
319 3155 364 3203 est
386 3143 489 3222 regnis
506 3143 638 3202 omnibus
659 3087 818 3225 optahiiior.
853 3143 960 3218 Addici
983 3161 1052 3202 vero
1071 3141 1106 3200 ad
1126 3151 1219 3229 aeter-

37 3287 38 3292 ,
92 3238 142 3278 nos
161 3217 310 3292 cruciatus,
329 3217 466 3278 horribile
486 3230 537 3292 est,
557 3230 587 3278 et
606 3221 813 3292 contomnitis,
833 3219 856 3280 si
873 3215 935 3280 heri
952 3228 1058 3299 posset,
1077 3216 1218 3278 redimen-

94 3293 164 3354 dum.
203 3297 248 3356 Ac
268 3295 350 3367 nohis
372 3295 484 3374 quidem
503 3294 533 3352 in
552 3295 650 3354 Lazari
669 3317 791 3375 persona
809 3295 916 3356 illustre
935 3295 1136 3353 documentum
1149 3315 1219 3428 pro·

94 3373 218 3448 ponitur,
242 3393 280 3431 ne
300 3393 394 3439 coram
413 3369 479 3432 Deo
498 3367 662 3431 maledictos
681 3385 826 3451 putemus,
852 3371 899 3452 qui
918 3391 970 3450 per
990 3369 1139 3430 continuos
1168 3390 1219 3428 an-
1291 3373 1295 3381 '

95 3465 192 3525 guores
213 3447 299 3508 vitam
318 3447 458 3522 aerumnis
477 3446 610 3508 refertam
630 3469 714 3530 aegre
733 3449 857 3510 trahunt.
900 3448 974 3508 Nam
991 3445 1022 3504 in
1043 3465 1078 3506 eo
1097 3445 1136 3507 sic
1154 3447 1219 3508 abs*

96 3523 202 3586 condita
223 3523 277 3586 fuit
295 3523 351 3584 Dei
374 3521 478 3604 gratia,
513 3534 542 3582 et
566 3523 656 3583 crucis
680 3523 861 3598 deformitate
884 3521 1062 3604 probrisque¹
1077 3540 1218 3603 oppressa,

84 3609 125 3672 nt
142 3599 232 3660 carnis
251 3591 349 3660 sensu's
369 3597 438 3658 nihil
461 3604 575 3680 praeter
598 3600 823 3662 maledictionem
847 3599 1050 3690 apprehendat:
1080 3600 1156 3679 atqui
1176 3591 1219 3672 vi-

96 3671 187 3736 demus
229 3697 312 3756 quam
334 3676 459 3757 pretiosa
482 3671 573 3734 anima
596 3674 627 3734 in
651 3675 736 3747 foedo
764 3690 793 3738 et
816 3677 929 3758 putrido
953 3695 1074 3756 corpore
1097 3673 1220 3746 latuerit,

130 3773 160 3812 ae
181 3721 215 3812 ab
235 3749 340 3835 angelis
365 3751 395 3810 in
419 3752 540 3813 beatam
553 3751 640 3812 vitam
662 3753 797 3814 defertur.
817 3813 822 3827 ι
845 3752 943 3828 Quare
962 3746 1031 3812 nihil
1051 3751 1091 3810 illi
1110 3743 1219 3821 nocuit,

114 3840 233 3888 esertum
252 3851 285 3888 ac
305 3838 501 3909 contemptum
520 3828 600 3888 omni
619 3827 742 3890 humano
761 3823 861 3890 solatio
882 3824 1009 3903 destitui,
1038 3825 1084 3890 cui
1104 3845 1143 3892 ex·
1156 3841 1220 3908 car-

96 3901 135 3970 1118
154 3903 295 3986 ergastulo
315 3905 448 3986 migranti
467 3915 585 3996 praestov
601 3906 638 3982 ad¹
655 3905 821 3984 obsequium
844 3906 942 3982 adesse
964 3905 1115 3985 dignantur
1137 3891 1220 3986 apim-

96 3985 136 4050 ius
154 3981 300 4044 coelestes.
329 3983 453 4050 Rursum
472 4003 500 4040 m
521 3979 608 4040 divite
630 3989 763 4062 tauquam
780 3981 812 4052 in
830 3975 932 4042 illustri
951 3977 1065 4060 speculo
1082 3981 1220 4060 Ι(1111111111,
1238 4028 1284 4052 μ,

96 4073 173 4131 quam
186 4079 248 4118 non
268 4059 422 4136 expetenda
436 4055 472 4116 sit
490 4056 652 4137 temporalis
672 4057 797 4133 felicitas,
817 4075 888 4138 quae
906 4067 1033 4139 aeterno⁸
1046 4057 1130 4135 exitio
1150 4065 1221 4106 con·

96 4141 151 4191 stat.
189 4133 353 4196 Notandum
372 4144 470 4192 umen
487 4145 542 4207 est,
563 4135 639 4213 quod
658 4131 749 4211 divitis
767 4131 936 4214 sepulturam
955 4133 1120 4186 nominatam
1138 4142 1222 4210 prae·

98 4205 186 4270 dicans
213 4207 356 4282 Christus,
387 4205 453 4287 quid
485 4207 589 4268 factum
619 4206 705 4268 fuerit
726 4199 844 4268 'Lazaro'
862 4216 949 4264 tacet:
978 4218 1038 4254 non
1056 4193 1138 4280 ,quod
1163 4217 1221 4282 epus
1279 4217 1282 4224 “

100 4285 209 4348 cadaver
228 4283 298 4346 seris
316 4283 460 4346 obiectum
479 4285 530 4346 sub
549 4281 597 4344 dio
615 4282 741 4360 mouerit,
759 4283 810 4346 sed
827 4275 893 4360 quia
909 4279 1094 4401 contenpflm
1111 4287 1143 4328 11
1161 4289 1222 4330 11111

122 4375 207 4423 Caluini
222 4382 347 4434 comment.
361 4367 476 4422 1111111111.
491 4371 532 4420 Er.
555 4375 601 4420 vol.
616 4371 645 4418 11.
737 4392 741 4400 ·
