2790 4764
218 107 231 136 tt

73 229 78 263 ,
186 248 189 258 ,
351 179 520 259 (iso-si.
556 177 605 238 ne
623 175 741 259 raptato
761 186 791 238 ai
810 173 970 260 magia)
1042 217 1044 226 s
1168 181 1226 246 iii
1293 130 1296 139 ’

103 326 210 404 veniat,
233 347 411 412 qinecnnqne
427 329 458 390 in
478 328 613 414 muiugio
632 327 751 392 molesta
770 339 850 406 sunt,
869 326 1050 394 accidentalia
1069 348 1143 405 mse,
1161 325 1226 411 quta

102 403 274 485 proveniunt
298 425 332 466 ex
353 406 472 469 hominis
495 407 574 470 vitio.
617 407 731 468 Deinde
748 407 971 483 meminerimus,
992 405 1057 488 quia
1073 417 1141 488 post
1159 427 1226 468 cor·-
1262 456 1264 460 ,

104 493 215 564 ruptam
239 491 362 544 naturam
382 483 519 552 medicina
542 503 604 546 esse
628 483 738 564 coepit,
762 503 823 544 non
841 484 944 546 mirum
963 504 1025 548 esse
1041 483 1066 544 si
1084 483 1226 548 dulcedini

10 621 12 642 ἶ
126 555 270 618 ermixtum
291 559 388 622 haheat
409 581 532 636 arnamm
556 579 694 643 saporem.
738 560 797 622 Sed
819 559 971 624 videndum
994 571 1050 635 est,
1079 559 1225 642 quomodo

103 576 177 694 lanc
203 632 339 698 stultitiam
360 629 470 698 ieiellat
492 637 642 700 Dominus.
700 637 809 698 Omnes
831 636 917 700 huius
936 637 1004 706 dicti
1028 657 1142 720 capaces
1162 657 1224 698 ease

96 727 219 792 negans,
238 711 368 794 significat
388 713 556 776 electionem
575 731 638 775 non
657 735 719 775 esse
737 715 862 800 positam
877 714 908 774 in
926 735 1012 776 manu
1029 725 1142 791 nostra,
1167 713 1225 776 acsi

106 785 142 844 de
163 805 195 847 re
217 788 294 857 nohis
315 789 438 854 subiecta
463 803 537 852 esset
559 786 736 852 consultatio.
774 791 808 853 Si
825 788 888 872 quis
905 789 976 852 utile
993 791 1046 852 sibi
1065 809 1126 854 esse
1144 802 1225 874 putat

106 882 193 927 uxore
216 885 317 944 careia,
343 879 428 949 atque
451 868 491 930 ita
511 865 590 928 nullo
615 866 743 930 examine
764 865 861 930 habito
883 866 1038 930 coelibatus
1058 865 1154 952 legam
1171 867 1226 931 sibi

104 937 198 1028 edicit,
220 937 301 1036 longe
322 939 435 1006 fallitur.
473 944 553 1006 Deus
572 934 662 1036 en'iin·²
684 943 734 1026 qui
753 941 948 1026 pronuntiavit
965 941 1074 1004 bonum
1092 965 1168 1022 esse,
1192 956 1226 1006 ut

69 1060 72 1070 ,
102 1035 164 1074 viro
181 1015 292 1080 adiutrix
309 1020 346 1084 sit
365 1021 481 1099 mulier,
505 1029 663 1100 contempti
680 1017 724 1080 sui
742 1019 850 1082 ordinis
871 1023 995 1100 poenam
1019 1017 1124 1104 exiget:
1162 1021 1226 1102 quia

100 1089 280 1164 nimiumsihi
298 1107 437 1181 arrogant
454 1094 602 1171 mortales,
628 1096 696 1155 dum
714 1115 746 1156 se
764 1115 780 1156 a
798 1093 915 1156 coelesti
932 1094 1085 1156 vocatione
1103 1091 1225 1158 eximere

97 1177 211 1230 tentant.
249 1174 349 1235 Porro*
365 1192 427 1233 non
451 1193 513 1234 esse
536 1169 667 1232 omnibus
688 1171 823 1246 liberum,
852 1169 959 1253 eligere
980 1180 1077 1230 utrum
1096 1169 1227 1250 libuerit,

96 1243 159 1308 inde
182 1248 284 1328 prohat
308 1248 459 1324 Christus,
479 1247 556 1330 ¹qnia
579 1244 701 1326 speciale
724 1245 761 1308 sit
784 1246 981 1328 continentiae
1004 1245 1137 1306 donum:¹
1161 1262 1227 1310 nam

96 1342 180 1402 quum
198 1324 275 1402 dicit,
294 1345 359 1389 non
377 1345 478 1386 omnes
493 1340 558 1385 'esse
576 1341 701 1404 capaces,
718 1323 769 1384 sed
788 1323 889 1406 quibus
907 1323 1002 1385 datum
1021 1335 1072 1397 est,
1091 1321 1227 1386 clarede-

95 1411 233 1460 monstrat
249 1421 312 1462 non
331 1400 463 1461 omnibus
482 1419 543 1461 esse
560 1399 665 1464 damn
710 1399 795 1462 Unde
813 1398 990 1462 convincitur
1008 1419 1109 1462 eorum
1128 1421 1228 1484 snper-

94 1473 149 1553 bia,
168 1475 217 1612 ἧι]
234 1474 291 1538 sibi
307 1495 444 1616 arnapam
461 1488 522 1538 non
536 1475 672 1551 dubitant,
691 1477 769 1558 quod
786 1477 938 1540 tam'clara
956 1477 1085 1540 Christus
1102 1477 1208 1540 adimit.

114 1585 117 1588 -
203 1551 342 1620 atth.12.-
401 1561 455 1614 iant
473 1555 550 1614 maii
570 1551 704 1616 cunuchi.
742 1553 811 1617 Tria
835 1553 1030 1616 eunuchorum
1047 1573 1156 1638 genera
1173 1575 1228 1637 pn-

93 1626 139 1686 nit
162 1626 302 1690 Christus.
341 1626 401 1704 Qui
424 1639 524 1690 natura
546 1635 611 1692 sunt
633 1629 788 1712 spadones,
812 1629 858 1693 vel
876 1629 925 1716 qui
944 1630 978 1692 ab
997 1629 1160 1710 hominihus
1180 1652 1228 1692 ca-

94 1703 183 1780 strati,
202 1723 251 1766 eos
270 1723 288 1764 a
306 1705 441 1790 coningio
459 1718 538 1768 arcet
555 1706 692 1783 desectus,
711 1707 776 1788 quia
794 1705 848 1770 viri
866 1715 1031 1770 non-sunt
1059 1706 1228 1773 Aliosdicit
1259 1767 1262 1777 Χ

95 1779 325 1846 esseeunuclios
371 1783 419 1862 qui
441 1805 472 1848 se
495 1795 700 1858 cassaverunt,
728 1796 765 1864 ut·
779 1805 811 1846 se
830 1784 945 1848 liberios
964 1787 1029 1849 Deo
1048 1785 1227 1869 isnpendaiitt

16 1889 17 1922 i
93 1857 146 1918 hos
163 1857 304 1946 immunes
323 1823 425 1922 incita
446 1861 611 1924 necessitate
631 1861 765 1946 coniugii.
804 1862 889 1924 Unde
901 1861 1226 1944 seqnituraliosomnes,
1255 1873 1258 1900 ¹

93 1933 175 2015 quia
194 1935 280 1997 coniu
302 1935 330 1997 io
349 1935 519 2014 abhorrent,
542 1937 677 2022 sacrssega
694 1937 807 2000 audacia
826 1939 974 2029 gigantium
986 1959 1069 2002 more
1082 1961 1147 2002 cuin
1159 1939 1226 2000 Deo

92 2032 230 2102 pugnare.
269 1956 402 2092 duona>
437 2015 505 2077 istae
522 2026 628 2099 urgent
648 2015 787 2077 castrandi
804 2035 916 2091 rocem,
938 2016 1015 2154 puasi
1035 2037 1087 2078 suo
1106 2015 1227 2077 arbitrio

15 2120 19 2166 f
92 2088 286 2178 continentiae
309 2089 402 2173 legem
445 2091 554 2168 omines
575 2091 735 2173 imponant,
768 2091 851 2152 nimis
874 2090 1009 2186 frigium
1033 2103 1085 2154 cst.
1143 2093 1227 2154 Prius

15 2179 17 2217 i
92 2185 170 2225 emm
191 2176 308 2229 testatus
330 2178 374 2229 est
397 2165 541 2244 Chrisnn,
569 2168 664 2230 Deum
689 2169 745 2230 hoc
770 2167 870 2248 quibus
894 2187 987 2230 visum
1011 2179 1054 2229 est
1067 2167 1148 2229 dare.
1170 2171 1226 2234 ,Ei

90 2241 175 2378 paulo
194 2253 263 2324 post
279 2243 384 2304 iterum
402 2255 507 2304 asseret
524 2255 635 2306 temere
653 2241 824 2303 coelibatum
848 2239 929 2332 eligi,
956 2241 1006 2307 ubi
1029 2243 1090 2322 quis
1114 2241 1227 2322 speciali

110 2337 168 2378 ono
192 2319 337 2400 praeditus
361 2327 422 2378 non
446 2329 497 2378 est.
536 2319 636 2394 Quare
660 2317 731 2378 haec
755 2328 885 2378 castratio
908 2337 969 2378 non
991 2312 1083 2377 libero
1109 2315 1227 2378 arbitrio

89 2393 256 2470 subiicitur,
283 2394 334 2458 sed
356 2393 474 2474 simplex
491 2413 589 2473 sensus
609 2403 665 2467 est,
688 2415 775 2472 quum
793 2405 895 2454 natura
912 2393 970 2473 apti
989 2393 1044 2454 sint
1063 2391 1174 2472 quidam
1192 2391 1227 2456 sd

89 2470 267 2552 coniugium,
284 2469 354 2534 lieet
371 2469 539 2546 abstineant,
556 2489 617 2534 non
635 2475 737 2530 minen,
749 2471 844 2530 Deum
862 2477 983 2546 tentare,
1022 2468 1066 2530 uia
1079 2471 1158 2530 Deus
1173 2468 1228 2531 im-

87 2544 260 2606 munitatem
283 2545 337 2605 illis
358 2545 496 2605 concedit
533 2543 659 2624 Propter
678 2565 800 2628 regnum
818 2546 972 2610 coelorum.
1002 2490 1118 2609 lnsulse
1137 2567 1227 2630 expo-

12 2687 13 2690 ,
88 2631 167 2682 nunt
183 2619 276 2697 multi,
288 2621 343 2682 Ad
358 2619 575 2712 promerendam
592 2631 736 2683 aeternam
755 2613 863 2684 vitamt'
893 2621 952 2684 nasi
969 2621 1122 2684 coelibatus
1140 2623 1227 2686 meri-

88 2698 198 2760 torium
209 2695 250 2757 ,in
276 2717 308 2780 se
329 2696 451 2778 aliquem
469 2697 580 2760 cultum
594 2699 753 2776 contineat,
772 2699 854 2762 sicuti
872 2645 1003 2780 lapistae
1020 2700 1148 2785 fingunt,
1168 2713 1226 2764 sta-

10 2823 12 2846 ,
73 2787 152 2837 ·tum
176 2794 240 2836 esse
264 2774 436 2858 angelicum,
470 2773 560 2868 Atqui
579 2774 648 2836 nihil
665 2775 739 2838 aliud
759 2771 849 2838 voluit
869 2773 1010 2853 Christus,
1035 2799 1118 2870 quam
1137 2777 1227 2840 coeli-

89 2852 140 2915 bes
168 2850 247 2914 laune
270 2851 356 2912 finem
382 2849 488 2912 debere
510 2851 563 2912 sibi
587 2852 691 2914 babere
714 2853 906 2946 propositum,
935 2864 968 2912 ut
993 2876 1069 2916 curis
1094 2854 1226 2916 omnibus
1271 2857 1273 2863 '

89 2928 176 2990 soluti
199 2945 263 2992 sese
285 2926 405 2990 alacrius
424 2929 459 2989 ad
474 2927 586 3008 pietatis
605 2927 698 2991 officia
716 2941 873 3024 accingant
911 2929 1004 2992 Stulta
1020 2931 1108 3014 igitur
1125 2929 1227 3024 imagi·
1319 2993 1322 3004 ἵ

88 3005 200 3088 ginatio
226 3016 289 3081 est,
312 3004 482 3066 coelibatum
507 3025 567 3066 esse
591 3005 740 3082 virtutem,
769 3028 834 3088 quia
857 3027 919 3068 non
941 3007 1029 3089 magis
1052 3027 1136 3086 quam
1155 3007 1228 3066 iem-i

88 3082 167 3144 nium
189 3101 247 3176 per
269 3102 300 3142 se
318 3080 384 3142 Deo
396 3079 508 3164 placet,
528 3101 582 3142 nec
604 3082 681 3144 inter
699 3083 846 3164 obsequia,
870 3103 941 3164 quae
958 3103 976 3144 a
994 3083 1077 3143 nobis
1096 3082 1226 3162 requirit,
1287 3103 1289 3110 ·

88 3179 199 3221 censeri
217 3169 363 3233 meretur,
386 3156 484 3218 sedin
502 3157 587 3218 alium
604 3158 690 3220 finem
708 3170 835 3240 spectare
854 3160 952 3220 debet:
979 3159 1038 3218 uno
1058 3159 1227 3220 nominatim

87 3237 249 3316 exprimere
267 3233 359 3298 voluit
379 3233 599 3310 Christunlicet
657 3235 752 3316 ispiam
770 3256 786 3296 a
805 3237 977 3298 scortatione
995 3256 1082 3316 purus
1100 3229 1144 3310 sit,
1164 3253 1241 3298 non*

86 3323 182 3375 minen
208 3310 270 3373 eius
292 3310 462 3372 coelibatum
485 3310 600 3390 probari
653 3331 702 3388 eo,
731 3311 886 3373 sitantum
910 3311 971 3372 oio
996 3331 1047 3372 suo
1072 3323 1102 3372 et
1116 3309 1225 3375 deliciis

10 3419 12 3446 i
86 3389 246 3471 prospicit,
265 3387 314 3448 sed
331 3400 441 3448 tantum
460 3386 516 3448 lioc
534 3387 651 3448 nominc
671 3388 803 3464 excusari,
823 3387 846 3448 si
865 3388 900 3448 ad
918 3323 1034 3448 lileram
1055 3399 1085 3448 et
1103 3389 1225 3452 solutam
1279 3418 1282 3428 ¹

10 3477 11 3538 s
87 3465 222 3528 coelestis
240 3463 315 3526 vitae
333 3463 546 3526 meditationem
563 3485 592 3524 as
613 3465 673 3528 irat.
712 3465 747 3525 ln
766 3485 887 3540 summa,
906 3465 993 3526 docet
1015 3465 1146 3536 Christus
1164 3489 1227 3528 non

10 3539 12 3550 ’
87 3543 152 3606 satis
179 3561 254 3615 esse,
283 3539 308 3602 si
333 3541 530 3602 enatavimus
549 3485 685 3618 coelibes,
708 3541 763 3602 nisi
782 3541 912 3603 consulto
929 3541 964 3600 ab
984 3543 1118 3605 urorilins
1137 3543 1225 3606 alisii*

85 3629 192 3696 neant,
219 3622 278 3696 quo'
294 3635 325 3677 ae
347 3617 496 3697 expediant
514 3617 548 3678 ad
567 3619 683 3680 meliora
704 3615 806 3678 officia.
847 3615 907 3696 Qui
921 3629 1021 3696 potest
1040 3640 1152 3699 capere,
1174 3641 1222 3678 ca·

82 3698 165 3772 piat.
196 3683 259 3752 llac
280 3692 398 3754 clausula
416 3692 550 3755 admonet
570 3693 710 3769 Christus,
730 3694 845 3754 minirnc
862 3695 1052 3774 spernendum
1072 3717 1132 3757 esse
1152 3715 1224 3756 con-

84 3769 160 3852 iugii
179 3789 270 3842 usum,
288 3767 342 3827 nisi
361 3787 447 3830 coeca
464 3771 624 3842 temciitate
646 3791 700 3832 nos
718 3768 748 3831 in
768 3771 881 3832 exitium
900 3773 1067 3853 praecipites
1087 3773 1153 3832 dare
1171 3789 1223 3831 ue-

84 3847 185 3907 limus:
214 3863 283 3904 nam
299 3843 373 3904 dise
392 3844 457 3919 ulis,
482 3859 554 3926 quos
571 3845 684 3909 videbat
703 3847 764 3910 sine
782 3839 885 3908 iudicio
904 3868 1002 3922 ruere,
1025 3867 1139 3908 manum
1157 3843 1223 3903 inii-

85 3942 159 3988 cere
183 3919 320 4002 oportuit.
362 3865 520 3984 laeseram
543 3923 617 3986 utilis
636 3923 766 3986 omnibns
784 3919 940 3987 admonitio
960 3935 1019 3997 est,
1059 3923 1102 3984 uia
1121 3922 1150 3980 in
1171 3919 1225 3980 eli-

85 3997 186 4090 gendo
204 3996 279 4057 vitae
298 4017 406 4080 genere
423 3999 504 4076 pauci
523 3999 590 4078 qnid
612 4001 665 4060 sihi
684 4001 778 4062 datum
798 4000 834 4074 sit
851 4013 990 4082 reputant,
1010 4021 1023 4060 s
1072 3995 1223 4079 prosiliunt

87 4095 152 4136 sinc
176 4071 303 4148 delectu,
329 4093 499 4156 quoeunque
524 4094 573 4138 eos
596 4076 661 4138 tulit
679 4075 900 4138 inconsideratus
918 4075 1030 4138 terior:
1060 4083 1144 4152 atque
1162 4071 1222 4133 uti-

86 4171 155 4214 nam
177 4151 281 4214 fuisset
298 4148 366 4212 olim
384 4149 486 4214 audita.
525 4151 583 4212 Sed
600 4153 698 4216 nescio
718 4152 817 4234 quibus
836 4154 956 4212 Satanae
976 4143 1087 4209 lascinia
1106 4149 1223 4210 obstru-

10 4257 11 4296 ;
87 4237 153 4288 ctae
175 4229 291 4294 suerimt
314 4247 409 4304 aures,
432 4238 469 4288 ut
483 4223 641 4304 reluctante
656 4241 769 4306 satana,
787 4221 866 4308 quasi
884 4225 974 4286 initio
993 4224 1073 4296 Deo,
1090 4222 1220 4302 laqueum

10 4307 11 4314 ἵ
86 4306 218 4400 Perpetui
236 4301 390 4412 coeldtatus
410 4303 464 4402 sibi
482 4303 640 4385 induerint,
664 4325 737 4387 quos
753 4305 789 4364 ad
808 4298 971 4380 coniugiun
987 4297 1068 4358 Deus
1090 4299 1229 4360 vocalius
