2796 4774
387 222 502 300 (203
507 224 538 284 4
575 217 655 282 Iesus
668 237 768 280 eoram
788 220 917 302 Caipha.)
1154 230 1211 294 339

73 375 272 514 00031ιᾶ01οι
289 372 418 449 scribae,
445 371 499 452 qui
528 343 590 439 sine
616 331 717 434 colore¹
740 368 881 436 Christum
902 348 1002 436 ιιιιιιιι
1024 373 1059 436 ad
1088 391 1210 444 mortem
1239 399 1242 406 ’
1333 339 1336 346 ⁴

88 473 142 534 pos
201 472 221 512 ιι
551 501 555 508 ,
583 498 586 508 .

24 695 36 714 “
94 767 98 780 ,
175 691 283 775 (204.)
323 687 494 758 ΜΑΤΤΗ.
519 685 636 750 XXVI.
666 683 731 756 'fin
757 683 800 750 Ει
827 703 970 772 surgens
989 708 1132 758 summus
1159 713 1211 760 sa-

88 791 205 862 cerdos
230 793 274 858 ait
298 791 362 872 illi,
395 789 485 856 Nihil
505 784 701 874 respondes?
736 783 815 874 quid
836 787 890 852 isti
912 799 1022 856 contra
1043 803 1076 859 te
1097 793 1209 862 tastili-
1253 827 1255 832 ·

88 898 220 962 eantur?
261 892 313 958 63.
334 893 423 958 lesus
445 901 552 956 autem
564 886 697 955 tacebat
716 888 758 954 Et
780 887 979 976 respondens
1000 901 1139 962 summus
1160 919 1211 968 sa-

88 997 206 1064 cerdos
228 998 270 1062 ait
290 993 352 1074 illi,
374 992 499 1058 Adiuro
520 1002 552 1058 te
572 1013 632 1078 per
651 991 758 1056 Deum
779 993 951 1070 viventem,
985 1003 1020 1058 ut
1041 994 1129 1062 dieas
1151 1021 1209 1066 no·

88 1097 153 1180 bis,
178 1120 219 1164 an
240 1108 275 1163 ιιι
296 1099 340 1164 sis
364 1095 512 1164 Christus
533 1094 637 1160 Filius
658 1093 732 1192 00.
758 1093 828 1158 «64
849 1086 940 1168 Βιιιιι
957 1092 1005 1158 illi
1026 1096 1129 1177 lesus,
1157 1102 1210 1166 Tu

88 1201 210 1282 dixisti,
230 1209 435 1267 veruntamen
457 1189 531 1263 dico
552 1195 660 1275 vobis,
670 1193 817 1260 amodo
838 1191 992 1262 videbitis
1013 1195 1130 1270 Filium
1149 1198 1209 1274 ho-

86 1306 187 1370 minis*
204 1302 366 1370 sedentem
388 1321 407 1364 a
428 1297 561 1363 dextris
573 1297 710 1374 virtutis,
747 1303 778 1361 et
795 1298 978 1365 venientem
1004 1299 1050 1364 in
1066 1299 1209 1370 nubibus

87 1405 182 1492 coeli.
224 1403 277 1468 65.
305 1405 400 1468 Tunc
427 1407 566 1466 'summus
589 1397 738 1463 saceldos
765 1396 903 1464 discidit
928 1403 1113 1468 vestimenta
1144 1421 1211 1486 sus,

87 1482 217 1580 dicens,
243 1501 492 1622 Blasphemavit:
531 1499 651 1587 quid
640 1521 772 1589 insuper
798 1521 925 1586 egemus
955 1491 1107 1572 testibus?
1094 1509 1210 1574 isere

85 1629 177 1680 nunc
206 1605 339 1671 audistis
376 1607 445 1669 eius
477 1602 712 1690 blasphemiam.
755 1602 807 1670 66.
831 1603 921 1690 Quid
950 1604 1045 1710 vobis
1065 1607 1211 1676 videtur?

86 1711 134 1777 At
160 1705 208 1774 illi
234 1705 463 1795 respondentes
490 1703 648 1784 dirmunt,
678 1707 767 1770 Reus
795 1714 843 1770 est
868 1695 988 1776 mortis.
1033 1709 1085 1776 67.
1115 1711 1211 1776 Tunc

29 1866 31 1874 ,
86 1819 285 1899 exspuerunt
305 1812 338 1878 in
359 1809 473 1876 faciem
495 1809 577 1887 eius,
599 1818 639 1876 et¹
653 1803 795 1894 colaphis
818 1829 890 1877 eum
913 1809 1110 1879 ceciderunt:
1153 1813 1209 1884 alii

86 1925 192 1981 antem
213 1913 333 2003 palmas
354 1911 520 1978 infaciem
541 1912 610 1976 eius
631 1911 846 1994 incusserunt,
888 1912 941 1978 68.
964 1913 1123 1998 oscenses,
1143 1917 1209 1988 Va.

85 2019 221 2085 ticiuare
242 2015 352 2096 nobis,
373 2011 515 2092 Christe,
536 2014 608 2100 quis
630 2023 692 2093 est,
710 2013 767 2100 qui
787 2023 819 2078 te
831 2015 1005 2114 'percussit
1143 2093 1162 2113 Γ
1225 2023 1227 2029 ’

175 2184 316 2253 Manu
338 2185 425 2251 XIV.
466 2181 518 2250 60.
539 2183 582 2264 Ει
603 2203 737 2268 surgens
759 2204 899 2251 summus
919 2183 1101 2253 sacerdos
1090 2208 1125 2254 ιιι
1144 2209 1210 2254 me·
1332 2212 1337 2239 ι

6 2303 7 2306 ’
86 2289 192 2370 dium,
188 2289 409 2374 interrogavit
428 2289 553 2366 lesum,
577 2284 700 2365 dicens,
725 2283 802 2350 Non
825 2287 1002 2380 respondes
1019 2291 1211 2402 quicquam?

87 2393 167 2484 quid
188 2393 241 2458 isti
263 2391 414 2456 adversus
436 2399 468 2453 te
483 2385 715 2475 testificantur?
769 2389 822 2453 61
843 2390 886 2454 As
906 2389 962 2454 ille
984 2387 1122 2472 tacebat,
1154 2385 1211 2458 de·

19 2509 27 2539 t
88 2516 155 2581 que
176 2497 346 2581 quicquam
367 2487 593 2580 respondebat.
657 2491 797 2556 Rursum
823 2511 965 2560 summus
991 2477 1173 2561 sacerdos
1163 2517 1211 2562 rn-

87 2598 276 2682 terrogavit,
298 2605 329 2658 et
349 2592 425 2658 dicit
445 2591 508 2670 illi,
535 2591 586 2656 Τιι
608 2612 642 2656 es
664 2591 813 2662 Christus
833 2593 920 2658 lilius
942 2595 1126 2678 Benedicti?
1156 2597 1209 2664 62.

86 2700 181 2764 lesus
204 2707 309 2762 autem
330 2695 420 2774 dixit,
440 2695 549 2782 Ego
534 2701 618 2758 sum:
640 2704 671 2758 et
688 2691 840 2760 videbitis
854 2689 978 2792 οιιίιιιιι
1000 2687 1194 2788 ιιοιιιίιιιι“”
1160 2703 1211 2771 se'-

89 2799 215 2868 dentem
238 2821 258 2864 a
280 2797 396 2864 dextris
417 2798 554 2876 virtutis,
575 2806 607 2862 et
627 2799 834 2866 venientem'
824 2784 859 2862 ιιι
879 2795 1021 2866 nubibus
1039 2781 1139 2870 cheli.
1157 2803 1210 2868 63.

88 2903 241 2969 Summus
262 2912 365 2966 autem
388 2897 538 2966 sacerdos
565 2899 706 2965 discissis
731 2897 885 2978 vestibus
895 2892 968 2966 suis
994 2902 1084 2981 dixit,
1121 2885 1211 2988 Qdid

74 3004 199 3082 ,adhuc
220 3024 302 3096 opus
329 2999 483 3069 hahemus
509 3000 662 3068 testibus?
723 3001 775 3066 64.
802 2999 944 3086 Audistis
964 2997 1209 3096 blasphemiam:

9 3109 10 3112 ’
87 3105 169 3196 quid
195 3104 291 3174 vobis
318 3105 463 3172 videtur?
504 3101 555 3173 llli
579 3121 658 3170 vero
687 3124 797 3170 omnes
824 3103 1115 3172 condemnaverunt
1138 3111 1210 3173 euri

87 3231 161 3276 esse
182 3230 271 3275 reum
291 3210 417 3273 mortis·
477 3207 529 3272 65.
549 3207 592 3272 Et
618 3216 793 3294 coeperunt
819 3207 947 3294 quidam
976 3213 1156 3294 conspuere
1176 3210 1210 3275 in

89 3307 177 3391 eum,
209 3321 240 3378 et
261 3309 412 3379 obvelare
433 3309 545 3376 faeiem
568 3311 651 3388 eius,
687 3317 718 3374 et
740 3306 880 3396 colaphis
911 3331 981 3376 eum
1003 3303 1148 3392 caedere
1179 3323 1211 3379 el

90 3411 198 3482 dicere
217 3411 280 3494 illi,
301 3414 428 3480 Divina.
469 3413 512 3480 Et
532 3413 667 3478 ministri
688 3409 831 3520 colaphis
855 3433 927 3478 eum
949 3412 1171 3543 caedebant¹

174 3582 275 3650 LUC.
295 3585 391 3651 Xllll
427 3583 480 3650 63.
501 3585 544 3650 Ει
564 3587 634 3664 viri,
655 3586 710 3682 qui
731 3547 882 3650 tenebant
898 3585 1012 3666 lesum,
1033 3517 1211 3654 illudebetlt

91 3687 121 3753 ei
143 3685 319 3752 caedentes.
383 3686 436 3752 64.
457 3687 499 3752 Ει
520 3711 618 3774 quum
641 3709 711 3752 eum
734 3685 878 3774 undique
902 3687 1072 3781 velassent,
1096 3682 1210 3776 perdri-

91 3785 212 3856 tiebant
233 3787 344 3854 laciem
366 3790 443 3854 eius.
485 3789 527 3854 Et
547 3787 783 3892 interrogabapt
805 3807 891 3869 enm,
919 3771 1072 3868 dicentes,
1092 3790 1212 3852 Vatini

91 3911 182 3970 nare,
205 3893 277 3976 quis
300 3898 347 3954 est
368 3888 441 3964 ille,
462 3893 517 3976 qui
539 3902 571 3955 te
592 3895 766 3978 percussit?
796 3893 848 3959 65.
871 3892 913 3957 Et
933 3893 995 3956 alia
1017 3891 1114 3956 multa
1136 3881 1212 3998 con·

90 3993 236 4057 vitiantes
266 3989 451 4058 dicebant
440 4013 475 4056 ιιι
504 4013 584 4058 eum.
649 3987 701 4058 66.
722 3995 828 4082 Atque
850 4004 885 4062 ιιι
914 3993 1027 4074 illuxit,
1054 4015 1212 4082 convene

91 4105 164 4165 runt
185 4096 330 4167 seniores
348 4093 475 4183 plebis,
496 4105 528 4160 et
546 4097 707 4184 prinsipes
735 4095 1006 4171 sacerdotumset
1019 4092 1161 4171 scribae,
1182 4075 1215 4181 et

92 4197 249 4264 duxerunt
269 4191 416 4265 illumin
438 4197 607 4265 conscilium
629 4219 739 4278 suum,
800 4197 853 4264 67.
874 4197 1042 4276 Dicentes,
1069 4197 1156 4264 Nom
1176 4196 1214 4266 'tu

94 4321 126 4365 es
148 4297 318 4368 Christus?
356 4300 409 4369 dic
430 4299 536 4370 nobis.
578 4301 620 4368 Et
641 4303 684 4368 ait
705 4299 785 4380 illis,
817 4301 853 4366 Si
873 4291 1123 4460 vobisfflpixero,
1146 4322 1212 4372 non
