2796 4774
206 257 268 322 aet
432 253 544 318 SECT.
562 252 643 316 xlx.
674 267 800 318 cunum
818 238 930 316 eissro
949 267 990 316 ιιι
1009 267 1103 315 mons.
1191 294 1201 315 1

90 474 93 483 ,
207 403 309 493 μ),
336 401 641 468 mammam·
664 403 823 466 omem
846 371 1326 469 aaud'msmmeemu

207 485 301 569 gaitae
318 483 450 558 ordinis,
462 483 539 560 qnod
560 483 679 548 decurio
699 481 797 560 luerit,
821 481 867 545 vel
888 491 1024 556 aendor,
1048 495 1081 542 ut
1095 481 1150 544 hac
1167 505 1286 564 quoque
1303 487 1329 545 in

161 587 164 594 ¹
206 571 289 646 parte
306 557 428 622 reluceat
450 555 506 619 Dei
525 555 626 618 virtus:
650 555 792 638 quianon
811 577 845 617 ex
863 557 982 621 obscura
1002 556 1084 639 plebe
1099 561 1261 640 suppositus
1281 573 1328 635 est,

207 637 257 730 qui
274 639 429 726 raptim'et
443 631 598 726 clanculum
618 633 724 726 Christi
742 653 849 726 milui
863 632 1022 724 desederet,
1040 626 1089 695 sed
1108 655 1143 695 ex
1160 635 1218 726 alto
1239 635 1330 698 hono·

175 709 1140 872 aare,tirestaammtrm
1155 733 1327 850 usta

204 862 335 944 apparuit
354 863 409 924 hoc
429 875 521 924 totum
541 861 597 924 Dei
620 861 738 924 consilio
757 872 787 924 ct
809 883 893 924 manu
933 859 1071 922 uberoari.
1109 863 1259 925 Docemur
1282 889 1328 926 au-

204 951 264 1002 ten
282 937 338 1002 hoc
359 939 502 1020 exemplo,
522 949 631 1002 tantum
651 937 686 1000 ab
706 939 884 1000 excusatione
901 883 996 1000 abesse
1013 937 1124 1014 divites,
1141 939 1163 1002 si
1183 940 1325 1002 Christum

203 1015 318 1079 honoro
336 1037 388 1078 ruo
408 1015 552 1090 fraudent,
575 1026 609 1076 ut
630 1013 666 1076 du
687 1013 746 1076 licis
770 1013 868 1096 culpae
884 1015 978 1096 potius
996 1015 1038 1076 rei
1047 1014 1125 1091 sint,
1144 1017 1212 1078 dum
1230 1019 1327 1080 stimu-
1369 1065 1370 1094 ,

206 1093 259 1169 los,
317 1091 507 1157 ‘bus'iucitari
526 1111 576 1154 eos
595 1091 646 1152 dec
683 1101 721 1168 at,
739 1103 910 1154 convertunt
926 1091 957 1151 iu
976 1089 1125 1152 obstacula.
1147 1093 1251 1154 Fateor
1269 1095 1328 1176 qui-

205 1169 287 1231 dem'
349 1169 446 1230 'nimis
469 1181 636 1230 consuetum
655 1187 716 1230 esse
740 1179 770 1228 et
788 1167 917 1249 vulgare,
938 1177 971 1227 ut
989 1187 1019 1227 se
1041 1188 1057 1228 a
1075 1167 1143 1250 iugo
1163 1170 1325 1246 subducant,

204 1245 254 1328 qui
272 1245 405 1307 videntur
422 1249 491 1328 prate
509 1243 568 1304 aliis
582 1243 738 1318 'excellerc,
767 1255 808 1304 ut⁴
820 1243 930 1304 delicati
953 1243 1011 1304 sint
1032 1255 1065 1304 ac
1088 1244 1200 1320 molles,
1222 1259 1257 1305 ut
1278 1248 1323 1305 ni-

204 1323 292 1383 mium
310 1321 421 1403 providi
446 1333 476 1382 et
499 1319 602 1380 timidi:
622 1347 626 1358 .
642 1322 692 1382 sed
717 1320 938 1398 nobis'ineunda
954 1329 1004 1400 est
1017 1319 1064 1379 lon
1087 1341 1103 1380 e
1121 1321 1227 1382 dir'ersa
1243 1323 1321 1396 ratio,

205 1399 260 1462 otri
277 1410 346 1480 opes
371 1411 401 1460 et
423 1397 547 1458 honores
570 1397 727 1480 adiumenta
752 1397 809 1457 sint
832 1397 867 1456 ad
890 1395 1038 1478 colendum
1063 1339 1173 1470 ileum,
1202 1419 1252 1458 nos
1271 1399 1321 1459 illis

203 1493 353 1558 perperam
370 1474 456 1537 abuti.
495 1473 709 1538 circumstantia
728 1486 785 1534 tem
806 1473 863 1534 oris
881 1474 977 1548 docet,
1007 1495 1089 1554 quam
1108 1473 1188 1534 facile
1207 1473 1244 1535 sit
1260 1477 1322 1536 Deo

203 1551 352 1636 corrigere
369 1569 470 1633 prauos
487 1564 578 1612 metus
622 1550 670 1630 qui
693 1569 746 1610 nos
770 1494 804 1610 ab
829 1548 924 1609 officio
943 1549 981 1608 im
1002 1549 1104 1616 odiunt.
1145 1549 1244 1626 Quum
1261 1564 1322 1612 ante
1367 1543 1368 1560 ¹

203 1647 265 1689 non
284 1629 400 1690 auderet
415 1625 534 1708 loseph,
553 1649 585 1688 re
606 1649 637 1686 us
657 1625 747 1688 dubiis
765 1628 888 1719 ingenue
907 1645 937 1686 se
957 1569 1063 1686 clristi
1080 1623 1243 1704 discipulum
1259 1650 1323 1708 prof
1369 1619 1370 1710 l

202 1705 294 1780 fiteri,
314 1725 404 1776 nunc,
433 1705 483 1765 ubi
502 1703 621 1764 maxime
639 1703 718 1764 ardet
737 1703 859 1763 hostium
873 1705 970 1777 ‘suror,
994 1713 1022 1761 et
1046 1701 1159 1764 saevitia
1177 1717 1322 1785 grassatur,
1369 1743 1370 1754 ι

203 1781 329 1842 animum
347 1775 469 1861 colligit,
500 1787 533 1838 ut
550 1778 581 1838 in
599 1790 728 1870 apertum
748 1777 896 1840 discrimen
919 1797 949 1839 se
972 1777 1113 1838 coniicere
1132 1799 1189 1838 uon
1207 1780 1321 1840 dubitet

203 1857 340 1921 Videmus
364 1875 448 1936 crgo,
477 1865 510 1914 nt
535 1853 675 1914 Dominus
705 1867 853 1916 momento
872 1853 957 1916 cnrda
976 1853 1080 1914 formet
1098 1854 1128 1912 in
1145 1874 1233 1916 novos
1253 1857 1322 1916 alfe-

202 1941 281 2004 ctus,
307 1951 340 1992 ac
360 1933 450 2012 erigat
466 1929 565 2012 spiritu
584 1928 768 2004 fortitudinis,
802 1930 850 2010 qui
868 1931 943 2014 prius
964 1926 1077 2010 collapsi
1096 1942 1180 1990 erant
1220 1933 1322 1993 Caete-
1361 1937 1370 2004 'J

170 2039 179 2048 -
201 2025 265 2070 mm
282 2005 306 2068 si
324 2005 372 2088 pio
392 2005 548 2068 honorandi
567 1999 672 2068 Christi
691 2005 785 2066 studio
807 2019 918 2068 tautum
941 2005 1056 2067 fiduciae
1075 2006 1191 2088 sumpsit
1205 2007 1320 2089 Ioseph,
1369 2011 1370 2050 ³

201 2088 290 2174 quum
308 2096 438 2146 mortuus
457 2084 486 2143 in
506 2102 591 2144 cruce
611 2079 763 2164 penderet,
780 2081 834 2144 nisi
853 2083 949 2176 bodie²
969 2094 1118 2164 postquam
1138 2087 1289 2146 resurrexit
1305 2107 1319 2143 a

201 2159 334 2240 mortuis,
362 2159 436 2222 i'dcm
455 2159 552 2223 saltem
569 2159 629 2220 eius
647 2157 821 2246 glorificandi
839 2161 917 2245 viget
939 2182 969 2220 m
995 2157 1125 2222 cordibus
1151 2162 1255 2226 uostris
1274 2183 1319 2222 ue-

201 2236 260 2317 lus,
279 2239 332 2300 tac
349 2237 637 2301 nostracrocordiae.
894 2239 897 2246 ⁴
1156 2286 1158 2290 -
1369 2271 1370 2282 ι

276 2317 365 2380 Marc.
383 2319 442 2389 ⁴18.¹
456 2325 484 2376 et
501 2314 571 2375 Luc.
589 2317 637 2376 51„
687 2311 750 2392 Qui
772 2323 803 2378 et
826 2316 890 2374 ire
911 2321 978 2373 erat
1001 2329 1178 2398 asspectum
1202 2335 1316 2396 reguum
1369 2361 1370 2366 ι

199 2393 265 2454 Dei.
305 2393 372 2453 Hoc
396 2390 549 2472 praecipuo
573 2391 617 2452 elo
639 2389 666 2449 io
691 2399 807 2451 ornatur
829 2337 948 2483 lisseph,
977 2397 1055 2472 quod
1080 2405 1249 2478 exspectaret
1270 2409 1315 2449 re·
1369 2417 1370 2438 ι

199 2483 290 2554 gnum
308 2467 375 2530 Dei.
412 2467 553 2528 Laudatur
572 2411 684 2547 quiiem
705 2466 789 2528 etiam
807 2487 823 2528 a
839 2467 956 2541 iustitia,
987 2474 1037 2534 aed
1061 2470 1229 2554 exspectatio
1253 2467 1316 2528 haee
1369 2483 1370 2508 ι

159 2607 163 2622 ,
198 2544 282 2624 regui
303 2545 360 2605 Dei
383 2543 502 2604 iustitiae
524 2542 601 2603 radix
625 2547 654 2604 et
679 2543 762 2626 origo
788 2541 851 2602 tute
895 2544 953 2605 Per
975 2567 1096 2629 regnum
1119 2544 1182 2610 Dei*
1197 2545 1315 2625 intellige

197 2618 363 2698 promissam
380 2619 410 2678 in
431 2619 548 2681 Christo
568 2619 823 2680 instaurationem·
843 2619 918 2682 Nam
934 2623 1039 2690 ordinis
1058 2621 1214 2710 integritas,
1240 2639 1314 2702 quam
1369 2629 1370 2634 ’

199 2693 306 2772 ubique
331 2694 492 2776 Prophetae
513 2695 634 2757 adventu
661 2693 766 2758 Christi
783 2695 914 2758 loturam
943 2703 1140 2778 promiserant,
1170 2715 1244 2763 stare
1262 2717 1314 2756 non

189 2779 307 2910 potest,
335 2769 389 2830 nisi
408 2793 493 2850 quom
512 2772 590 2831 Deus
613 2771 741 2832 homines
761 2773 905 2856 dissipatos
925 2776 976 2836 sub
996 2778 1032 2837 im
1054 2779 1141 2840 crium
1159 2799 1238 2840 suum
1258 2774 1313 2835 col-

218 2846 269 2930 git.
308 2845 371 2908 Hae
388 2845 492 2926 itaque.
508 2857 576 2909 nota
596 2846 809 2908 commendatur
827 2849 915 2930 pietas
934 2851 1061 2935 losepbr,
1094 2854 1169 2934 quod
1194 2855 1222 2914 in
1245 2861 1315 2912 statu
1369 2847 1370 2904 l

196 2921 311 3007 perdito
331 2941 410 3008 spem
424 2920 628 3006 redemptionis
647 2924 758 2999 aluerit,
778 2942 849 3004 quae
868 2947 884 2985 a
902 2927 968 2988 Deo
988 2929 1121 3010 promissa
1143 2940 1209 2992 era't.
1240 2928 1313 2987 Hinc

196 3001 281 3063 etiam
298 3001 423 3062 irascitur
437 2998 525 3060 timor
543 2999 612 3080 Dei,
631 3011 661 3061 et
679 3013 775 3062 sancte
793 3013 870 3062 recte
891 3024 926 3064 ue
945 3005 1057 3067 vivendi
1074 3007 1208 3084 studium,
1226 3021 1311 3083 neque

195 3077 271 3138 enim
289 3078 354 3139 lieri*
368 3085 475 3163 potest,
509 3086 541 3136 ut
559 3095 590 3136 se
610 3077 674 3137 Deo
691 3025 972 3170 quisquamaidieat,
1004 3082 1058 3143 nisi
1077 3083 1123 3166 qui
1144 3105 1206 3144 eum
1222 3089 1310 3162 sperat
1369 3117 1370 3156 3

125 3203 136 3216 ,
194 3153 254 3214 sibi
268 3153 448 3216 liberatorem
467 3153 539 3213 sore.
577 3151 714 3213 Notemus
731 3165 837 3230 autem,
856 3177 956 3238 ¹quum
974 3159 1105 3220 omnibus
1124 3159 1225 3220 Iudaeis
1243 3175 1310 3236 pro·
1369 3181 1370 3194 ι

193 3230 302 3292 misene
325 3231 460 3294 destinata
481 3240 555 3292 esset
579 3229 649 3292 salus
673 3229 703 3290 in
729 3231 854 3308 Christo,
882 3233 995 3316 eiusque
1016 3235 1163 3316 promissio
1186 3233 1309 3294 omnihus
1369 3267 1370 3284 ι

191 3309 351 3368 eommunis
376 3317 462 3378 esset,
494 3306 630 3387 Spiritum
654 3317 781 3366 sanctum
798 3314 864 3368 ἰιοιι
888 3309 941 3372 nisi
964 3310 999 3372 ‹le
1024 3311 1191 3392 paucissimis
1213 3307 1308 3378 testari,

192 3381 270 3460 quod
288 3381 334 3442 hie
355 3381 508 3444 audivimus
526 3383 562 3442 de
580 3381 712 3462 Iosepbo.
729 3385 731 3394 ’
751 3381 836 3442 Unde
858 3393 981 3476 apparet,
999 3381 1242 3468 incomparabilem
1259 3383 1310 3444 liei
1365 3387 1370 3460 ,J

192 3455 309 3598 §rafiam
333 3458 458 3550 maligna,
478 3458 657 3536 totiusgsere
673 3457 777 3592 lpopuli
802 3457 945 3521 oblivione
970 3461 1053 3523 fuisse
1078 3466 1152 3525 tunc
1172 3461 1307 3560 sepultam.

222 3533 335 3596 olitabat
359 3535 470 3614 quadem
495 3533 595 3612 passim
617 3533 647 3592 io
694 3531 774 3614 uguis
803 3537 931 3596 omnium
957 3537 1111 3601 defuturo
1137 3535 1243 3600 Chrsti
1266 3537 1308 3596 ad·
1369 3593 1370 3600 ,

171 3613 280 3683 ,ventu
303 3609 445 3672 iactantia:
476 3609 525 3670 sed
547 3629 700 3688 paucorum
725 3609 823 3670 animis
847 3611 962 3674 infixum
986 3627 1045 3677 erat
1063 3615 1119 3676 Dei
1132 3615 1253 3690 ‘foedus
1280 3623 1308 3674 ut

191 3687 252 3747 fide
268 3687 302 3747 ad
326 3686 495 3768 spiritualem
517 3685 730 3746 renovationem
752 3693 940 3773 assurgerent.
982 3689 1151 3753 Horrendus
1177 3689 1308 3755 sanescit

122 3787 125 3794 ⁴
190 3755 238 3822 ille
257 3775 380 3844 stupore
392 3761 512 3843 ideoque
532 3761 590 3820 non
610 3760 769 3839 mirumst
787 3773 857 3843 pura
876 3763 974 3848 religio
997 3767 1187 3840 obsoleverat,
1211 3767 1309 3828 exstin-

193 3849 239 3898 cta
258 3839 441 3900 salutis'fidet
497 3834 612 3895 litinam
634 3857 705 3899 vero
729 3853 787 3899 non
813 3837 907 3901 similis
928 3854 1000 3906 esset
1022 3843 1102 3904 huius
1117 3843 1237 3906 infelicis
1255 3864 1311 3905 sae-
1369 3869 1370 3874 ¹

191 3913 246 3974 edi
264 3909 614 3998 corruptelhsss'bpp'aruit
632 3915 722 3998 semel
740 3915 867 3978 Christus
888 3915 1006 3979 Iudaeid'
1017 3931 1047 3994 et
1059 3921 1120 3998 toti
1139 3921 1245 3982 mundo
1256 3923 1309 3982 Re·

190 3989 334 4084 cicrrrptor·²
359 3995 392 4050 ut
409 3986 616 4080 Prophetarum
635 3989 772 4065 vaticiniis
795 4002 928 4068 testatum
952 3989 1056 4055 luerat:
1082 3985 1166 4058 rebus
1192 4019 1225 4060 cx
1244 4018 1309 4059 con-

189 4065 331 4128 susadissr
367 4066 496 4126 tionem
515 4073 625 4123 rectum
644 4077 674 4125 et
692 4066 849 4160 legitimum
868 4081 968 4130 statum
986 4073 1164 4154 compositis,
1196 4095 1309 4158 regnum

188 4139 246 4200 net
266 4143 367 4202 erent:
379 4153 382 4162 '
395 4143 517 4220 'tempus‘
533 4139 648 4229 militiae
671 4143 754 4223 nobis
797 4145 968 4226 raeseripsit,
996 4169 1053 4228 quo
1079 4151 1241 4230 patientiam
1260 4171 1312 4212 no-
1369 4125 1370 4204 l

187 4224 274 4276 ettam
293 4219 548 4304 exerceat,-dnnee
566 4225 668 4306 uterum
689 4239 705 4276 e
724 4163 804 4292 coeli
823 4220 951 4298 adveniat
972 4221 1121 4304 perfector
1146 4225 1203 4287 eius
1219 4227 1315 4309 regni,
1369 4225 1370 4242 ³

188 4289 447 4376 quod'mclroamtt‘
498 4290 733 4372 Quotusquisque
750 4297 785 4355 ad
805 4315 865 4356 eam
884 4319 961 4378 spem
980 4298 1025 4362 vel
1043 4299 1224 4366 mediocriter
1238 4305 1315 4384 aspi.
1369 4295 1370 4358 l

92 4365 100 4391 t
186 4355 248 4418 raet
277 4361 334 4418 ‘An
351 4363 412 4420 noh
425 4363 547 4440 *perinde
565 4377 659 4428 terrae
677 4367 919 4436 affixi'sumtcre
941 4393 1054 4455 omnes,
1076 4377 1133 4442 acsi
1152 4377 1226 4442 nulla
1243 4400 1314 4461 pro·

200 4707 241 4716 *¹*
248 4713 365 4726 ——--fl—--
