2790 4764
86 1521 91 1530 .
177 1473 257 1534 mino
275 1473 431 1534 remedium
452 1493 489 1533 ne

76 1797 83 1822 ¹
176 1789 319 1856 tremper

180 253 258 318 ltt‘
456 249 565 314 sect.
587 249 652 312 XV.
695 265 783 311 rssns
802 265 844 310 nr
864 247 1036 314 hncmnm.

109 438 112 450 ·
182 417 212 468 et
231 401 326 464 linctu
343 397 476 464 Chr'utns
492 419 569 463 suam
589 400 749 462 doctrinam
768 393 925 462 coufirmat
954 403 1055 486 Neque
1072 401 1148 465 enim
1165 421 1249 485 parca
1264 426 1309 466 res

182 493 239 556 est,
262 479 384 540 animam
409 479 531 540 &tanae
551 478 737 560 mancipatam
762 478 828 542 Deo
851 477 1007 570 acquirere.
1045 480 1130 544 Unde
1151 491 1245 544 autem
1268 482 1308 556 fir,

181 569 212 618 nt
230 557 392 648 non.saepe
410 553 573 648 resipiscant
591 555 648 644 qui
659 551 726 644 lppsi
745 564 826 626 sunt,
855 554 909 613 nist
928 555 992 634 quia
1011 556 1109 618 odiose
1130 569 1159 618 et
1176 556 1310 618 hostiliter

181 631 273 696 vexau
291 629 488 692 obstinationis
507 630 606 692 callum
625 630 678 690 subt
697 627 861 692 obducunt?
903 631 944 690 Er
965 652 982 690 o
1006 633 1077 694 nihil
1099 635 1311 695 mansuetudine

181 708 285 792 aptius,
306 726 377 786 quae
400 707 466 768 Deo
488 705 665 778 reconciliat,
689 705 738 786 qui
760 705 796 765 ab
820 723 856 766 eo
882 649 1051 769 exciderant
1080 710 1153 785 ,Qui
1177 731 1245 772 vero
1268 711 1312 770 in-

180 791 370 866 temperanter
387 781 446 842 ruit
464 780 628 844 inunum
639 781 788 856 ¹sartorem,
815 793 916 862 sponte
936 781 1076 846 fraternae
1094 785 1204 862 salutis,
1268 809 1313 848 am

179 862 209 922 in
234 879 320 920 mauu
343 857 481 938 babebat,
504 857 637 920 iacturam
656 857 732 920 facit.
771 858 855 941 Apud
875 859 990 918 Locum
1008 859 1112 922 diserte
1130 862 1211 923 iubet
1256 863 1313 924 hri·

177 949 245 1011 stus,
264 956 318 996 uos
336 935 444 1018 priuata
462 933 660 1019 obiurgatione
679 955 741 996 esse
760 945 922 1009 contentos,
945 935 970 996 si
987 935 1022 995 ad
1041 937 1245 1016 poenitentiam
1265 942 1315 1000 ad-

177 1013 278 1074 ductus
296 1013 333 1074 sit
352 1013 448 1076 irater.
495 1013 572 1073 Hinc
591 1012 675 1074 etiam
695 1011 852 1096 colligitur,
873 1032 956 1092 quam
979 1014 1136 1074 neccssaria
1158 1016 1194 1075 sit
1217 1027 1316 1078 mutua

177 1090 255 1152 iuter
271 1087 367 1152 fideles
384 1089 636 1174 reprehensionum
655 1088 777 1174 libertas·
808 1089 881 1149 Nam
896 1108 981 1168 quum
997 1088 1105 1168 saepius
1120 1091 1239 1171 quisque
1258 1114 1316 1152 no-

177 1177 268 1228 strum
288 1167 413 1246 quotidie
432 1167 581 1248 delinquat,
598 1165 756 1248 plusquam
772 1164 885 1226 crudele
898 1177 949 1238 est,
967 1163 1077 1226 silentio
1092 1179 1194 1227 nostro
1209 1183 1242 1228 ac
1257 1169 1317 1230 dis-

178 1244 356 1306 simulatione
374 1245 497 1327 prodere
515 1263 614 1304 eorum
632 1240 764 1320 plutem,
789 1261 860 1322 quos
879 1241 967 1302 amica
986 1239 1184 1325 obiurgatione
1207 1243 1242 1304 ab
1266 1245 1315 1304 in-

177 1320 266 1382 teritu
284 1320 396 1400 eripere
414 1320 522 1383 liceret.
561 1321 633 1378 Nam
660 1317 712 1393 etsi
735 1337 795 1377 non
818 1332 930 1400 semper
952 1318 1092 1392 succedit,
1117 1318 1196 1400 gravi
1211 1331 1315 1381 'tamen

177 1407 258 1458 reatu
270 1397 481 1478 constringitur,
502 1394 597 1530 quipe
617 1393 738 1530 clugrauda
756 1392 873 1470 fratrum
893 1392 982 1530 galate
998 1395 1200 1533 praescriptupln
1209 1415 1236 1533 1}
1246 1397 1315 1488 Do·

176 1571 243 1622 nus,
266 1559 298 1608 ut
317 1548 404 1630 magis
422 1547 456 1609 ad
475 1567 494 1608 o
521 1493 600 1606 bibio
620 1481 1213 1621 supgnulittsgnuggpguggutgrpbssstlpoggpem
1231 1493 1314 1609 tinnii-

178 1623 284 1689 scribit.
315 1624 416 1716 Neque
435 1623 511 1686 enim
530 1622 671 1684 hominem
691 1633 860 1686 conuertere
878 1622 908 1680 in
927 1623 1012 1684 dum
1030 1641 1113 1706 quarn
1131 1625 1161 1685 iu
1181 1647 1245 1687 enm
1264 1645 1314 1685 so-

177 1700 235 1761 lum
258 1711 406 1837 competit:
430 1699 600 1762 hortamen
620 1698 715 1782 elogio
736 1696 803 1760 licet
822 1698 951 1760 indebito
970 1721 1023 1761 nos
1044 1713 1139 1778 ornat,
1160 1703 1236 1783 qsrod
1253 1701 1314 1762 fra-

340 1776 408 1836 'tum
426 1773 619 1836 lucrifacimus.
911 1813 913 1818 .

254 1855 302 1916 16.
344 1851 507 1914 Sitonum
525 1851 670 1922 audierit,
695 1849 927 1910 mastrucam.
971 1851 1119 1912 Secundus
1138 1845 1240 1935 gradus
1259 1863 1313 1927 est,

176 1947 280 2022 nempe
299 1939 333 1988 ut
354 1928 473 1990 testibus
492 1927 680 2009 interpositis,
705 1947 816 1986 rursum
835 1935 999 2014 moneatur,
1025 1927 1074 2008 qui
1097 1949 1110 1988 s
1151 1930 1312 2021 praefracte

177 2015 265 2086 gessit
288 2025 321 2065 er
379 2003 523 2066 bominem
546 2025 648 2078 uuum,
672 2001 719 2063 vel
744 2002 836 2062 miuus
860 1999 915 2060 suut
938 2001 1044 2062 docilis.
1092 1949 1239 2066 (ibisciunt
1263 2004 1311 2066 bic

176 2079 303 2174 quidam,
339 2093 429 2142 rustra
448 2081 544 2143 vocari
561 2086 668 2154 testes,
688 2079 711 2139 si
734 2099 798 2139 cum
822 2075 937 2137 homine
958 2077 1031 2138 duro
1051 2089 1081 2138 et
1099 2079 1198 2141 rebelli
1216 2101 1312 2164 nego*

175 2168 248 2218 trum
267 2170 320 2218 est:
350 2157 415 2239 quia
433 2158 503 2220 adeo
524 2177 584 2216 non
605 2157 737 2218 flectetur
754 2154 866 2215 illorum
887 2165 1041 2245 conspectu
1059 2153 1093 2214 ad
1113 2157 1210 2292 culpae
1227 2157 1311 2240 agni-

177 2233 297 2310 tionem,
320 2247 353 2296 nt
375 2235 403 2294 id
428 2234 583 2316 improbius
607 2243 703 2314 neget.
748 2229 804 2292 Sed
824 2227 910 2290 tacitis
930 2241 985 2289 ent
1003 2229 1085 2292 hnin's
1107 2253 1145 2294 no
1165 2231 1310 2308 isolutio,

179 2313 202 2372 si
226 2311 301 2372 inter
325 2333 362 2373 ne
383 2310 448 2382 andi
473 2322 503 2370 et
527 2306 730 2446 tergiversandi
752 2307 860 2388 species
883 2303 1044 2390 distinguas.
1098 2306 1159 2383 Qui
1182 2309 1311 2398 praecise

178 2387 283 2450 ladtum
302 2387 450 2464 inficiatur,
467 2405 553 2468 seque
584 2387 641 2446 also
661 2396 689 2444 et
708 2381 876 2444 calumniose
895 2382 1004 2463 gravari
1022 2381 1149 2461 affirmat,
1172 2395 1310 2445 omlliem

177 2465 229 2524 dus
250 2478 307 2542 est,
330 2467 395 2546 quia
417 2464 521 2525 instra
542 2463 661 2526 testibus
684 2457 791 2522 vocatis
815 2458 969 2542 urgebitur.
1010 2459 1152 2542 Sed'quia
1170 2459 1298 2542 plerique
1357 2495 1362 2506 ·

177 2542 254 2622 quod
278 2563 427 2622 perperam
451 2553 480 2600 et
502 2541 599 2620 inique
622 2538 657 2599 ab
680 2537 747 2618 ipsis
770 2536 876 2598 lactmn
895 2546 951 2611 est,
974 2548 1109 2617 proterve
1129 2537 1246 2602 eludunt
1260 2560 1298 2598 ve

176 2617 356 2696 impudenter
379 2628 524 2692 excusant,
551 2617 643 2676 donec
667 2614 757 2674 maior
779 2613 894 2673 accedat
917 2611 1093 2688 auctoritas,
1108 2613 1214 2675 utiliter
1239 2623 1312 2696 erga*

177 2711 226 2750 eos
246 2690 411 2751 observatur
429 2691 498 2752 baec
517 2689 598 2752 ratio.
642 2689 734 2750 Porro
753 2688 794 2749 slc
812 2689 917 2750 debere
935 2687 1056 2771 intelligi
1075 2687 1179 2751 Christi
1197 2710 1307 2751 sermo-

176 2783 257 2839 nem,
280 2785 315 2824 ει
337 2765 427 2828 verbo
449 2770 596 2850 urguendi
618 2764 714 2846 liquet
753 2765 885 2846 Arguere
905 2775 951 2826 est
974 2759 1214 2828 demonstratione
1234 2785 1306 2825 cou-

175 2841 299 2905 vincere.
350 2841 507 2915 Quomodo
526 2855 619 2902 autem
638 2861 799 2920 arguerem,
828 2840 875 2916 qui
893 2841 997 2901 acriter
1014 2852 1103 2901 totam
1123 2863 1183 2903 rem
1201 2863 1306 2923 perne-

175 2919 243 3004 gat?
275 2937 339 2978 nam
359 2917 409 2999 qui
427 2917 616 2978 nnllasronte
634 2915 780 2976 admissum
800 2916 904 2975 crimen
925 2927 1025 2998 negat,
1049 2919 1187 2978 secundae
1205 2917 1305 2978 admo*

177 2994 281 3056 nitioni
298 2993 372 3055 viam
387 2992 550 3074 praecludit.
601 2995 684 3052 Nune
703 3001 844 3065 tenemus,
872 2991 900 3051 in
919 3014 1005 3074 quem
1023 3013 1104 3054 usum
1121 3005 1207 3058 testes
1225 2994 1305 3056 adhis

175 3071 238 3135 beri
257 3069 385 3134 Christus
408 3068 489 3144 uelit,
514 3079 546 3128 ut
570 3067 677 3129 scilicet
697 3065 760 3148 plus
785 3067 919 3148 ponderis
945 3068 1044 3128 habeat
1067 3071 1208 3163 magisque
1231 3071 1305 3131 seria

175 3147 212 3206 sit
231 3147 393 3208 admonitio.
433 3145 584 3207 Caeterum
608 3143 683 3224 quod
706 3143 792 3206 ntosis
814 3143 901 3206 verba
923 3143 1007 3227 paulo
1031 3145 1066 3204 in'
1083 3145 1167 3206 alium
1190 3166 1304 3207 sensum

173 3223 301 3298 deflexit,
321 3222 353 3283 in
372 3243 408 3284 eo
427 3219 497 3284 nihil
517 3233 560 3281 est
578 3219 699 3281 absurdi.
741 3223 825 3282 Vetat
844 3223 939 3283 Moses
957 3222 1134 3302 pronuntiari
1153 3223 1188 3284 de
1207 3242 1238 3284 re
1256 3221 1303 3281 iu·

172 3319 208 3358 co
230 3299 294 3358 uita.
334 3301 420 3360 Hunc
439 3317 509 3358 vero
528 3297 683 3378 legitimum
702 3295 841 3378 probandi
859 3299 973 3358 modum
993 3297 1103 3375 delinit,
1128 3311 1162 3359 ut
1181 3299 1302 3360 duorum

171 3319 320 3435 veientum
338 3373 502 3435 testimonio
521 3385 619 3434 stetur.
663 3373 800 3435 Christus·
811 3373 845 3434 ad
865 3395 926 3435 eam
945 3375 972 3436 le
994 3393 1040 3448 em
1058 3374 1192 3449 alludens,
1218 3374 1302 3455 liqui-

171 3450 233 3510 dam
253 3448 317 3507 lore
338 3471 448 3510 causam
467 3449 543 3526 dicit,
567 3449 617 3510 ubi
635 3449 692 3510 duo
712 3449 756 3509 vel
776 3461 832 3509 tres
850 3461 938 3512 testes
956 3393 994 3513 ad
1009 3451 1190 3512 damnandam
1209 3447 1302 3510 bomi-

171 3524 214 3586 tris
238 3526 442 3586 contumaciam
466 3537 597 3608 surgent,
624 3525 722 3586 saltem
746 3537 778 3585 ut
800 3537 909 3588 matura
933 3529 970 3589 sit
993 3527 1135 3588 Ecclesiae
1161 3527 1299 3610 cognitio.

170 3594 272 3683 Neque
287 3599 366 3660 'enim
387 3601 449 3674 crit,
469 3620 568 3662 curse
587 3603 616 3661 iu
636 3601 728 3662 lucem
745 3603 921 3684 protractum
942 3617 1083 3686 queratur,
1103 3603 1152 3686 qui
1170 3605 1241 3666 duos
1255 3603 1301 3663 vel
1382 3627 1383 3680 p

171 3690 229 3740 tres
248 3677 344 3738 audire
362 3675 469 3737 abnuit.
507 3681 564 3736 Dic
577 3681 737 3738 Ecclesiae.
777 3678 940 3755 Quaeritur,
980 3681 1027 3740 uid
1045 3701 1097 3762 per
1116 3701 1222 3741 nomen
1240 3681 1300 3739 Er:
1382 3681 1383 3740 f

173 3757 280 3816 chriae
298 3753 445 3836 intelligat.
473 3753 546 3822 Nam
559 3755 660 3814 Paulus
675 3755 713 3832 (Ι.
724 3755 792 3818 Cor.
812 3757 840 3830 5,
859 3759 887 3817 4.
907 3758 950 3832 5.)
996 3753 1299 3818 orinthiumincestom
1382 3811 1383 3829 ,

171 3853 233 3892 uon
251 3831 285 3891 ab
304 3830 396 3912 aliquo
416 3828 526 3891 delecto
545 3851 674 3906 nurnero,
693 3832 741 3892 sed
760 3851 776 3891 a
794 3841 857 3892 toto
874 3831 986 3911 piorum
1003 3845 1088 3894 coetu
1107 3833 1300 3894 excommuni

172 3909 229 3968 cari
248 3901 338 3970 iubet:
367 3907 489 3998 ideoque
506 3907 651 3988 probabile
669 3907 758 3968 videri
799 3919 884 3981 osset,
903 3907 1034 3970 iudicium
1055 3910 1101 3970 bic
1120 3910 1176 3968 toti
1192 3909 1297 3992 popolo

171 3983 283 4044 deferri.
331 3984 389 4045 Sed
407 4003 471 4064 quta
489 3993 557 4044 tunc
575 3983 651 4043 nulla
670 3985 759 4044 adbuc
777 3929 902 4050 Ecclesia
922 3997 994 4060 erat,
1036 4005 1088 4046 uae
1108 3985 1224 4046 Christo
1239 4007 1298 4050 vno-

171 4075 237 4117 men·
257 4060 384 4134 dedisset,
403 4081 458 4121 nec
475 4059 537 4120 talis
552 4058 810 4136 ratio-constituta,
829 4053 888 4142 ipse
907 4073 999 4123 autem
1009 4007 1149 4124 dominns
1167 4072 1296 4144 tanquam

172 4130 208 4216 dc
226 4149 306 4197 more
323 4137 425 4197 usitato
443 4147 616 4217 receptoque
634 4131 770 4216 loquitur,
790 4156 850 4196 non
867 4137 981 4198 dubium
1001 4149 1056 4214 est,
1076 4139 1143 4218 quin
1163 4137 1198 4197 ad
1216 4149 1296 4198 vete.
1379 4157 1381 4204 ζ

172 4221 211 4260 ru
232 4209 373 4273 Ecclesiae
392 4213 521 4274 ordinem
538 4213 651 4288 alludat,
676 4211 757 4274 sicuti
784 4223 813 4274 et
834 4211 893 4274 aliis
919 4209 987 4276 locis
1011 4213 1045 4274 ad
1064 4213 1295 4276 cousuetudinem
1379 4213 1381 4228 ⁴

172 4285 268 4338 ¹¹⁰lam
282 4289 475 4352 accommodat
492 4294 661 4351 sermonem.
692 4288 791 4364 Quum
805 4289 884 4351 iubet
896 4309 1010 4365 munus,
1024 4291 1108 4382 ⁸qnod
1122 4289 1229 4350 offerre
1241 4311 1295 4351 vo-

172 4339 270 4425 lumus,
287 4360 406 4441 relinqui
420 4367 459 4427 sd
475 4366 571 4444 Arare,
589 4367 681 4430 denec
695 4364 807 4464 ollitnso
822 4366 902 4428 fratri
916 4357 1132 4429 reconulremur
1141 4365 1254 4444 (Mattb.
1266 4371 1294 4442 5',
1379 4441 1380 4450 ,
