2804 4762
264 215 373 304 tur..
397 179 565 272 raetiam
582 205 687 290 templo
707 205 788 290 post
826 206 1093 285 romaneium
1188 213 1246 278 20⁵

22 348 26 358 Ἰ
114 368 214 444 ultio),
232 365 284 428 sed
300 385 388 447 quum
405 341 522 426 molesta
540 359 579 421 illi
597 379 651 442 pro
670 359 761 425 carnis
778 381 862 422 sensu
881 371 955 422 esset
974 359 1074 436 sames,
1093 341 1155 428 mm
1174 384 1246 426 eon-

114 445 205 507 trario
224 441 330 508 ellectu
349 441 475 530 vincere.
534 459 623 500 ressus
642 447 699 510 est,
723 457 825 518 nempe
843 448 876 496 ut
894 437 983 498 Patris
1024 437 1122 498 loriam
1140 460 1246 520 prove-

115 520 226 584 heretz‘
240 518 470 599 quemadmodum
489 459 541 575 ais
998 458 1024 576 i

7 627 14 636 -’
118 610 180 660 tem
199 595 291 670 Patris
311 595 368 670 (Io.
387 597 421 666 t,
443 589 516 668 34).
559 591 631 652 Nam
657 589 713 654 illic
735 610 847 670 quoque
872 611 936 650 eum
960 590 1121 654 lassitudine
1143 592 1246 673 sitique

108 673 254 738 luctatur:
284 683 313 734 et
327 669 433 753 ‘ego‘in
452 667 523 728 banc
542 667 733 728 coniecturam
747 666 840 748 magis
859 665 980 743 inclino,
1005 667 1079 749 quod
1099 667 1186 730 sames
1203 665 1246 730 illi
1350 685 1353 694 ’

7 885 11 980 ¹·
119 923 222 984 nempe
234 901 294 962 nei
312 898 430 982 gloriam
449 915 576 978 propaga
597 896 644 956 do.
687 893 789 974 Voluit
806 905 901 954 autem
920 894 950 954 in
968 893 1074 960 arbore
1086 919 1145 977 sym

118 753 155 812 ad
175 748 335 810 miraculum
355 744 492 807 edendum
510 764 631 822 suosque
646 743 789 816 docendos
806 743 916 803 occasio
933 743 1026 807 luerit.
1053 746 1141 828 Ergo
1155 767 1246 826 quum

106 826 212 908 ‚ipsum
233 833 373 910 premeret
396 819 497 897 sames,
521 840 577 881 nec
615 831 708 880 coemo
727 819 837 880 adesset
855 817 947 892 cibus,
971 819 1083 882 aliunde
1099 843 1130 882 se
1147 823 1245 960 paqcit,

1167 921 1246 962 oum

119 999 287 1061 proponere,
307 975 392 1056 qualis
410 974 525 1034 tandem
546 971 633 1032 exitus
651 982 763 1030 maneat
777 969 950 1059 hypocritas,
968 981 998 1031 et
1010 971 1092 1034 simut
1102 975 1246 1059 detegere,
1275 990 1281 1006 ⁸

120 1075 200 1136 quam
219 1053 308 1124 inanis
327 1053 364 1113 sit
385 1071 417 1111 ac
436 1049 516 1108 nihili
535 1061 633 1108 eorum
653 1057 813 1108 ostentatio.

193 1135 238 1194 19.
286 1131 333 1190 Ne
352 1127 481 1206 posthoc
503 1146 542 1184 en
565 1133 600 1194 ia
610 1122 748 1197 fructus.
795 1119 872 1198 Hinc
896 1119 1046 1197 discamus,
1069 1123 1142 1204 quid'
1157 1126 1248 1188 valeat

118 1205 301 1269 maledicendi
314 1203 443 1276 verbum,
462 1219 567 1280 nempe
585 1209 618 1257 ut
626 1195 785 1263 sterilitatis
803 1197 951 1256 damnetur
968 1196 1066 1258 arbor:
1085 1199 1167 1259 sicuti
1182 1225 1248 1264 rnr-

106 1307 176 1350 ,snm
195 1281 342 1344 benedicit
359 1280 455 1352 Deus,
479 1297 566 1355 quum
583 1271 786 1334 secunditatem
805 1293 854 1332 sua
872 1293 944 1332 uoce
963 1273 1088 1409 inspirat.
1142 1275 1247 1338 Caete-

114 1382 179 1420 rum
198 1359 301 1420 clarius
321 1376 356 1415 ex
375 1355 474 1414 Marco
497 1351 596 1432 liquet,
620 1370 680 1410 non
704 1348 832 1429 protinus
850 1347 985 1412 exaruisse
1024 1371 1102 1427 cum,
1125 1353 1170 1414 vel
1193 1354 1248 1414 sal-

58 1463 62 1470 *
105 1433 174 1497 ¹tem
192 1435 225 1508 id
244 1435 307 1493 nori
325 1427 412 1490 fuisse
430 1427 608 1488 observatum
626 1447 642 1485 a
657 1423 813 1504 discipulis,
837 1424 929 1486 donec
948 1423 1081 1508 postridie
1101 1427 1248 1492 frondibus

114 1513 252 1572 nudatam
274 1506 414 1568 viderunt.
457 1503 537 1565 Idem
560 1523 672 1594 quoque
695 1503 807 1562 Marcus
830 1501 879 1560 uni
903 1503 992 1563 Petro
1015 1499 1149 1588 assignat,
1172 1505 1248 1591 quod

46 1585 48 1592 '
116 1587 280 1650 Matthaeus
299 1579 486 1642 communiter
504 1579 641 1641 omnibus
655 1577 807 1659 discipulis:
830 1579 878 1639 sed
892 1601 977 1660 quum
992 1577 1119 1642 Christus
1137 1581 1167 1642 in
1187 1582 1249 1663 plu-

77 1727 79 1731 ,
116 1661 169 1723 rali
191 1679 322 1751 'numero
341 1656 548 1748 respondeat,
571 1653 705 1742 colligere
729 1665 893 1740 promptum
924 1667 980 1733 est,
1015 1677 1103 1718 unum
1133 1679 1249 1744 rogasse
1298 1712 1301 1718 ,

117 1759 252 1802 nmmum
271 1753 403 1794 nomme·

192 1809 466 1890 21.''Respondms
486 1817 588 1870 antem
605 1809 700 1872 Iesus.
738 1809 829 1871 Usum
847 1807 973 1872 miraculi
992 1807 1103 1894 longius
1126 1808 1250 1873 extendit
1290 1847 1292 1854 ι

118 1889 269 1965 Christus,
297 1899 331 1949 nt
352 1908 419 1950 snos
446 1886 595 1968 discipulos
619 1887 653 1948 ad
676 1885 965 1967 fidem'fiduciamqne
990 1887 1104 1949 animet.
1160 1889 1189 1950 A
1210 1889 1249 1950 ud

117 1969 250 2037 Marcum
267 1963 405 2048 generalis
423 1963 544 2046 primum
564 1962 719 2024 exhortatio
737 1962 862 2044 ponitur,
880 1975 914 2024 ut
933 1965 1062 2023 babeant
1073 1967 1168 2044 fidem
1226 1970 1247 2026 ι’.

118 2041 258 2180 Sequitur
275 2039 377 2101 deinde
395 2039 554 2121 promissio,
570 2038 624 2099 fide
640 2039 837 2120 impetraturos
853 2035 984 2121 quicquid
998 2062 1014 2101 a
1029 2041 1249 2132 Deoupeqierint.

7 2123 17 2152 ¹·
119 2121 155 2180 Fi
176 2141 222 2179 em
240 2116 297 2178 Dei
318 2115 424 2182 babere
443 2117 610 2176 tantundem
633 2116 707 2175 valet
729 2127 813 2196 atque
837 2129 917 2177 certo
942 2115 995 2178 sibi
1013 2129 1197 2200 promittere,
1219 2122 1251 2178 et

7 2289 8 2302 ¹
119 2273 218 2345 nobis,
248 2269 369 2362 erumpit
389 2279 481 2330 statam

7 2197 8 2214 ¹
113 2197 284 2277 ‚exspectare
306 2214 322 2254 a
342 2193 408 2254 Deo
421 2191 495 2284 'quic
536 2191 563 2252 'd
586 2211 657 2270 opus
679 2190 772 2252 inerit.
810 2192 869 2251 Sed
893 2192 958 2272 quia
980 2191 1063 2266 fides,
1085 2193 1184 2272 siqua
1207 2204 1251 2254 est

451 2343 453 2348 Ι
494 2213 670 2347 lipsaco,
698 2277 728 2324 et
751 2266 786 2326 ad
809 2265 954 2400 thesmros
1012 2267 1082 2328 atine
1106 2267 1175 2340 Dei,
1202 2269 1252 2347 qui

117 2349 438 2420 ,verboostens1·sunt,
479 2351 603 2414 enetrat,
621 2349 653 2399 ut
672 2339 723 2400 illis
743 2339 836 2400 boatu
855 2383 865 2416 ,
884 2341 956 2401 'ideo
995 2342 1039 2400 dei
1079 2343 1252 2403 renationem
1282 2395 1288 2416 ,¹
1353 2409 1357 2412 ,

120 2425 223 2489 suhiun
247 2423 270 2485 't
289 2420 427 2482 Christus.
457 2365 530 2480 liam
549 2417 695 2476 sitantum
715 2413 836 2491 dixisset,
853 2417 918 2476 iore
935 2364 1076 2495 quicquid
1086 2416 1252 2498 optabimus,
1286 2417 1290 2426 ”

108 2500 226 2582 quibus
245 2518 289 2556 am
312 2496 372 2556 visa
396 2506 467 2555 esset
489 2491 639 2573 imperiosa
662 2491 707 2550 vel
727 2491 809 2552 nimis
823 2511 929 2558 ,secura
951 2491 1040 2554 fides..
1079 2493 1178 2569 Quare
1203 2515 1253 2558 eos

123 2593 194 2636 vere
213 2573 327 2632 demum
346 2569 462 2630 credere
480 2568 603 2628 ostendit
622 2566 764 2642 Christus,
787 2567 834 2647 qui
858 2567 985 2630 bonitate
1005 2565 1063 2630 eius
1080 2581 1111 2630 et
1130 2571 1252 2652 promis-

124 2647 252 2712 sionibus
271 2647 350 2722 sreti,
372 2643 533 2724 suppliciter
550 2643 584 2704 ad
603 2643 694 2724 ipsum
715 2642 900 2728 confugiunt,
932 2646 988 2708 Hic
1007 2657 1100 2708 numm
1120 2646 1198 2711 locus
1216 2643 1256 2710 ad
1352 2693 1356 2700 .

124 2726 184 2788 virn
208 2735 390 2801 naturamque
412 2718 476 2781 fidei
500 2719 705 2801 exprimendam
728 2720 843 2802 insignis
866 2733 922 2794 est,
942 2741 1046 2802 nempe
1069 2723 1144 2806 qdod
1168 2725 1252 2787 certi·
1276 2727 1280 2732 ’

121 2801 195 2866 tudo
214 2799 249 2861 sit
267 2799 295 2858 in
315 2799 371 2859 Dei
388 2797 542 2862 bonitatem
560 2796 742 2872 recumbens,
764 2815 835 2878 quae
853 2798 1054 2862 dubitationem
1072 2823 1132 2862 non
1151 2801 1253 2862 atussa

80 2912 82 2916 .
124 2880 172 2942 tit.
217 2878 318 2938 Neue
342 2874 417 2938 enim
443 2873 511 2936 alios
535 2875 652 2936 credere
674 2875 803 2958 agnoscit
827 2875 967 2956 Christus,
991 2877 1044 2938 nisi
1067 2877 1115 2958 qui
1137 2877 1253 2950 indubie

9 2991 13 3002 ·
123 2965 250 3020 statuunt
263 2897 367 3014 qDeum
390 2951 443 3013 sibi
466 2957 526 3012 ess'e
548 2949 717 3042 propitium,
743 2973 796 3012 nec
823 2945 959 3045 haesitant
984 2953 1052 3034 quin
1078 2953 1193 3044 daturus
1217 2955 1252 3014 sit

122 3031 335 3186 ttthtiitt
370 3026 940 3184 liittti‘itlttdimittit?
964 3027 1255 3168 itt‘ttld⁸⁰':¹ti
1328 3074 1335 3088 ·

125 3183 293 3278 sumptionis
317 3149 369 3242 nds
393 3180 568 3255 insimulant,
590 3179 614 3240 si
633 3179 668 3240 de
686 3194 805 3260 paterno
824 3151 968 3266 Deieiga
992 3202 1044 3242 nos
1061 3127 1275 3266 'savoreppers

126 3281 199 3324 suast
219 3280 314 3322 coram
333 3258 394 3340 ipso
413 3257 517 3319 sistere
530 3277 582 3316 nos
601 3255 742 3323 audemus.
786 3259 873 3338 Atqui
898 3259 954 3320 boe
977 3252 1125 3340 praecipue
1150 3257 1255 3322 Christi

125 3333 294 3398 tenemium
314 3333 415 3396 Paulus
436 3333 624 3407 commendat,
643 3332 721 3412 quod
740 3354 774 3393 ex
792 3335 847 3393 lide
863 3335 934 3394 illius
953 3333 1092 3395 audaciam
1111 3336 1255 3411 babemus,

544 513 647 590 idicit,
670 512 759 574 Cibus
778 524 926 588 mensest,
947 526 980 572 nt
1010 515 1097 576 aciam
1115 515 1247 579 volunta·
1333 551 1336 556 ,

126 3411 243 3476 accendi
260 3413 295 3474 ad
315 3413 409 3474 Deum
428 3433 491 3472 cum
510 3409 619 3483 fiducia,
637 3409 671 3470 ad
685 3410 787 3488 Ephes.
806 3413 902 3484 3,12.
931 3412 1029 3472 Docet
1047 3425 1190 3493 praeterea
1210 3414 1257 3473 bio
1283 3461 1284 3470 ,
1366 3483 1369 3491 7

127 3491 208 3557 locus
247 3510 345 3550 verum
369 3488 432 3550 fidei
458 3507 575 3548 examen
597 3486 626 3546 in
672 3486 781 3548 recibus
806 3487 957 3548 contineri.
1001 3489 1031 3549 si
1052 3491 1112 3572 quis
1131 3491 1254 3566 obiiciat,

128 3579 198 3627 vota
214 3533 284 3626 baec
299 3565 445 3643 irunquatn
463 3564 548 3626 fuisse
568 3583 636 3624 exau
658 3565 709 3636 ita,
732 3575 765 3622 ut
790 3572 901 3625 montes
924 3563 954 3626 ἑὸ
977 3563 1007 3642 in
1033 3567 1255 3646 mareproiice-

128 3651 210 3714 rent,
239 3639 330 3701 facilis
350 3641 498 3719 responsio
521 3653 577 3714 est,
602 3638 755 3715 Christum
770 3661 829 3702 non
854 3639 1097 3705 laxarebabenas'
1110 3643 1277 3704 bominum¹

130 3715 221 3794 ¹uotis,
248 3728 281 3776 nt
304 3736 358 3808 pro
373 3717 496 3790 ¹arbitrio
521 3715 658 3796 quidlibet
679 3727 825 3795 appetant,
850 3718 917 3780 dnm
943 3713 1258 3803 fidei.regnlae:preees

130 3789 250 3854 subiicit
288 3795 337 3853 Sic
361 3791 435 3852 enim
462 3813 574 3854 necesse
598 3805 655 3864 est,
679 3807 711 3852 ut
733 3793 855 3873 Spiritus
879 3814 977 3858 omnes
1001 3810 1112 3860 nostros
1134 3793 1256 3854 allectus
1352 3861 1358 3874 Ι

130 3865 220 3928 verbo
239 3867 294 3927 Dei
312 3867 438 3928 frenatos
456 3873 485 3928 in
505 3868 669 3958 obsequium
688 3881 781 3952 cogat.
819 3868 933 3943 Certum
952 3885 979 3930 et
999 3871 1058 3934 sine
1077 3867 1256 3942 haesitatione

131 3943 265 4004 exorandi
281 3943 409 4007 fiduciam
429 3945 547 4034 requirit
566 3944 702 4006 hirristus.
750 3943 944 4027 Undeporro·
958 3967 1018 4007 eam
1038 3965 1117 4005 mens
1138 3943 1256 4004 humana

131 4019 271 4100 concipiat
294 4019 346 4080 nisi
371 4039 404 4080 ex
428 4020 482 4080 Der
505 4019 612 4082 verbo?
653 4021 737 4081 Nunc
761 4041 831 4100 ergo
856 4023 994 4096 videmur,
1020 4021 1165 4084 Christum
1189 4019 1257 4082 nihil

130 4095 269 4176 discipulis
288 4095 464 4178 promittere,
484 4095 535 4155 nisi
554 4117 584 4156 se
603 4096 674 4156 intra
694 4108 782 4158 metas
801 4097 886 4158 «livini
905 4095 1257 4177 beneplaciticoutiomot.

207 4174 278 4245 Luc.
297 4177 346 4236 d'l.
377 4175 507 4240 Docebat
526 4174 657 4250 quotidie
675 4177 707 4232 in
725 4176 841 4262 templo.
875 4176 987 4234 Marcus
1007 4183 1038 4231 et
1055 4172 1145 4234 Lucas
1164 4175 1259 4251 primo

131 4247 244 4320 docent,
264 4257 300 4310 ei
317 4269 374 4330 quo
394 4267 500 4333 genere
518 4247 663 4316 bominum
681 4248 837 4310 'constiterit
851 4243 1106 4326 Ecclesia-nempe
1124 4267 1156 4304 es
1176 4250 1258 4310 trube

12 4405 13 4416 ἵ
131 4325 553 4419 ignobiliarumumquqsnam
570 4324 810 4416 habueritbortes
830 4319 1267 4402 Christnsgnarnpesacurdote'e
