2804 4762
9 3757 11 3768 ·
91 3713 262 3787 sternendo,
280 3714 391 3774 inanem

92 3791 170 3854 serio
189 3789 328 3866 iecerunt,
347 3809 479 3871 suamque
496 3791 701 3852 observantiam
720 3811 755 3850 ex
772 3787 977 3849 animeiestati
993 3803 1066 3865 aunt,
1087 3789 1126 3849 ita
1142 3785 1226 3848 Chri·-
1336 3843 1338 3847 ,

281 229 282 234 ’
390 195 577 294 (169470.
619 198 754 276 Introilos
773 209 802 273 in
822 209 947 290 urbem.)
1163 207 1236 284 '195

97 363 238 430 stionibus
263 363 400 448 occurrit.
446 363 491 426 Ac
516 361 610 446 primo
628 360 745 445 quidem
767 333 827 424 noh
849 361 970 428 fortuito
993 347 1024 426 ae
1042 355 1097 428 'eos
1120 365 1235 432 mittere

97 443 250 526 significat,
269 463 357 522 quum
376 440 451 516 dicit,
474 441 502 500 io
521 441 613 576 primo
633 439 697 522 pagi
715 439 835 501 introitu
853 439 1017 502 inventuros
1035 441 1150 503 asellum
1167 465 1233 506 com
1282 447 1284 454 '

97 533 203 582 matre:
231 517 334 578 deinde
358 517 498 578 neminem
521 515 574 578 rlis
589 516 834 591 'adversaturum
849 512 916 598 quin
940 537 1005 578 eum
1028 517 1179 596 abducant,
1208 521 1232 583 si

96 595 188 659 modo
208 593 404 684 respondeant,
424 615 495 676 opus
513 594 566 654 sibi
585 613 653 654 esse.
667 659 674 670 ‚
689 593 755 657 Hoc
774 603 867 654 autem
885 593 1134 656 modo'Deitatem
1153 609 1237 660 suam

98 671 247 754 probavit:
262 683 337 732 'nam
363 682 391 730 et
415 687 476 731 rem
500 669 643 731 absentem
669 689 704 729 co
745 689 855 744 oscere,
881 679 912 729 et
927 671 1016 732 *corda
1035 671 1182 734 hominnm
1200 675 1231 734 in

98 767 242 812 assensum
264 746 393 823 flectere,
418 746 501 810 solius
525 745 582 806 Dei
606 745 667 806 suit.
735 745 772 805 tsi
796 746 870 806 enim
893 745 954 805 lieri
977 749 1082 828 potnit,
1106 761 1138 809 nt
1161 750 1231 812 asini

9 829 10 832 ¹
98 823 246 893 (lominus,
272 823 308 882 de
325 823 373 884 illo
392 843 451 884 non
470 821 542 882 male
561 821 697 894 sentiens,
721 821 844 882 libenter
862 833 1010 882 annueret:
1039 823 1163 887 divinare
1187 836 1231 888 ta·

98 917 167 964 men
183 919 222 980 an
243 897 352 960 iuturus
372 911 446 962 esset
464 899 557 973 domi,
586 919 622 958 ao
642 896 667 957 ei
686 910 755 959 tunc
776 898 957 962 commodum
978 909 1062 976 esset,
1091 921 1125 960 an
1145 900 1229 964 iidem

98 977 242 1038 habiturus
261 987 332 1039 esset
349 975 512 1036 hominibus
530 973 650 1058 ignotis,
677 995 737 1033 non
761 973 817 1032 luit
841 973 870 1030 in
895 973 1016 1054 hominia
1037 975 1161 1037 mortalis
1183 996 1229 1040 ar-

98 1052 194 1114 bitrio.
212 1051 320 1113 ‚Sicuti
339 1063 436 1114 autem
455 1047 767 1132 discipulos'eontirmat
787 1047 937 1124 Christus,
952 1059 985 1108 ut
1003 1051 1058 1110 sint
1075 1053 1110 1112 ad
1128 1073 1231 1134 pareo-

98 1127 347 1198 dum‘alacriores‚
370 1128 410 1188 ita
429 1127 570 1200 videmus,
593 1145 677 1206 quam
700 1145 733 1186 se
755 1123 912 1208 morigeros
935 1123 1055 1186 vicissim
1079 1139 1230 1207 praestent.

98 1207 249 1266 Successus
266 1218 362 1268 autem
380 1203 568 1292 demonstrat,
587 1211 681 1264 totum
700 1201 756 1262 hoc
770 1199 922 1284 ,negotium
940 1199 1070 1265 divinitus
1088 1203 1229 1288 guberna-

98 1293 159 1344 tum
177 1301 249 1342 esse.
444 1286 451 1300 ’
483 1330 484 1334 ,
656 1277 688 1300 ’“
985 1291 986 1294 ’
1036 1327 1037 1332 1

169 1361 199 1419 ὅ.
245 1357 346 1415 Dicite
356 1355 447 1432 filiae
467 1352 550 1416 Sion.
595 1353 662 1414 Hoc
685 1351 757 1432 apud
783 1349 944 1414 Zachariam
968 1373 1028 1416 oon
1051 1353 1171 1418 hahetur
1194 1355 1230 1418 ad

88 1432 227 1498 *rerhumz
258 1430 327 1491 scite
346 1442 439 1490 tamen
459 1441 578 1511 apteque
597 1429 787 1510 Evangelista,
803 1429 883 1513 quod
901 1430 980 1510 Deus
999 1431 1048 1492 nni
1065 1433 1230 1512 Prophetae

94 1508 193 1572 testari
211 1504 365 1586 praecepit,
384 1505 418 1565 ad
438 1505 618 1586 omnespios
636 1505 769 1594 domums
787 1505 928 1566 transfert.
961 1507 1040 1568 Haec
1056 1509 1131 1576 euim
1147 1509 1229 1571 unica

95 1605 159 1666 spes
179 1581 250 1656 init,
274 1603 329 1663 qua
348 1600 379 1642 se
396 1581 445 1641 filii
463 1581 520 1652 Dei
540 1581 736 1642 resarcirem
755 1582 865 1664 erigere
884 1581 1036 1662 debebant,
1061 1585 1136 1664 quod
1156 1607 1228 1647 veo·

95 1673 177 1722 turus
196 1656 311 1718 tandem
330 1670 402 1720 esset
420 1659 603 1739 Redemptor.
633 1658 759 1738 Ideoque
772 1659 916 1738 Propheta
954 1659 1044 1720 lenam
1063 1673 1094 1720 et
1112 1662 1227 1724 solidam

12 1732 14 1741 ’
94 1734 216 1799 laetitiae
236 1736 377 1795 materiam
399 1733 505 1796 Christi
524 1733 644 1796 adventu
662 1733 761 1806 afferri
780 1735 864 1795 docet
881 1681 1017 1798 fidelibus.
1069 1737 1227 1820 Nam'quia

95 1833 156 1875 non
178 1809 259 1871 aliter
282 1811 422 1892 propitius
447 1823 491 1873 est
514 1811 566 1873 illis
584 1811 678 1886 Deus,
702 1831 786 1892 quam
809 1811 967 1873 Mediatore
985 1811 1172 1894 interposito,
1197 1827 1227 1878 et

95 1889 170 1950 idem
188 1897 231 1948 est
243 1887 391 1964 Mediator,
410 1889 457 1967 qui
475 1909 540 1950 suos
559 1909 575 1947 a
594 1887 671 1948 malis
690 1887 821 1950 omnihus
837 1887 945 1964 liberat,
964 1890 1029 1970 quid
1044 1903 1120 1952 extra
1134 1892 1227 1973 ipsum
1331 1933 1333 1940 ι

77 1963 156 2026 'esse
174 1970 286 2044 potest,
311 1966 388 2044 quod
408 1965 538 2026 homines
557 1965 676 2046 peccatis
695 1964 750 2025 suis
791 1965 894 2026 erditos
919 1977 950 2024 et
968 1967 1087 2028 miseriis
1106 1989 1227 2049 oppres·

15 2105 22 2114 ,
96 2063 143 2104 sos
168 2039 319 2110 exhilaret?
365 2040 458 2102 Sicuti
482 2053 575 2102 autem
600 2039 716 2102 ahsente
741 1985 856 2100 Clin'sto
879 2061 1014 2102 moerore
1039 2063 1093 2105 noa
1115 2045 1226 2124 penitds

96 2115 200 2179 confici
222 2113 418 2192 necesse‘est,
443 2117 483 2177 ita
505 2137 616 2178 rursum
640 2116 734 2176 fideles
758 2116 891 2176 admonet
915 2118 1070 2198 Propheta,
1097 2131 1156 2180 este
1176 2141 1227 2180 cur

9 2211 11 2252 μ
94 2192 185 2256 solide
227 2192 360 2267 audeant,
385 2193 508 2254 ubiillis
532 2192 612 2253 adest
633 2191 817 2271 Redemptor.
857 2192 1025 2271 Quanquam
1050 2205 1142 2253 autem
1168 2195 1227 2256 aliis

9 2273 10 2284 ¹
95 2269 194 2354 elogiis
240 2270 366 2330 hristum.
377 2269 569 2341 commendat,
589 2287 693 2347 nempe
713 2266 789 2344 quod
807 2267 895 2325 iustus
913 2267 950 2326 sit
969 2277 1000 2326 et
1018 2267 1105 2328 salute
1123 2269 1246 2342 instro-s

95 2357 171 2422 etus,
198 2345 331 2406 nonnisi
355 2343 517 2426 particulam
541 2363 625 2402 unam
648 2329 763 2419 sum‘psit
785 2341 941 2424 Matthqurs
980 2335 1052 2420 quae
1075 2344 1228 2423 proposito

94 2443 148 2484 auo
187 2421 334 2496 uadrabat,
359 2439 462 2500 nempe
481 2419 557 2498 quod
576 2437 684 2498 pauper
702 2427 838 2476 venturus
857 2413 894 2475 aii
913 2385 957 2475 vel
977 2423 1152 2494 mansuetus,
1171 2420 1228 2482 hoc

94 2509 148 2572 est,
167 2445 303 2558 dissimilis
322 2494 437 2576 regibus
458 2493 654 2583 terrenis,'qui
673 2506 717 2554 m'a
741 2491 822 2550 nilico
842 2503 870 2552 et
886 2503 1051 2628 sumptuoso
1068 2493 1162 2556 habitu
1178 2515 1227 2556 er.

95 2573 212 2634 celluot.
255 2570 514 2648 Iam,paupertatis
540 2567 672 2629 indictum
698 2589 731 2628 su
751 2567 857 2648 iicitur,
886 2589 943 2648 quo
987 2567 1121 2644 enitebit
1143 2591 1228 2653 super

95 2648 206 2710 asinum
224 2643 270 2708 vel
282 2645 368 2706 filium
382 2644 487 2714 asinae:
506 2665 598 2724 neque
617 2645 691 2706 euim
710 2641 826 2704 dubium
841 2655 892 2720 est,
911 2645 978 2724 quin
993 2591 1133 2728 plebeium
1144 2649 1227 2730 ‘equi-

93 2723 174 2788 tandi
192 2721 307 2782 modum
326 2721 423 2804 regiae
441 2721 613 2802 amplitudini
632 2733 765 2803 opponat.
1040 2735 1044 2752 '

172 2801 200 2862 e.
238 2801 353 2858 arar.
370 2801 519 2876 acropus.
557 2799 618 2858 ram
641 2817 733 2879 nuper
755 2795 861 2856 aaran
883 2807 940 2872 m,
960 2795 1009 2860 ere
1034 2797 1062 2858 a
1087 2797 1227 2879 araeque
1275 2759 1278 2782 ⁵

92 2875 199 2939 laudari
217 2887 381 2956 promptum
400 2873 572 2956 obsequendi
590 2874 720 2944 studium.
769 2875 837 2934 Non
856 2874 931 2934 enim
950 2885 1104 2935 temneret
1122 2875 1227 2936 Christi

94 2952 259 3026 auctoritas,
283 2966 316 3012 ut
338 2951 427 3012 solum
449 2953 507 3013 eius
526 2972 631 3012 nomen
650 2951 685 3011 ad
703 2950 858 3011 movendos
877 2950 998 3033 ignotos
1018 2951 1147 3012 homines
1166 2947 1226 3010 stri-

94 3030 205 3091 iic'eret:
225 3027 327 3088 deinde
344 3027 468 3092 timenda
488 3039 548 3088 erat
562 3028 635 3088 iurti
655 3027 777 3087 iniamia.
808 3027 884 3106 ilinc
904 3047 935 3088 er
957 3047 974 3086 ο
994 3037 1119 3107 apparet,
1138 3045 1227 3105 quan-

96 3117 157 3166 tum
177 3105 314 3190 Magistro
338 3103 504 3180 detulerint,
520 3104 593 3186 ,dum
613 3103 681 3163 nihil
700 3114 877 3184 responsant,
901 3047 956 3166 seri
970 3103 1027 3164 eius
1046 3101 1180 3162 mandato
1198 3113 1227 3164 et

95 3181 282 3262 promissione
309 3181 374 3242 freti
399 3191 569 3262 properant,
597 3199 653 3270 quo
677 3179 742 3240 iussi
756 3191 840 3240 sunt.
892 3179 965 3260 Nos¹
983 3191 1098 3258 quoque
1124 3199 1254 3270 ,eommx

95 3257 232 3338 exemplo'
245 3258 381 3320 discamus
399 3279 452 3339 per
471 3257 583 3338 quaevis
601 3257 798 3336 impedimenta
810 3275 947 3339 pergere,
966 3267 999 3313 ut
1011 3254 1138 3314 Domino
1156 3269 1227 3335 quae

95 3355 113 3394 a
132 3334 212 3395 nobis
231 3333 469 3416 erigit‘obsequia
486 3345 664 3416 praestemus.
706 3333 781 3423 lpse·
792 3331 865 3391 enim
885 3329 997 3392 sublatis
1015 3331 1135 3392 remoris
1153 3332 1226 3406 viam

92 3409 233 3487 inveniet,
259 3431 313 3472 nee
332 3423 447 3474 conatus
465 3421 581 3473 nostros
600 3409 674 3470 sinet
694 3427 754 3470 esse
770 3407 875 3469 rrritos.
1234 3426 1247 3480 ¹,

170 3492 199 3551 8.
237 3488 374 3548 Plurima
392 3482 612 3547 outem'turho.
650 3484 711 3546 ilic,
727 3495 840 3544 narrant
860 3481 1062 3566 Evangelistae,
1084 3483 1227 3547 Christum

1318 770 1325 803 l

93 3562 220 3646 agnitum
239 3562 358 3624 inissea
397 3564 481 3644 opulo
500 3563 621 3647 Regem.
675 3561 825 3622 Ludicrum
845 3559 957 3639 quidem
976 3561 1163 3644 spectaculum
1184 3560 1226 3620 vi·
1319 3597 1321 3609 ι

92 3640 157 3699 deri
174 3639 281 3718 potuit,
307 3659 363 3718 quo
404 3639 533 3776 ignobilis
551 3639 632 3698 turba
650 3659 742 3700 ramos
763 3636 922 3712 caedendo,
947 3649 977 3698 et
994 3638 1160 3700 vestimenta
1178 3656 1226 3696 sua

434 3717 497 3798 'egis
514 3715 628 3776 titulum
650 3715 763 3776 Christo
784 3713 920 3772 deterret:
948 3713 1029 3773 sicuti
1052 3725 1147 3774 tamen
1172 3713 1226 3770 hoc

9 3865 11 3888 '
91 3880 152 3932 stus
177 3885 227 3926 eos
252 3866 358 3930 censuit
381 3867 500 3928 idoneos
523 3868 605 3949 regni
629 3867 672 3928 sui
696 3865 858 3947 praecooeri.
910 3865 972 3928 Nec
998 3861 1143 3942 estquod
1164 3858 1225 3919 ¹tale

92 3943 241 4019 exordium
260 3942 408 4012 miremur,
434 3965 520 4022 quum
544 3942 628 4003 hodie
653 3961 766 4024 quoque
788 3940 823 4001 ad
846 3941 936 4002 Patris
959 3938 1101 4000 dexteram
1128 3935 1226 3997 s'edens

91 4043 113 4082 e
130 4018 257 4084 coelesti
281 4018 352 4079 solio
379 4019 514 4080 obscuros
538 4017 666 4079 homines
689 4017 834 4092 emendet,
865 4038 880 4078 a
904 4017 1004 4097 quibus
1029 4035 1077 4076 sua
1100 4013 1227 4074 maiestas

92 4095 300 4178 contemptibili
323 4095 411 4158 modo
436 4093 603 4156 celebretur.
649 4095 754 4158 caesos
774 4093 926 4174 palmarum
946 4109 1039 4155 ramos
1058 4111 1096 4160 ea
1111 4087 1230 4168 antiquo
1253 4098 1255 4108 ¹

93 4185 127 4234 et
145 4172 266 4236 sollenni
285 4171 342 4232 diei
361 4171 418 4232 ritu
437 4170 533 4250 (sicuti
552 4167 704 4232 coniiciunt
722 4167 850 4237 nonnulli
868 4164 1048 4260 interpretes)
1070 4163 1140 4250 mihi
1180 4183 1235 4224 roa

91 4249 186 4312 babile
206 4267 264 4310 non
284 4247 408 4312 videtur:
435 4247 504 4330 quin
523 4245 617 4328 potius
636 4245 728 4306 subito
747 4243 884 4304 instinctu
903 4239 1024 4320 Sprritus
1045 4239 1121 4297 hunc
1171 4237 1228 4300 hri.

9 4392 20 4414 ,
90 4339 141 4391 eto
159 4327 311 4390 exhibitum
329 4326 414 4390 luisse
433 4326 573 4388 honorem
592 4328 718 4402 apparet,
735 4331 823 4399 quum
839 4312 1123 4448 nlltil‘talpppcditati
1137 4327 1229 4378 essent
