2830 4772
510 239 635 286 cautam
653 237 833 286 veraclum.
1183 235 1241 298 278

106 389 153 440 tae
178 375 310 438 electioni
333 375 467 457 assignat,
491 371 568 454 ‹irrod
593 395 627 436 er
647 373 784 434 immenso
803 373 908 454 populo
928 376 1239 444 servandaerint'reli·

107 448 199 534 quiae.
238 454 388 512 Facessant
407 451 491 532 igitur
511 449 654 510 bominum
670 450 782 524 merita,
801 453 911 529 qnando
931 453 965 514 ad
983 474 1094 514 merum
1114 457 1171 516 Dei
1187 459 1239 520 be-

106 529 278 610 neplacitum
303 549 481 602 revocamur,
519 547 556 588 ne
579 527 689 588 aliunde
707 527 828 606 pendeat
846 527 919 588 inter
938 529 989 591 ltus
1010 543 1039 590 et
1058 531 1121 593 illos
1140 534 1239 596 diseri·
1319 547 1321 558 ’

107 627 186 680 men,
205 603 259 666 nisi
277 603 340 694 quia
358 603 446 664 salvos
466 622 526 663 esse
545 615 660 681 oportet
679 602 725 682 qui
746 603 826 664 electi
850 615 923 664 sunt.
976 605 1063 684 Quod
1084 621 1118 670 ut
1139 610 1238 673 clarius

108 693 139 742 et
169 700 324 760 expressius
354 680 534 740 commendet
564 682 688 751 Marcus,
722 679 907 758 pleonasmou
928 677 1017 757 addit,
1044 685 1085 746 sic
1109 685 1238 767 loquens,

103 769 226 837 propter
244 760 364 831 elector,
389 778 462 834 quoe
480 758 584 837 elegit,
610 757 794 814 abbreviavit
813 757 886 816 dies.
925 757 1010 820 Certe
1029 772 1141 836 poterat
1159 763 1239 826 suffi.

107 855 175 895 cere
216 831 380 912 articipium,
398 831 452 892 nisi
471 830 527 893 boc
545 831 650 890 diserte
668 841 799 903 testatmn
820 831 914 907 vellet,
934 851 994 892 non
1014 839 1150 902 extraneis
1171 861 1239 902 cau.

107 910 181 972 sisa
200 909 265 970 duci
282 910 389 982 Deum,
417 919 450 968 ut
468 906 521 968 bos
540 906 634 987 potius
653 927 735 986 quam
755 906 815 968 illos
835 906 932 968 &vore
955 925 1152 990 prosequatur:
1189 918 1240 978 sed

108 986 174 1065 quia
193 985 297 1068 eligere
315 984 353 1043 illi
372 983 484 1076 placuit,
505 1005 576 1062 quos
595 994 731 1057 servaret,
750 982 780 1042 in
800 1001 899 1042 eorum
917 983 1004 1046 salute
1022 1008 1154 1050 arcanum
1172 1014 1239 1074 gra.

107 1065 164 1122 tiae
184 1083 248 1124 suae
267 1075 444 1142 propositum
464 1059 596 1119 stabilire.
655 1057 811 1132 Quaeritur
830 1069 940 1131 tamen,
958 1064 1101 1139 quomodo
1121 1081 1239 1146 propter

4 1149 5 1152 ’
110 1139 215 1202 electos
235 1136 357 1198 cladibus
376 1137 491 1196 modum
511 1135 677 1211 imposuerit
695 1137 783 1210 Deus,
802 1155 839 1196 ne
859 1135 983 1197 funditus
1003 1131 1120 1199 Iudaeos
1139 1144 1240 1220 perde-

108 1226 163 1290 ret,
182 1237 267 1306 quum
290 1211 556 1303 multitreprobiqet
575 1211 713 1290 desperati
734 1213 837 1300 servati
857 1211 972 1273 fuerint.
1018 1214 1238 1306 Solutiofacilie

109 1301 160 1365 est,
180 1291 324 1350 liberatam
344 1289 429 1348 fuisse
451 1299 543 1369 gentes
562 1297 679 1366 partem,
698 1297 731 1346 ut
749 1287 816 1348 1nde
834 1309 899 1350 suos
919 1287 1035 1364 electos,
1055 1293 1240 1374 qurpennixti

10 1363 14 1375 ’
109 1378 202 1440 erant,
228 1367 307 1446 quasi
327 1384 424 1425 semen
445 1383 557 1424 excussa
577 1361 655 1441 palea
674 1361 815 1422 educeret
876 1365 1044 1446 Quanquam
1070 1389 1140 1449 ergo
1161 1383 1240 1430 com'-

2 2727 3 2730 ,
110 2655 191 2716 vibus
211 2654 344 2714 machinis
362 2655 397 2714 ad
417 2654 565 2714 fallendum
586 2653 736 2714 instructos
754 2652 840 2714 forea

102 1443 234 1524 ,maniter
251 1439 380 1530 reprobis
399 1450 429 1498 et
448 1439 527 1499 electi
567 1438 730 1516 temporalis
750 1439 871 1522 contigit
889 1440 974 1516 salus,
1014 1442 1057 1503 uia
1075 1454 1169 1504 tamen
1188 1445 1239 1508 illis

108 1517 180 1578 nihil
199 1515 320 1596 profuit,
345 1514 447 1574 merito
468 1514 509 1576 his
523 1461 595 1576 iotis
615 1514 777 1592 ascribitur,
802 1515 884 1577 sicuti
902 1516 972 1582 mira
989 1463 1046 1580 llei
1058 1519 1241 1604 ¹providentia

107 1594 140 1654 in
159 1614 259 1654 eorum
299 1590 395 1650 ratiam
414 1590 520 1651 directa
540 1590 601 1650 fuit.
994 1651 997 1664 ,

185 1670 233 1730 23.
274 1611 355 1726 iuna
378 1670 407 1725 si
430 1671 499 1746 quis
521 1671 604 1728 vobis
626 1667 748 1756 dixeqit.
786 1664 893 1726 Iterum
911 1667 1015 1748 repetit
1035 1664 1111 1750 quod
1129 1672 1165 1733 de
1184 1673 1240 1734 im.

108 1745 271 1827 pastoribus
290 1743 411 1804 dixerat:
429 1764 483 1803 nec
503 1741 615 1804 frustra.
654 1744 744 1804 Marus
763 1742 838 1802 enim
858 1743 892 1803 ab
913 1743 965 1806 bac
984 1747 1142 1809 tentatione
1161 1751 1239 1830 peri-

110 1821 204 1882 culum
222 1819 353 1894 instabat,
372 1840 409 1880 ue
426 1819 521 1880 miseri
538 1810 666 1880 bomibes
685 1817 715 1878 in
733 1817 818 1880 rebus
837 1819 947 1894 afflictis
967 1832 997 1882 et
1010 1823 1169 1903 despemtis,
1188 1819 1246 1888 sal-l

108 1897 162 1958 laci
180 1896 263 1957 titulo
282 1895 407 1976 decepti,
431 1895 519 1956 larvas
537 1917 590 1976 pro
610 1895 725 1958 Christo
744 1909 927 1974 quaererent,
952 1908 984 1958 et
1002 1898 1104 1960 diaboli
1122 1903 1239 1982 praesti-

110 1974 169 2056 gias
189 1971 426 2052 amplecterentur
444 1992 496 2054 pro
518 1972 573 2032 Dei
592 1971 702 2032 auxilio.
740 1973 813 2032 Nam
831 1993 917 2050 quum
937 1973 1033 2035 ludaei
1052 1975 1089 2036 ob
1110 1992 1238 2044 rontem-

85 2087 89 2092 ·
109 2062 186 2130 ptam
204 2049 428 2129 redemptionem
447 2061 505 2108 tam
525 2049 632 2110 duriter
651 2048 786 2128 oppressi,
806 2047 938 2109 violentis
957 2049 1055 2110 saltem
1074 2055 1204 2118 remediis
1221 2076 1239 2117 a
1259 2087 1264 2102 ⁸

3 2147 4 2152 ¹
109 2125 225 2206 perfidia
242 2125 403 2186 retrahendi
422 2136 533 2199 essent,
555 2144 728 2205 ,novasspes
747 2133 838 2183 astute
856 2121 895 2182 illi
928 2123 1034 2186 obiecit
1052 2128 1138 2190 Satan
1167 2153 1238 2211 qima

110 2203 209 2262 aDeo
233 2201 346 2282 longius
368 2201 442 2282 ipsos
466 2199 645 2262 abducerent
704 2201 740 2288 tlt
764 2210 842 2260 certe
861 2148 930 2260 niiil
948 2203 1036 2338 mag?
1058 2174 1168 2267 exitiale
1187 2219 1239 2298 est,

110 2297 207 2358 msam,
237 2278 303 2338 dum
322 2277 352 2335 in
370 2277 455 2336 rebus
474 2276 595 2336 adversis
618 2274 737 2336 consilto
757 2275 947 2351 destituimur,
972 2300 1003 2338 su
1044 2280 1164 2342 nominis
1183 2285 1239 2343 Der

110 2365 257 2434 praetextu
282 2351 432 2412 mendaciis
457 2353 556 2432 decipi,
587 2371 657 2430 quae
683 2362 712 2410 et
730 2349 937 2430 resipiscentiae
956 2351 1065 2414 ianuam
1085 2356 1167 2436 nobis
1187 2358 1237 2418 ob·
1314 2357 1316 2365 '

92 2442 230 2502 struunt,
250 2441 279 2490 et
299 2428 466 2495 infidelitatis
485 2427 615 2487 tenebras
633 2437 752 2507 augent,
772 2436 801 2486 et
818 2428 931 2487 tandem
946 2429 1000 2490 »das
1024 2431 1149 2492 eratione
1168 2432 1239 2496 con-

111 2504 190 2564 fusos
209 2505 243 2563 ad
262 2503 395 2562 insaniam
414 2503 608 2583 praecipitant.
648 2502 745 2576 Quare
763 2500 793 2560 in
812 2513 893 2562 tanto
912 2451 1038 2583 periculo
1058 2507 1173 2568 minime
1192 2533 1240 2570 su-

109 2601 249 2660 pervacua
268 2579 399 2657 repetitio
419 2578 485 2637 fuit:
507 2599 538 2638 ac
558 2578 722 2658 praesertim
739 2599 824 2656 quum
841 2581 1099 2717 pseudoprophetas
1118 2603 1178 2646 uon
1197 2585 1239 2646 le-

860 2657 1007 2718 moneatC
1027 2657 1120 2734 ristus,
1135 2681 1240 2741 nempe

110 2730 198 2823 signis
218 2743 246 2790 et
264 2731 404 2819 portentis
423 2751 494 2809 quae
517 2729 742 2864 obstupefaciant
760 2729 880 2790 infirmas
899 2745 1016 2794 mentes.
1060 2735 1134 2795 Nam
1154 2759 1239 2817 quum

2 2859 3 2872 ,
110 2807 250 2869 miraculis
270 2807 379 2867 virtutis
398 2826 463 2866 suae
481 2827 598 2887 praesen
621 2806 665 2864 ain
684 2808 915 2882 testeturDeus,
941 2820 970 2869 et
988 2808 1052 2870 ideo
1076 2809 1164 2894 sigilla
1183 2815 1240 2875 sint

110 2885 194 2945 verae
212 2882 373 2957 doctrinae,
401 2882 470 2942 nihil
489 2883 591 2942 mirum
609 2881 632 2942 si
651 2881 852 2962 impostoribus
871 2886 1057 2946 reverentiam
1078 2889 1239 2959 conciliant.
1294 2959 1298 2965 ¹

110 2962 148 3020 Et
166 2959 215 3020 tali
233 2959 368 3020 illusionis
391 2979 498 3041 genere
517 2951 658 3019 ulciscitur
678 2961 755 3018 Deus
774 2959 920 3024 bominum
939 2958 1183 3044 ingratitudinem,
1206 2976 1240 3024 ut

41 3099 47 3106 ,
109 3035 257 3096 mendacio
277 3037 405 3109 credant,
430 3035 478 3115 qui
497 3035 643 3096 veritatem
661 3045 845 3170 respuerunt,
864 3036 1008 3117 magisque
1027 3059 1059 3098 ac
1078 3039 1167 3119 magis
1186 3037 1261 3101 ob-·

109 3112 305 3185 tenebrentur,
325 3112 370 3194 qui
390 3113 424 3172 ad
444 3111 566 3172 oblatam
583 3111 674 3170 lucem
693 3123 852 3171 causernnt
871 3113 978 3174 oculos.
1019 3113 1191 3193 Quanquam
1211 3126 1240 3177 et

112 3187 194 3250 simul
213 3204 327 3248 snorum
348 3187 531 3248 constantiam
558 3198 686 3262 exercet,
715 3207 785 3265 quae
809 3188 873 3249 inde
893 3185 991 3248 clarius
1014 3187 1149 3272 refulget,
1174 3189 1241 3254 dum

111 3264 193 3324 nullis
217 3263 330 3324 fallaciis
346 3263 552 3324 succumbunt.
608 3265 700 3323 Porro
729 3283 814 3342 quum
839 3262 1015 3326 antichristos
1042 3276 1070 3324 et
1094 3267 1241 3330 mendaces

2 3335 3 3382 ἶ
110 3340 262 3419 propbetas
285 3340 424 3400 Dominus
447 3337 586 3400 miraculis
609 3349 732 3400 armatos
756 3337 820 3400 fore
839 3334 1019 3419 pronuntiet,
1045 3361 1106 3400 non
1130 3351 1173 3404 est
1190 3366 1242 3405 cnr

111 3428 262 3496 tantopere
280 3439 312 3475 su
333 3417 443 3477 erbiant
455 3416 583 3496 Papistae
602 3416 657 3475 boc
678 3415 806 3490 obtentu,
824 3414 871 3477 vel
890 3416 1016 3496 ipsorum
1034 3414 1162 3480 iactantia
1181 3432 1241 3480 ter-

109 3489 237 3571 ritamur.
293 3438 434 3552 llliracnlis
462 3515 495 3554 su
515 3491 674 3552 erstitiones
704 3513 765 3551 suas
794 3491 973 3552 confirmante
1009 3513 1111 3576 nempe
1182 3497 1242 3558 'us

110 3567 249 3648 praedixit
269 3566 354 3628 Filius
380 3567 450 3643 Dei,
477 3514 694 3628 lalaefactandam
720 3588 781 3628 esse
805 3567 959 3628 multorum
990 3568 1085 3632 fidem.

110 3653 221 3701 tantum
240 3644 312 3722 apud
331 3646 481 3721 prudentes
500 3641 638 3704 momenti
656 3643 761 3702 habere
781 3663 841 3702 non
859 3641 974 3721 debent,
994 3658 1027 3706 ut
1067 3667 1098 3708 er
1117 3667 1147 3708 se
1164 3647 1242 3708 sulli-
1283 3649 1291 3654 ’

111 3717 188 3777 ciant
211 3718 245 3776 ab
271 3719 446 3796 probandum
472 3721 526 3780 boc
551 3719 596 3780 vel
622 3719 690 3780 illud
714 3720 859 3780 doctriuae
882 3741 980 3804 genus.
1037 3670 1068 3782 di
1093 3723 1153 3785 exci
1174 3721 1242 3796 iant,

111 3793 169 3852 hoc
193 3793 279 3852 modo
306 3795 395 3854 everti
419 3817 451 3855 ac
475 3795 505 3854 in
530 3795 648 3869 nibilum
673 3794 764 3878 redigi
790 3797 935 3873 miracula,
961 3797 1060 3878 quibus
1079 3797 1136 3857 ta‘m
1154 3743 1242 3878 legis

83 3871 90 3886 ⁸
113 3889 198 3950 quam
222 3868 368 3949 Evangelii
390 3871 568 3931 sancitafuit
591 3872 750 3932 auctoritas:
789 3873 963 3962 respondeo,
992 3885 1096 3934 certam
1123 3871 1259 3950 Spirituss

112 3951 211 4004 ndum
237 3941 289 4006 illis
314 3945 480 4028 insculptam
507 3945 604 4020 fuisse,
634 3968 704 4026 quae
727 3946 930 4009 dubitationem
954 3959 983 4008 et
1006 3947 1116 4010 errandi
1135 3960 1243 4006 metum

111 4021 239 4082 fidelibus
259 4019 406 4082 eximeret:
445 4023 545 4101 Neque
565 4021 640 4096 enim
660 4021 771 4104 quoties
790 4025 824 4084 ad
843 4044 908 4086 suos
928 4023 1135 4084 confirmandos
1153 4022 1253 4084 virtu·
1333 4091 1336 4098 Ι

114 4111 171 4160 tem
191 4118 267 4158 suam
288 4099 410 4158 exseruit
428 4097 515 4170 Deus,
534 4098 572 4156 ita
592 4097 709 4158 confuse
731 4109 863 4178 operatus
883 4112 933 4174 est,
953 4099 1020 4178 quin
1039 4120 1105 4160 vera
1124 4109 1245 4160 exstaret

113 4173 238 4254 nullique
259 4173 380 4236 fallaciae
403 4173 524 4234 obnoxia
544 4171 695 4234 distinctio.
716 4173 818 4236 'Adde
838 4175 914 4253 quod
932 4174 1088 4234 doctrinam
1108 4175 1147 4236 sic
1167 4173 1244 4236 obsi·
1297 4245 1305 4254 ⁶

113 4263 204 4333 gnant
221 4249 362 4325 miracula,
381 4261 414 4309 ut
431 4249 476 4310 illa
496 4270 609 4329 quoque
629 4247 748 4309 vicissim
766 4247 935 4329 praeluceat,
955 4260 984 4310 et
1001 4249 1128 4310 discutiat
1145 4271 1245 4314 omnes

114 4326 364 4415 nebulas,quil›us
383 4326 522 4408 simplices
541 4337 649 4388 mentes
669 4323 791 4409 offuscat
808 4326 904 4386 Satan.
946 4323 1077 4460 Deniqre
1096 4323 1119 4386 ri
1136 4325 1171 4388 ab
1191 4325 1245 4388 int·
1354 4363 1362 4394 r

144 4417 230 4461 calvini
244 4427 363 4468 comment.
379 4417 401 4462 in
417 4417 492 4462 llarm.
509 4417 548 4460 Er.
570 4416 616 4459 vol.
631 4416 660 4459 ll.
751 4481 754 4488 ἱ
785 4465 792 4470 ,
1012 4404 1034 4458 l-

1174 3594 1242 3632 uate
1347 3605 1362 3618 ·
