2796 4774
300 293 309 310 ’
349 332 493 419 (ror-o.
531 337 579 406 ne
595 350 692 406 satore
711 337 891 422 erasmae.)
1164 352 1188 413 ,ι

58 458 160 563 eadem
181 455 357 560 iietvoiris
377 491 557 580 adarensio,
585 503 617 560 et
637 493 805 562 adiicietur
826 493 934 576 vohis,
959 495 1017 583 qui
1039 473 1185 568 audistin.

55 589 103 667 25.
130 597 201 692 Qui
215 597 313 662 enim
338 593 450 678 habet,
478 593 608 663 dabitur
630 595 698 664 iiii:
726 605 758 668 et
783 599 840 688 qui
865 595 1064 684 nonhabet,
1090 603 1186 672 etiarn

55 703 142 794 quod
163 697 260 769 habet
276 699 438 768 auferetur
460 697 502 766 ab
524 715 574 766 eo.
892 729 896 750 i

134 911 238 988 LUCs
257 913 345 1006 Vnt.
388 912 419 978 1.
446 909 489 979 Et
509 910 628 980 iactum
649 921 697 980 est
719 907 886 1002 deinceps,
914 923 946 981 et
966 915 1041 1003 ipsa
1057 907 1119 985 iter'
1138 917 1186 988 fa.
1235 989 1243 998 .

52 1017 156 1086 oiebai
171 1040 231 1108 per
253 1015 396 1104 singulas
417 1017 560 1082 civitates
590 1017 622 1082 ei
649 1014 794 1106 essteiin,
821 1015 1010 1104 praedicans
1038 1002 1077 1086 et'
1090 1041 1187 1104 evan·

51 1123 188 1210 gelizans
213 1107 350 1207 regnum
374 1117 458 1198 Dei,
485 1127 518 1184 et
544 1115 715 1184 duodecim
741 1106 813 1183 euin
840 1117 910 1184 iilo.
956 1118 988 1184 2.
1021 1119 1187 1213 Simulque

51 1227 197 1295 mulieres
219 1223 354 1311 aliquae,
377 1243 462 1310 quae
484 1229 613 1286 sanatae
635 1226 725 1286 erant
746 1243 765 1286 a
785 1219 953 1308 spiritibus
969 1221 1062 1291 maiis
1085 1235 1118 1300 et
1136 1220 1187 1294 in·
1240 1246 1245 1254 ’

51 1309 267 1410 firmitatibus,
288 1325 404 1405 Maria,
428 1345 511 1413 quae
526 1333 668 1390 uocatur
685 1321 894 1416 magdalene,
916 1323 957 1390 de
979 1341 1043 1414 qna
1064 1337 1186 1416 septem
1394 1405 1395 1424 χ

51 1431 217 1498 daemonia
239 1429 394 1508 exierant,
436 1426 468 1494 3.
495 1427 537 1493 Et
557 1429 693 1508 Ioanna,
714 1447 797 1494 uror
820 1427 947 1508 Cusas,
963 1433 1185 1517 procuratoris
1296 1511 1301 1520 1
1394 1459 1395 1470 ’

48 1533 196 1612 Herodis,
219 1539 250 1598 et
262 1532 419 1608 Susanna,
440 1540 472 1598 et
491 1530 574 1596 aliae
595 1529 722 1610 multae,
744 1551 827 1617 quae
848 1529 1069 1600 ministrabam
1089 1537 1121 1602 ei
1141 1533 1186 1602 de

48 1633 252 1703 inanitatibus
273 1636 351 1699 auis.
394 1632 425 1696 4.
453 1631 563 1719 Quum
585 1643 696 1709 autem
712 1631 811 1700 turba
827 1632 966 1722 plurima
988 1635 1186 1718 conveniret,

49 1751 77 1806 et
97 1758 116 1805 e
137 1731 273 1826 singuiis
296 1731 476 1802 civitatibus
497 1747 707 1824 properarent
728 1736 770 1802 ad
791 1755 871 1818 eum,
894 1736 973 1804 diiii
992 1760 1052 1826 per
1072 1740 1198 1806 simili-¹

47 1843 202 1910 tudinem:
240 1841 272 1908 5.
294 1840 380 1906 Exiit
397 1841 453 1926 qui
474 1849 646 1905 sementem
666 1839 805 1908 faciebat
826 1840 868 1906 ad
890 1841 1110 1910 seminandum
1132 1865 1184 1911 se·
1289 1892 1291 1908 .

47 1967 117 2011 men
141 1965 248 2022 sunm,
277 1952 309 2008 et
330 1945 414 2008 inter
436 1941 654 2036 seminandum
676 1941 765 2009 alind
786 1942 903 2031 cecidit
923 1947 1010 2010 eirca
1030 1948 1130 2028 viam,
1152 1955 1185 2015 et

47 2041 268 2140 conculcatum
290 2037 355 2125 est,
383 2053 416 2111 et
442 2045 591 2112 volucres
610 2045 701 2112 =iroeii
723 2045 931 2114 comederunt
950 2047 1043 2116 iliud.
1090 2049 1202 2128 our

46 2150 135 2216 aliud
156 2148 394 2238 ceciditsuper
414 2159 556 2236 petram,
578 2157 609 2245 et
630 2159 757 2215 enatum
780 2152 913 2230 exaruit,
940 2153 1105 2238 quianon
1126 2151 1185 2220 ha-

44 2252 145 2322 hebat
168 2253 343 2318 humorem.
387 2251 417 2317 7.
444 2253 488 2318 Et
515 2250 603 2330 aliud
627 2251 753 2320 oceidit*
769 2255 853 2318 inter
879 2253 1005 2338 spinas,
1035 2263 1067 2318 et
1087 2251 1185 2320 simul

45 2368 156 2424 enatae
177 2359 288 2444 spinam
304 2343 545 2436 striiocavernnt
566 2343 659 2420 iiiiid.
700 2355 733 2418 8.
755 2355 799 2422 Ei
820 2351 909 2418 aliud
930 2353 1045 2418 cecidit
1065 2355 1101 2418 in
1121 2353 1187 2418 ier-

43 2482 107 2527 rarn
137 2457 270 2538 bonam,
303 2468 335 2524 et
361 2467 488 2524 enatum
515 2457 592 2518 feeit
615 2455 754 2518 fructum
783 2453 976 2536 centuplum.
1018 2441 1107 2518 Haec
1135 2453 1186 2520 di·

45 2585 134 2644 eena‚
163 2559 332 2640 clamabat,
362 2559 432 2644 Qui
456 2545 554 2619 habet
582 2567 676 2616 aures
699 2551 740 2618 ad
762 2551 971 2633 audiendum,
999 2553 1116 2626 audiat.
1141 2593 1182 2610 -
1222 2584 1227 2590 ·
1274 2600 1276 2608 ι

44 2659 342 2748 9.1nterrogabant
363 2665 466 2724 nutem
490 2677 562 2721 enm
585 2653 733 2742 discipuli
755 2657 820 2735 sni,
845 2653 1002 2738 dieentes,
1025 2679 1108 2746 qnae
1130 2673 1184 2728 es·
1214 2639 1216 2648 Ι

42 2749 87 2834 ἐει
104 2769 193 2833 haee
210 2759 377 2851 parabola.
421 2761 471 2824 iii.
498 2759 541 2824 At
562 2757 618 2824 iiie
639 2750 733 2839 dine,
755 2757 990 2830 Vobisdatum
1011 2772 1060 2827 eat
1082 2783 1183 2830 nosse

44 2871 194 2958 mysteria
215 2869 309 2962 regni
329 2865 406 2931 Dei:
433 2863 567 2934 caeteris
591 2871 695 2928 autem
716 2877 777 2950 per
797 2859 997 2950 parabolas‚·
1012 2871 1049 2928 ut
1068 2866 1184 2933 viden·

44 2983 86 3040 tes
115 2991 189 3038 nou
213 2969 354 3046 videant,
389 2975 419 3032 et
446 2963 614 3033 audientes
641 2977 709 3030 non
735 2966 920 3051 intelligant.
969 2965 1075 3030 Patrio
1096 2977 1181 3052 pust.

44 3059 93 3141 18.
118 3071 242 3156 Videte
269 3062 367 3157 ergo,¹
390 3067 556 3154 quomodo
583 3066 728 3133 audiatis.
778 3058 950 3155 Quisquis
963 3071 1047 3133 enirn
1074 3061 1200 3152 habet,¹
1304 3133 1308 3140 .

43 3177 172 3244 dabitur
196 3173 258 3240 iiii:
292 3175 534 3262 etquicunque
559 3191 627 3234 non
651 3168 762 3258 hahet,
790 3175 884 3235 stiam
911 3168 1001 3258 qnod
1027 3181 1117 3258 putat
1144 3194 1180 3238 se

41 3279 161 3346 hahere
183 3277 344 3344 auferetur
366 3263 407 3342 ai
428 3273 495 3338 ili'o.
539 3271 640 3340 LUC.
659 3273 698 3336 Χ.
729 3263 783 3338 23.
805 3273 846 3338 Et
868 3293 1045 3338 conversus
1068 3275 1109 3341 ad
1131 3276 1181 3342 di-

41 3383 186 3471 scipulos
209 3400 364 3463 seorsum,
385 3375 472 3458 dixit,
494 3375 587 3474 Beati
609 3373 703 3454 oculi,
727 3375 923 3470 quivident,
945 3369 1109 3466 quosvis
1129 3381 1178 3445 vi-

41 3485 130 3552 deris.
175 3480 335 3548 ansleico
359 3482 444 3544 enim
464 3475 574 3557 vohis,
596 3475 685 3564 quod
707 3471 798 3544 multi
818 3478 997 3566 Prophetae
1018 3491 1037 3540 e
1062 3471 1176 3567 'Reges

36 3590 216 3656 voluerunt
236 3583 361 3662 videre,
388 3604 472 3670 qnae
492 3602 554 3647 vos
574 3578 706 3659 videtis,
737 3589 769 3648 et
789 3598 857 3672 non
878 3581 1041 3654 viderunt:
1071 3593 1103 3654 et
1123 3605 1183 3651 au·

35 3691 116 3774 dire,
141 3679 372 3778 quae'auditis,
396 3696 429 3752 et
449 3705 519 3764 non
540 3682 719 3751 audierunt
746 3739 774 3755 ,.
823 3681 838 3704 ”
984 3675 987 3682 ’

113 3921 204 3998 Quae
217 3915 278 3978 tue
296 3911 402 3976 inserui
421 3935 456 3976 ex
474 3914 560 3990 Luca,
578 3901 656 3975 sorte
674 3899 710 3974 td
729 3895 803 3975 aliud
820 3923 934 3998 tempus
951 3902 1108 3998 pertinenu
1128 3914 1178 3979 sad
1256 3966 1258 3976 .

35 4019 108 4080 qnae
125 4016 190 4058 nno
208 4005 345 4056 contextu
362 3992 469 4074 posuit,
486 3992 563 4054 nulla
581 3991 657 4052 ratio
677 4010 784 4072 eogere
803 3991 862 4053 risa
882 4000 939 4067 est,
959 4013 1012 4054 eur
1032 3992 1178 4080 disiunge·
1214 4033 1219 4040 ,

34 4096 105 4136 rem.
149 4073 251 4135 Primo
280 4068 350 4130 dicit
377 4068 527 4146 'duodecim
551 4061 709 4150 Apostolos
733 4088 766 4126 re
808 4090 856 4140 um
883 4069 942 4129 Det
970 4091 1035 4130 euru
1058 4067 1178 4128 Christo
1206 4073 1213 4106 ἵ
1266 4077 1270 4080 ’

34 4151 230 4232 praedicasse,
258 4147 336 4205 unde
365 4144 536 4226 colligimus,-
565 4141 693 4226 pqnamvis'
720 4149 754 4202 tir
804 4145 893 4204 arium
926 4143 1049 4206 docendi
1074 4148 1177 4200 munus

33 4230 168 4289 nondum
184 4225 238 4285 iilis
257 4222 417 4282 iniunctum
436 4225 527 4296 soret,
554 4219 639 4288 fuisse
657 4223 755 4277 tamen
781 4221 905 4280 assiduos
930 4227 1101 4301 praepones,v
1129 4215 1199 4297 qui*

32 4304 178 4396 Magistro
197 4321 250 4362 suo
267 4295 437 4360 audientiam
454 4297 593 4374 iacerent:
610 4295 661 4365 iu,
681 4295 812 4372 quamvis.
823 4291 943 4357 inferior
960 4303 1034 4354 esset
1049 4292 1058 4350 i
1079 4313 1177 4353 sorum

32 4391 118 4459 ratio,
132 4380 271 4442 dicuntur
280 4386 377 4437 tamen
387 4371 504 4444 Christo
517 4373 606 4435 fuisse
615 4371 765 4439 adiutores
790 4370 902 4432 Deinde
915 4369 1018 4502 apipcit,
1067 4367 1176 4426 eristum
