2796 4774
114 265 169 328 ιι
299 226 309 256 ‘
467 256 916 366 submurmurasse.
1026 223 1088 362 ι’

61 471 64 482 .
128 414 299 484 sonnatio
319 371 440 480 saecbli
460 422 523 481 cst:
549 435 712 482 messores
735 425 844 482 autem
864 409 983 500 Angeli
1003 423 1088 482 sunt.
1130 409 1183 482 40.
1212 415 1305 507 st„

129 528 185 584 cut
205 539 284 606 ergo
304 513 498 604 colliguntur
519 517 656 599 zizania,
679 527 711 586 ct
731 519 798 605 igni
818 515 1057 599 comburuntur,
1079 519 1127 584 sic
1149 522 1211 588 erit
1230 525 1267 588 in
1291 537 1293 547 ’

52 651 54 656 ·
130 621 407 693 consummatione
427 619 548 687 sacculi
568 621 673 688 buius.
716 621 770 687 41.
792 620 892 688 Mittit
912 618 1015 708 Filius
1037 621 1177 691 bominis
1198 625 1267 694 An·

129 724 222 814 gelos
244 745 340 798 suos,
368 731 400 788 et
421 721 572 810 colligent
590 731 734 812 e'reguo
760 722 847 790 illius
868 725 978 790 omnia
999 703 1208 807 olleudieula‘,
1234 737 1268 796 et

130 849 189 896 eos
211 829 269 916 qui
289 825 635 915 patrantiniquitateru,
677 827 729 894 42.
750 827 800 894 Ae
816 824 1036 902 mittentillos
1058 829 1094 894 in
1107 832 1267 907 caminum

128 929 229 1020 iguis:
255 929 302 996 ibi
324 919 386 998 e‘rit
404 927 565 1018 ploratus,
587 929 772 1018 stridorque
794 929 945 998 dentium.
989 927 1043 996 43.
1073 931 1168 998 Tunc
1188 934 1267 1002 iusti
1374 1018 1375 1021 Ἴ

128 1031 314 1120 fulgebunt,
340 1039 378 1098 ut
398 1031 450 1100 sol
471 1035 507 1116 iu
527 1053 627 1122 reguo
649 1033 755 1133 Patris
782 1034 844 1102 sui.
887 1031 956 1120 Qui
982 1029 1082 1116 babet
1102 1055 1197 1102 aures
1224 1033 1267 1104 ad

130 1134 335 1217 audiendum,
357 1133 475 1204 audiat.

1071 1269 1087 1302 ι

205 1339 250 1404 Ut
271 1337 358 1404 uobis
379 1351 494 1403 constet
520 1361 588 1402 usus
607 1339 759 1422 parabolae
802 1344 909 1402 tenere
932 1331 1038 1422 ope'rae
1063 1340 1188 1423 pretium
1211 1349 1264 1421 ese

127 1437 266 1503 quorsum
288 1419 387 1480 tendat
406 1417 543 1480 Christus.
569 1419 690 1478 Putant
712 1381 837 1497 qtddarn,
861 1437 900 1480 ne
918 1417 972 1480 sibi
989 1421 1184 1512 promiscuum
1201 1420 1266 1482 vula

58 1550 62 1562 ,
128 1517 183 1581 gun
201 1494 329 1586 placeret
348 1505 464 1556 externa
482 1493 629 1576 Evangelii
647 1493 835 1584 professione,
857 1495 1050 1571 enm‘dixrsse,
1070 1496 1101 1556 iu
1122 1516 1192 1578 agro
1211 1516 1265 1558 suo
1295 1559 1298 1566 ,

129 1593 215 1664 saepe
232 1584 366 1634 nitrosum
384 1591 486 1640 semen
499 1570 579 1631 bono
598 1582 768 1652 peruentum
786 1589 856 1644 esse,
878 1569 936 1631 sed
940 1583 1093 1644 venturum
1111 1573 1186 1650 dierp
1205 1585 1265 1654 quo
1353 1635 1355 1650 ,

100 1687 107 1697 ·
128 1646 228 1710 lolium
247 1668 264 1709 a
281 1648 378 1709 tritico
387 1667 417 1708 se
438 1657 541 1710 aretur.
579 1647 680 1725 Itaque
698 1645 771 1708 banc
781 1645 943 1727 parabolam
962 1669 1027 1708 eum
1045 1649 1174 1730 proxima
1191 1671 1264 1710 cou-

128 1723 268 1808 iungunt,
293 1723 351 1792 acsi
371 1745 403 1786 ea
423 1745 468 1784 em
488 1732 563 1784 esset
581 1725 729 1816 utriusque
748 1723 832 1782 ratio.
955 1735 1059 1784 tanen
1080 1725 1263 1796 secusvide-

128 1811 191 1861 tur:
210 1821 278 1861 nam
292 1801 476 1882 separationis
494 1800 560 1860 ideo
578 1799 717 1874 muman,
736 1797 879 1859 maenio
926 1799 1028 1862 tiscant
1046 1801 1263 1894 piorumanimi,

128 1875 198 1941 duin
220 1877 367 1938 confusam
388 1877 533 1938 bonorum
556 1875 639 1935 simul
662 1897 727 1938 cum
751 1873 830 1935 malis
856 1874 1008 1938 mixturam
1032 1889 1163 1940 cernane
1200 1879 1264 1944 Etsi
1289 1879 1293 1885 ’

128 1954 209 2016 enim
229 1953 367 2036 sanguine
383 1973 435 2031 suo
454 1951 610 2018 Ecclesiam
629 1951 777 2012 mundavit
796 1950 938 2027 Christum,
962 1965 996 2014 ut
1013 1953 1051 2015 sit
1067 1954 1173 2036 absque
1190 1967 1263 2048 ruga

129 2041 162 2092 et
180 2029 297 2106 macula,
319 2029 410 2092 adhuc
428 2041 525 2090 tamen
538 2027 634 2088 multis
654 2023 729 2091 vitiis
748 2025 878 2088 laborare
896 2028 1010 2109 patitur.¹
1050 2031 1112 2092 Nec
1136 2033 1172 2093 de
1190 2053 1263 2094 rest-

129 2106 193 2168 duis
211 2106 422 2167 infirmitatibus
443 2105 533 2166 caruis
552 2103 670 2185 loquor,
691 2097 793 2184 quibus
812 2103 930 2164 obnoxii
947 2117 1017 2166 suut
1036 2103 1141 2190 singuli
1157 2106 1262 2184 fideles,

90 2239 95 2246 „
128 2193 280 2274 postquam
297 2181 421 2266 regeniti
439 2191 506 2242 stunt
523 2181 581 2242 Dei
600 2179 717 2262 Spiritu,
736 2195 836 2242 verum
854 2179 970 2242 sbuulac
989 2182 1033 2244 exi
1073 2204 1121 2246 um
1140 2201 1262 2266 gregem

130 2253 185 2320 sibi
205 2259 322 2342 collegit
342 2259 488 2332 Christus,
511 2255 593 2320 multi
611 2256 778 2339 hypocritae
796 2277 828 2318 sc
844 2255 1003 2349 insinuant,
1025 2279 1044 2318 o
1065 2272 1171 2340 repunt
1192 2281 1262 2340 per·

128 2336 206 2400 narsi
227 2335 375 2414 homines,
403 2333 486 2397 multi
509 2335 594 2396 etiam
615 2333 740 2416 improbi
763 2353 796 2395 se
818 2331 966 2418 ingenuit:
992 2346 1034 2396 sta
1056 2335 1090 2396 fit
1109 2345 1143 2396 ut
1165 2335 1261 2398 multis

129 2411 262 2476 sor-'dibus
278 2413 443 2496 inquinetur
461 2433 540 2474 sacer
557 2410 604 2472 ille
621 2421 734 2488 coetus,
758 2430 843 2490 quem
861 2409 915 2471 sibi
935 2409 1065 2474 Christus
1089 2431 1262 2548 segregave-
1358 2458 1361 2466 ι

128 2499 184 2550 rat
223 2492 290 2550 lloc
313 2508 404 2572 porro
426 2487 521 2550 multis
545 2487 627 2568 valde
652 2507 716 2547 esse
735 2485 886 2552 absurdum
908 2486 1035 2562 videon,
1062 2487 1093 2548 in
1116 2489 1262 2550 Eccesiae

128 2565 195 2626 sinu
213 2565 308 2627 foveri
330 2565 382 2626 uel
396 2565 499 2645 impios
518 2563 657 2638 homines,
675 2561 890 2644 vetprotanos,
913 2561 960 2625 vel
977 2563 1138 2627 sceleratos.
1177 2565 1261 2628 Adde

130 2639 209 2722 quod
224 2639 355 2720 plerique
373 2639 583 2730 zelipraetextu
601 2637 663 2720 plus
682 2657 774 2720 aequo
788 2639 906 2713 morosi,
924 2639 980 2700 nisi
997 2643 1094 2702 omnia
1111 2640 1151 2704 ad
1161 2657 1262 2704 eorum
1317 2705 1319 2712 ,
1371 2687 1373 2696 ι

129 2725 231 2778 votum
249 2707 481 2796 dompositasmt,
541 2715 565 2774 'a
585 2735 637 2784 uus
740 2725 856 2793 apparet
873 2713 1001 2775 absoluta
1020 2719 1135 2796 puritas,
1155 2715 1261 2778 turnul-

128 2802 214 2852 tuose
232 2790 267 2851 ab
288 2789 413 2852 Ecclesia
432 2789 507 2850 disee
527 2801 592 2863 uut,
619 2811 655 2848 ve
683 2787 848 2868 importuno
872 2789 971 2870 rigore
994 2811 1057 2850 eam
1076 2803 1210 2852 evertunt
1227 2809 1261 2855 ac

150 2868 262 2959 cudunt·
291 2867 391 2944 Quare
408 2865 455 2928 bic
475 2885 541 2926 meo
550 2859 654 2925 iudicio
668 2862 785 2944 simplex
805 2875 849 2924 est
858 2863 1008 2955 parabolae
1022 2881 1134 2956 scopum
1164 2867 1261 2944 Quam
1304 2927 1322 2937 ,
1391 2905 1393 2976 q

159 2965 179 3006 u
195 2943 228 3004 in
245 2941 303 3005 boc
320 2943 427 3004 mundo
444 2941 643 3026 peregrinatur
652 2939 787 3015 Ecclesia,
805 2939 888 3000 bouis
909 2951 939 3002 et
956 2961 1072 3004 sinaeus
1091 2965 1121 3002 ru
1141 2965 1174 3006 ea
1192 2967 1260 3026 per-

129 3021 234 3082 mixtos
248 3020 318 3082 'lore
336 3017 424 3082 malos
445 3029 491 3110 et·
511 3017 662 3100 ypocritas,
681 3029 715 3078 ut
732 3037 764 3078 se
782 3015 917 3098 patientia
933 3029 1044 3079 arment
1061 3017 1111 3080 lilii
1129 3020 1202 3097 Dei,
1230 3031 1260 3082 et
1306 3023 1316 3042 ‘

71 3126 77 3138 ν
129 3090 208 3159 inter
230 3091 416 3172 offendicula,
444 3017 545 3177 qmbus
567 3094 675 3155 turbari
697 3103 828 3176 possent,
855 3093 999 3157 retineant
1019 3093 1169 3158 infractam
1192 3096 1259 3160 fidet

131 3174 327 3236 constantiam.
365 3175 419 3236 Est
435 3183 531 3234 autem
557 3171 699 3261 aptissima
719 3171 907 3252 comparatio,
934 3193 1021 3252 quum
1039 3173 1182 3234 Dominum
1202 3177 1260 3236 Ec-

39 3263 43 3268 '
131 3247 244 3332 clesiam
263 3261 646 3334 vocatagrum·suum,qu1a
666 3247 725 3310 eius
744 3267 842 3308 semen
861 3259 927 3308 suut
944 3247 1048 3310 fideles.
1089 3249 1260 3330 Quanquam

129 3336 226 3388 autem
246 3326 376 3388 Christus
395 3337 494 3410 postea
512 3325 637 3401 subiicit,
657 3325 793 3386 mundum
812 3346 873 3385 esse
891 3337 1004 3410 egram,
1027 3324 1144 3386 dubium
1161 3337 1259 3398 tamen
1319 3397 1321 3402 ¹

129 3421 192 3462 uon
211 3415 270 3478 est,
295 3405 363 3484 quin
382 3403 499 3486 proprie
515 3402 572 3464 boc
590 3421 698 3462 nomen
722 3402 756 3460 ad
770 3399 926 3462 Ecclesiam
943 3413 1042 3482 aptare
1060 3401 1197 3479 voluerit,
1221 3404 1259 3464 de

170 3495 320 3541 aurursus
344 3480 438 3542 suerat
460 3499 630 3540 sermonem.
669 3478 728 3542 Sed
750 3477 883 3558 quoniam
927 3479 1009 3540 assim
1031 3489 1154 3542 aratrum
1175 3499 1259 3542 suum

150 3563 266 3616 ucuuus
292 3567 353 3617 erat
374 3576 550 3640 peromnes
572 3553 671 3616 mundi
692 3553 802 3640 plagas,
816 3565 859 3636 -ut
880 3552 902 3615 s‘
924 3553 934 3613 i
952 3575 1037 3638 agros
1059 3553 1205 3616 excoleret
1225 3556 1258 3618 in

128 3641 195 3691 tuto
214 3633 323 3694 mundo
341 3654 374 3694 ac
393 3645 540 3728 spargeret
557 3628 632 3693 vitae
646 3651 828 3712 semeu„per
847 3631 1048 3711 synecdoqbeu
1066 3631 1101 3692 ad
1119 3631 1259 3694 mmdun

69 3745 71 3750 ·
129 3707 281 3784 transtulit,
300 3709 379 3789 quod
402 3722 476 3791 parts
494 3720 605 3770 tanmru
622 3707 711 3791 megis
730 3705 890 3788 quadrabat.
929 3701 1014 3772 Nuitc
1033 3705 1185 3769 videndum
1204 3719 1258 3786 est,

22 4305 32 4482 l

24 4543 26 4597 l

25 4691 106 4726 ι

171 3784 179 3804 9

73 3809 78 3820 ·
129 3785 199 3922 quid
220 3803 274 3866 per
290 3790 427 3846 triticum
444 3785 598 3868 intelligat,
623 3797 653 3848 ct
671 3784 738 3866 quid
749 3805 808 3875 per
825 3787 970 3844 zizania„
995 3785 1064 3845 Non
1082 3796 1181 3865 potest
1200 3783 1258 3846 boo

152 3883 168 3922 e

185 3861 315 3924 doctrina
331 3862 446 3946 exponi,
463 3865 542 3954 quqsi
561 3853 688 3937 dixisset,
706 3859 762 3930 uba
773 3861 927 3926 seminatur
946 3859 1142 3944 Evangelium,
1161 3859 1259 3924 statim

129 3939 278 4030 eornmnpi
292 3945 334 4030 ⁴et
364 3939 514 4001 adulterari
526 3937 634 4076 ¹{pravis
662 3937 818 4021 figmentis:
842 3952 986 4018 nunquam
1012 3937 1090 4000 enim
1120 3937 1258 4030 uetuisset

132 4012 271 4092 Christus,
290 4036 322 4076 tn
339 4013 390 4076 eall
408 4025 526 4106 corrupt
587 4015 732 4098 purganda
750 4024 866 4074 strenue
884 4027 1020 4109 satagere.
1058 4014 1161 4094 Neque
1180 4033 1257 4074 enrm

20 4106 36 4126 ··
87 4156 90 4162 ,
129 4099 165 4150 ut
181 4091 213 4151 in
230 4091 377 4154 hominunm
394 4083 620 4172 moribussquae
642 4089 748 4173 corrigi
765 4101 1013 4188 neqpeunt‘vrtra,
1031 4088 1148 4152 tolerari
1168 4109 1257 4182 opor-

129 4175 189 4240 tet,
214 4165 254 4228 ita
277 4167 378 4231 liceret
402 4164 504 4252 impios
527 4185 638 4228 errores
664 4165 753 4242 ferre,
803 4189 832 4240 Ιιι
854 4166 920 4227 fider
940 4169 1093 4249 puritatem
1116 4166 1254 4228 inficiunt,

129 4241 245 4302 Deinde
261 4241 428 4310 nominatim
448 4243 577 4309 Christus
600 4243 672 4305 filios
690 4242 808 4327 maligui
825 4241 931 4303 anania
950 4257 1011 4305 esse
1029 4243 1125 4304 diceus
1144 4241 1256 4302 dubita-

129 4314 240 4380 tionem
261 4319 345 4383 tollit.
382 4325 491 4386 Rursus
511 4325 610 4383 tamen
634 4321 792 4382 noandum
814 4329 872 4394 est,
895 4339 957 4380 uon
979 4339 1073 4402 posse
1088 4319 1143 4378 boc
1170 4317 1256 4378 etiam

130 4389 295 4478 sinpliciter
311 4399 348 4463 de
361 4398 509 4464 bominum
523 4398 654 4486 personis
672 4395 800 4483 intelligi,
819 4395 984 4480 quasiDeus
1002 4394 1148 4458 creanoue
1160 4393 1254 4457 bonos
