2796 4774
181 199 242 264 m
399 189 509 254 SECI’.
528 187 609 254 xlx.
650 201 776 250 cunum
794 201 906 250 aassm
923 201 963 248 rr
982 201 1084 250 mons,

185 343 262 430 qnod
279 341 332 408 sihi
350 341 488 424 iprenon
505 340 642 430 pepercit,
662 338 711 400 sed
728 348 831 420 sponte
849 337 928 399 carui
943 357 1009 400 suae
1025 337 1138 420 laqueos
1156 337 1265 416 induit,
1283 351 1315 402 ut
1361 293 1362 336 t

185 424 290 488 animas
308 431 418 482 nostras
436 417 587 478 avinculis
607 415 696 478 multo
715 414 856 496 peioribus
875 415 1020 476 eximeret.

261 501 309 562 57.
346 497 504 556 Duxerunt
523 494 566 552 ad
585 492 739 570 Coiplaom.
784 489 954 570 Quanquam
972 483 1082 550 Iudaeis
1100 491 1231 572 adempta
1252 504 1316 552 erat
1361 495 1362 556 l

187 575 278 637 maior
402 580 509 632 vocant
531 567 697 644 iurisdictio,
727 565 877 626 manebant
900 578 998 630 tamen
1021 566 1153 645 quaedam
1175 568 1316 649 reliquiae
1361 587 1362 634 f

189 650 276 716 eiusi
323 647 374 722 cii,
409 645 485 725 quod
505 645 565 706 Lex
587 663 697 707 stnnmo
714 643 853 704 sacerdoti
877 642 970 704 defert
991 643 1091 719 (Dent.
1111 648 1162 716 17,
1179 644 1242 718 8),
1263 645 1315 704 ita-

188 747 244 864 que
262 745 327 786 cum
345 742 426 784 mero
445 721 565 802 imperio
584 741 645 782 nou
665 731 761 800 erepta
780 731 840 780 erat
856 718 966 780 modica
987 719 1106 780 coertio.
1135 720 1210 780 Hinc
1227 721 1266 780 fit
1284 733 1314 780 ut
1361 737 1362 800 t

215 801 315 861 hristus
332 799 368 860 ad
385 819 524 860 sommum
544 795 710 858 Pontificem
729 794 923 856 examinandus
942 795 1078 854 trahatur:
1113 817 1172 856 uon
1192 809 1225 856 ut
1246 796 1314 856 ulti-
1361 801 1362 856 i

185 897 265 938 mum
284 875 321 936 de
338 874 401 954 ipso
420 873 550 934 iudicium
569 873 603 933 ad
620 871 743 932 tribuual
761 870 828 931 illud
847 871 904 944 fiat,
930 871 978 931 sed
997 883 1028 932 ut
1048 893 1099 932 suo
1118 872 1222 932 iudicio
1245 894 1313 966 gra-
1361 869 1362 910 ἶ

187 965 285 1016 ratum
307 952 465 1014 sacerdotes
489 949 590 1010 deiude
612 949 709 1010 sistaut
732 967 827 1008 coram
847 947 983 1008 Praeside.
1029 945 1150 1039 Caiphae
1173 950 1314 1010 Pontifex
1361 957 1362 1030 t

188 1029 244 1092 alio
262 1028 378 1089 nomine
396 1038 511 1088 vocatus
530 1025 582 1085 tuit
605 1023 754 1104 Iosephus,
792 1043 876 1104 quem
897 1023 1034 1160 Iosephus
1057 1023 1205 1090 historicus
1229 1025 1312 1100 (hist.

188 1106 252 1166 lihr.
273 1103 335 1182 18.)
362 1103 429 1164 dicit
447 1125 463 1164 a
485 1101 594 1162 Valerio
614 1101 706 1160 Grato
730 1099 848 1160 Iudaeae
870 1101 959 1180 praesi
980 1120 995 1160 e
1016 1115 1123 1159 summo
1147 1101 1313 1162 sacerdotio
1361 1111 1362 1140 l

190 1193 322 1244 ornatum
341 1200 414 1254 esse,
432 1200 520 1260 qumn
539 1178 648 1238 honore
667 1187 775 1236 amotus
790 1187 866 1236 esset
884 1176 992 1248 Simon,
1013 1175 1132 1236 Camithi
1152 1176 1230 1236 filius.
1254 1181 1312 1239 So·

189 1258 247 1318 lum
265 1269 359 1318 autem
378 1274 540 1338 cognomen
557 1253 592 1313 ab
613 1252 796 1336 Evangelistis
815 1251 938 1332 ponitur,
977 1251 1021 1311 uia
1036 1251 1115 1312 forte
1134 1253 1218 1334 vulgo
1237 1265 1310 1314 tuuc

190 1334 284 1397 notius
307 1331 450 1415 magisque
473 1329 584 1390 celebre
609 1341 679 1388 erat.
716 1329 880 1390 Sacerdotes
906 1328 937 1388 in
958 1273 1072 1388 domum
1092 1327 1214 1409 Caiphae
1228 1331 1310 1390 lllat-

190 1411 287 1476 thaeus
306 1407 470 1470 convenisse
487 1407 568 1479 dicit,
587 1425 647 1466 nou
666 1405 742 1484 quod
760 1404 814 1465 idm
831 1415 897 1465 aute
917 1403 1061 1464 Christum
1077 1405 1227 1466 adductum
1246 1427 1309 1467 me-

128 1549 133 1560 ,
191 1489 235 1548 dia
254 1496 339 1546 nocte
358 1482 523 1566 congregati
542 1481 659 1556 fuerint,
693 1479 741 1541 sed
759 1481 823 1562 qnia
841 1480 988 1540 condictus
1006 1491 1067 1540 erat
1089 1481 1180 1556 locus,
1209 1493 1241 1541 ut
1259 1504 1309 1542 au-

190 1563 252 1624 dito
272 1559 372 1637 nuntio
390 1571 499 1619 mature
523 1553 573 1618 suh
593 1557 743 1618 diluculum
762 1568 952 1618 accurrerent:
978 1577 1131 1636 quanquam
1155 1579 1250 1637 nuper
1267 1559 1310 1621 vi-
1361 1581 1362 1630 ς

190 1639 296 1712 dimus,
315 1635 449 1715 quosdam
468 1653 503 1696 ex
520 1633 619 1696 ordine
641 1635 818 1696 sacerdotnm
838 1631 1033 1694 adChristum
1057 1633 1223 1715 capiendum
1243 1655 1310 1695 eum

191 1713 321 1774 militibus
339 1723 428 1772 noctu
447 1729 574 1792 egressos
594 1731 661 1772 esse.
698 1710 757 1772 Sed
775 1709 839 1770 alihi
856 1709 1106 1800 saepiusvidimus,
1124 1711 1152 1770 iu
1171 1713 1309 1772 servando

190 1788 325 1865 temporis
349 1787 450 1846 ordine
478 1785 667 1866 Evangelistas
694 1807 754 1844 nou
781 1786 851 1846 adeo
876 1785 962 1846 fuisse
990 1785 1124 1862 curiosos.
1167 1787 1255 1846 Certe
1279 1787 1308 1846 in

172 1863 330 1944 ,praesenti
348 1861 413 1920 loco
433 1861 502 1920 nihil
520 1861 593 1920 aliud
612 1861 736 1920 illis'luit
754 1861 942 1952 propositum,
973 1883 1054 1940 quam
1073 1864 1185 1934 docere,
1221 1863 1307 1944 impia

190 1937 278 1998 totius
298 1936 410 1998 concilii
434 1937 559 1998 lectione
580 1954 744 2016 oppressum
769 1937 854 2000 fuisse
872 1938 971 1998 Filium
995 1939 1058 1998 Dei.
1097 1942 1132 1998 Et
1151 1938 1195 1998 hic
1212 1936 1307 2000 horri-

190 2013 247 2074 hile
273 2013 505 2094 tremendumque
535 2011 723 2092 spectaculum
749 2014 832 2075 nohis
863 2027 928 2074 ante
958 2013 1053 2076 oculos
1075 2015 1215 2075 statuitur:
1245 2037 1305 2076 non

190 2091 266 2151 enirn
285 2090 351 2151 alibi
368 2101 437 2150 tunc
461 2089 506 2150 vel
526 2089 580 2149 Dei
598 2089 748 2170 templum,
782 2090 826 2151 vel
850 2089 989 2228 legitimus
1014 2091 1113 2166 cultus,
1143 2092 1189 2152 vel
1208 2091 1305 2152 Eccle-

191 2167 248 2228 siae
265 2165 364 2243 facies,
382 2187 464 2246 quam
483 2165 705 2247 Hierosolymae.
729 2168 859 2227 Summus
902 2168 1009 2228 ontilex
1027 2165 1101 2226 unici
1120 2167 1195 2228 inter
1213 2169 1304 2228 Deum

191 2255 221 2306 et
240 2245 366 2306 homiues
385 2243 545 2304 Mediatoris
562 2255 645 2324 typus
662 2256 732 2304 erat:
791 2243 799 2258 '
818 2243 934 2304 aderant
951 2243 990 2304 illi
1009 2242 1037 2304 iu
1055 2243 1190 2319 concilio,
1216 2255 1304 2304 totam

190 2321 248 2382 Dei
272 2319 424 2392 Ecclesiam
447 2342 478 2382 re
499 2319 708 2382 raeseotabant:
746 2265 800 2381 ill·¹
810 2331 903 2380 tamen
927 2321 1080 2400 omneslad
1097 2320 1205 2382 unicam
1225 2341 1303 2409 spem

136 2447 148 2466 ,
190 2397 285 2458 salutis
308 2342 534 2480 exstinguendam
558 2395 639 2456 simul
662 2397 831 2477 conspirant.
869 2397 927 2458 Sed
952 2397 1015 2533 qpia
1037 2395 1149 2458 Davidis
1171 2395 1301 2482 vaticinio

155 2475 161 2484 '
190 2474 251 2548 (Ps.
273 2477 343 2546 118,
366 2473 428 2547 22)
446 2474 586 2554 proditum
606 2485 676 2548 erat,
700 2473 833 2552 Lapidem
858 2473 892 2533 ah
919 2493 966 2534 arc
987 2474 1076 2535 itectis
1098 2473 1228 2535 reiectum
1256 2472 1301 2532 ni-

190 2547 342 2608 hilominus
360 2549 391 2606 in
411 2562 493 2627 caput
510 2548 605 2630 anguli
630 2548 705 2609 sore:
731 2549 798 2610 item
817 2547 852 2608 ah
871 2550 959 2610 Iesaia
978 2553 1024 2624 (8,
1054 2549 1115 2625 14.)
1153 2551 1299 2610 raedictum

190 2620 296 2696 fuerat,
332 2623 426 2682 Deum
445 2625 617 2684 exercituum
637 2624 690 2684 toti
706 2624 812 2716 populo
831 2625 916 2686 lsrael
934 2626 996 2687 sore
1018 2627 1048 2685 in
1071 2571 1191 2706 lapidem
1212 2625 1301 2686 olien-

190 2695 288 2771 diruti,
312 2697 346 2756 ad
366 2719 448 2776 quem
467 2700 505 2766 irn
526 2701 554 2758 iu
576 2711 668 2760 erent:
696 2712 751 2760 rrte
769 2721 785 2760 a
804 2701 929 2761 Domino
947 2702 1088 2784 provisum
1108 2703 1173 2777 fuit,
1192 2701 1301 2762 ue'talis

189 2771 338 2834 hominum
356 2773 480 2854 impietas
498 2721 590 2835 tidelis
608 2776 710 2835 animas
729 2777 865 2838 turbaret.

203 2877 204 2884 ¹
265 2851 313 2912 ⁶9.
342 2849 541 2941 'ponerebont
552 2851 673 2926 fulsum
691 2853 897 2916 testimonium.
935 2854 987 2916 His
1004 2853 1097 2916 verbis
1115 2853 1301 2936 Evangelistae

190 2937 305 3003 uomnt,
334 2925 404 2988 mtit
422 2928 611 2988 sacerdotibus
629 2929 721 2990 miuus
747 2929 829 2994 luisse
848 2931 877 3000 iu
899 2932 992 2992 animo
1011 2932 1143 3011 quamde
1162 2931 1301 2992 causain·
1361 2925 1362 2938 ¹

190 3005 311 3084 quirere,
329 3015 362 3064 ut
373 3023 404 3064 re
414 3001 487 3063 hene
499 3017 642 3084 comperta
653 3005 718 3085 quid
731 3018 840 3066 rectum
854 3018 926 3068 esset
943 3009 1134 3068 decernerent.
1153 3006 1213 3066 Iam
1231 3009 1301 3066 euim

188 3079 246 3140 hoc
264 3081 316 3142 illis
334 3081 411 3162 prius
429 3079 512 3140 fixum
533 3093 605 3156 erat,
625 3081 768 3144 Christum
787 3083 918 3164 perdere:
951 3105 1026 3144 nunc
1045 3095 1152 3144 tantum
1172 3083 1227 3142 eius
1245 3103 1300 3163 op-

189 3155 327 3238 primendi
348 3158 421 3238 ratio
439 3157 474 3217 ab
493 3157 559 3237 ipsis
578 3157 727 3238 quaeritur.
738 3160 827 3220 ‘Fieri
844 3172 937 3220 autem
956 3181 1016 3220 non
1033 3172 1139 3241 potest,
1157 3171 1188 3217 ut
1204 3160 1300 3237 aequi-
1361 3197 1362 3200 η

159 3257 163 3298 ·,
187 3229 238 3317 tpti
258 3244 344 3318 restet
361 3233 457 3316 aliquis
476 3234 569 3308 locus,
592 3235 641 3294 ubi
665 3255 762 3296 causae
786 3235 912 3318 cognitio
937 3255 995 3298 nou
1013 3235 1169 3318 praecedit..
1196 3235 1231 3292 Iu
1249 3234 1298 3295 fal-
1361 3237 1362 3306 ζ

133 3355 144 3383 q
187 3325 224 3364 sus
247 3308 361 3368 testibus
380 3310 541 3389 quaerendis
559 3311 663 3391 perfida
682 3331 779 3371 eorum
797 3311 943 3374 crudelitas
961 3334 991 3374 se
1009 3314 1111 3394 prodit
1147 3311 1235 3387 Quod
1251 3332 1298 3371 au-

188 3391 245 3440 tem
266 3403 315 3461 spe
326 3399 381 3444 'sua
393 3386 500 3447 ‘deiecti
519 3389 556 3450 n'e
575 3387 614 3447 sic
634 3387 744 3468 quidem
767 3387 920 3464 desistunt,
945 3389 974 3449 iu
995 3409 1029 3450 eo
1048 3389 1145 3449 melius
1164 3409 1231 3448 cous
1250 3387 1298 3448 ici·

187 3467 236 3516 tur
259 3477 347 3518 coeca
370 3481 468 3521 eorum
493 3463 654 3524 obstinatio.
702 3464 778 3556 Regu
802 3465 832 3524 in
857 3465 902 3526 illa
926 3465 1029 3526 luroris
1054 3465 1174 3548 ealigine
1196 3408 1297 3525 reiirlsit

145 3561 151 3570 ⁸
186 3545 282 3594 temen
300 3534 365 3594 Filii
386 3538 439 3597 Dei
462 3538 635 3614 innocentia,
666 3551 700 3598 ut
725 3541 826 3600 habeti
849 3541 901 3621 ipsi
923 3542 1062 3602 insontem
1081 3542 1175 3622 perire
1194 3561 1296 3623 eogno-

174 3609 306 3672 'meent
350 3612 513 3676 Notandum
536 3627 680 3696 praeterea
703 3628 759 3690 est,
791 3617 895 3691 falsos
918 3629 1010 3678 testes
1032 3619 1141 3693 vocari,
1174 3637 1232 3676 uon
1254 3615 1297 3696 qui

187 3687 362 3748 mendacium
381 3689 416 3749 de
435 3689 522 3755 nihilo
546 3693 699 3753 conflatum
718 3691 880 3774 proferunt,
905 3695 955 3756 sed
978 3696 1027 3776 qui
1050 3693 1219 3755 calumniose
1284 3728 1296 3740 -

187 3774 302 3824 renunt
320 3777 399 3826 recte
418 3766 503 3842 dicta,
524 3779 553 3829 et
572 3769 606 3829 ad
626 3769 731 3830 crimen
750 3769 928 3851 detorquent,
947 3772 1027 3852 quale
1045 3771 1129 3832 etiam
1148 3789 1296 3850 esempum

186 3837 233 3930 hie
250 3841 353 3902 diserte
372 3842 496 3903 refertur
518 3846 553 3906 de
572 3846 671 3927 templi
689 3847 768 3908 ruina
781 3860 820 3908 et
844 3867 919 3914 nova
942 3847 1152 3916 instauratione,
1189 3847 1297 3906 Dixerat

185 3917 298 3992 qmdem
318 3919 462 3996 Christus,
480 3919 529 3980 uhi
548 3921 670 3982 dirutum
690 3935 762 3984 esset
780 3923 916 4004 templum
935 3924 1061 4005 eorporis
1080 3921 1137 3999 sui,
1160 3943 1191 3984 se
1209 3921 1296 3982 triduo

183 3992 366 4054 excitatorum
384 3995 462 4055 illud:
493 4017 569 4056 nunc
593 3999 653 4057 falsi
672 4009 835 4061 testes'n‘oo
855 3994 1017 4084 excogitant
1034 4021 1140 4062 novum
1158 4019 1296 4060 commen·

182 4073 257 4154 turn,
288 4070 509 4150 seddepravant
534 4072 591 4132 eius
609 4073 706 4146 verba,
744 4077 801 4136 acsi
820 4078 948 4158 quasdam
968 4077 1126 4159 praestigias
1146 4077 1176 4136 iu
1196 4073 1296 4152 templo

180 4137 504 4228 oedrhcmdopacmsset.
544 4146 618 4222 Quia
637 4161 729 4208 autetn
741 4151 816 4212 ¹lenis
839 4167 869 4214 et
888 4153 966 4213 nihili
985 4167 1045 4216 erat
1065 4151 1213 4224 calumnia,
1235 4153 1297 4212 hino

171 4210 315 4292 ⁴⁶⁰ll¹gero
331 4233 492 4299 promptum
513 4233 572 4292 est,
596 4235 770 4302 quantopere
793 4251 842 4290 sua
867 4229 945 4290 rabie
964 4230 1107 4302 excoecati
1133 4227 1237 4289 fuerint
1255 4246 1298 4288 sa-
