2796 4774
184 233 225 296 lt
394 231 505 298 ΒΜ.
523 228 607 296 xm
644 225 812 301 structus
830 243 1093 298 arcanarum

185 381 303 536 quiaque
330 387 454 468 reguum
475 379 534 448 Dei
560 380 670 448 caducis
700 381 804 448 dbitiis
832 379 879 448 vel
907 345 967 446 sbti
992 381 1148 452 commodis
1173 380 1305 468 partae

218 481 356 552 umquam
373 470 468 552 autem
485 479 547 550 uon
570 459 671 532 codem
687 479 786 571 omnes
804 457 936 521 laborant
953 461 1066 536 morbo,
1085 461 1201 598 quisque
1212 471 1307 552 tamen

184 558 235 628 sua
254 537 406 620 cuprdrtate
429 557 461 597 tn
484 535 625 602 dsuetum
647 546 768 618 rapitur·
790 533 830 598 tta
852 534 898 612 fit,
918 545 958 627 .¹¹l
976 556 1075 600 omnes
1114 560 1150 628 uo
1172 535 1219 599 vel
1241 536 1308 598 illuc

184 611 769 778 fflffiaamallmud‘i‘ssia‘ii
787 607 1310 766 drittbtrttittblttlt

185 785 286 834 eorum
299 783 368 826 socc
413 785 437 838 a,
455 765 522 826 dum
540 763 644 826 interro
663 761 818 846 praesentis
835 762 910 826 vitae
927 763 1052 898 refictiis
1071 765 1224 826 coelestem
1241 765 1310 832 bae-
1348 800 1351 816 ·

183 840 332 906 rediumm
354 840 568 930 parvipendunt
615 837 705 930 Atqui
728 838 869 913 ridemus,
895 849 930 900 ut
950 849 963 898 t
991 860 1021 900 es
1046 840 1158 902 delicias
1178 840 1309 903 Christus

183 915 268 1010 nobis
283 927 416 1010 excutiat,
435 935 473 1006 ne
492 913 554 996 quis
569 933 605 1008 se
621 933 769 996 quicquam
786 915 930 1006 proficere
946 914 1092 1004 existimet,
1112 907 1179 1006 dum
1196 939 1229 980 se
1246 927 1310 977 ter-

183 988 1203 1160 ts,erassaturobmurmuratione
1218 991 1309 1132 tite

182 1145 241 1208 bat
264 1144 427 1222 ‘Quorsum
445 1145 520 1210 urim
538 1154 693 1228 praesentrs
712 1143 787 1210 virae
806 1144 1017 1210 commoditates
1036 1143 1119 1206 nobis
1136 1143 1215 1206 Deus
1235 1163 1325 1205 con-·

183 1222 267 1300 cedit,
286 1221 340 1282 nisi
358 1232 391 1284 ut
409 1221 444 1284 ad
461 1241 493 1286 re
511 1241 565 1284 nos
583 1218 702 1298 alliciat?
720 1219 798 1302 atqui
810 1231 920 1282 tantum
933 1219 1015 1282 abest
1026 1230 1059 1282 ut
1077 1219 1202 1301 quisque,
1220 1239 1294 1306 prou

181 1299 293 1376 iuvatur
306 1297 367 1360 Dei
384 1295 541 1370 beneficiis,
562 1295 594 1357 iu
618 1295 730 1360 coelum
753 1296 871 1379 aspiret,
897 1307 931 1358 ut
956 1307 986 1359 ct
1005 1317 1100 1360 sacrae
1122 1293 1237 1377 nuptiae
1277 1306 1309 1374 et

182 1375 258 1460 agri,
278 1371 449 1464 etreliquac
466 1391 537 1455 opes
554 1371 674 1438 totidem
690 1368 783 1456 laquei
799 1371 867 1448 aiot,
886 1371 935 1456 qui
953 1369 1081 1458 meritos
1098 1382 1191 1437 terrae
1208 1337 1273 1433 alx

181 1462 310 1519 consum
371 1459 392 1508 t.
571 1487 574 1492 -
1024 1503 1035 1517 ,
1274 1487 1277 1499 s

181 1469 1308 1694 deterrimorum

180 1698 284 1764 sermo.
326 1679 394 1746 Hoc
411 1687 531 1760 uterque
548 1678 632 1754 drcrt,
657 1675 786 1764 exclusos
801 1689 982 1763 privatosque
999 1677 1086 1744 inisse
1103 1677 1216 1740 bonore
1234 1696 1306 1740 con-

180 1755 263 1847 vivii,
288 1755 335 1845 qni
354 1754 389 1817 ad
406 1764 519 1838 tempus
537 1754 700 1819 condictum
717 1765 947 1848 conuenerunt·
989 1754 1076 1846 Haec·
1089 1773 1160 1816 vero
1178 1751 1308 1815 doctrina

178 1831 266 1976 itii
281 1827 619 1970 tltdttttid‘*
642 1831 1032 1969 {tristitias
1047 1828 1307 1983 ”latitabit

179 1929 308 2074 Chrisius
326 1981 445 2045 Iudaeis·
489 1981 574 2072 Quos
590 1927 690 2044 quqpeql
706 1983 748 2044 ric
767 1948 1056 2072 occupantterrenale
1071 1927 1173 2055 tdirae,
1198 1992 1232 2042 ut
1247 1979 1306 2042 Dei

177 2058 375 2124 invitationem
393 2077 446 2140 pro
465 2057 553 2120 rilhrlo
572 2057 684 2133 ducant,
700 2055 731 2119 bi
748 2078 849 2119 omues
867 2055 988 2120 famehci
1007 2057 1121 2118 tandem
1136 2057 1233 2140 inopia
1249 2057 1306 2116 mi-

177 2212 213 2278 ad
230 2213 414 2296 requendum.

252 2293 282 2358 9.
319 2291 368 2351 Ite
384 2305 455 2369 ergo
473 2286 517 2348 acl
533 2289 636 2350 exitur
653 2290 779 2348 starum.
818 2286 972 2366 Postquam
990 2283 1122 2369 indignos
1139 2281 1197 2374 Dei
1212 2283 1305 2376 gratia

177 2385 245 2438 case,
264 2365 403 2441 ostendit,
438 2363 555 2430 nisibi
579 2363 703 2427 oblatam
725 2361 869 2428 fastidiose
891 2371 1050 2498 respuuntq
1066 2383 1144 2424 nunc
1165 2362 1246 2437 dicrt,
1272 2381 1309 2428 ur,
1387 2425 1388 2440 ,

177 2437 279 2508 eorum
302 2440 398 2506 locum
458 2459 491 2505 os
512 2439 658 2516 substitui,
682 2451 713 2502 et
734 2439 846 2522 quidem
869 2459 994 2503 maxime-
1012 2459 1030 2498 o
1051 2457 1149 2499 scuros
1167 2437 1253 2574 mdqo
1273 2448 1305 2498 et

177 2519 414 2602 contemptibiles.
453 2519 548 2610 lltqne
565 2516 613 2582 bic
630 2516 759 2603 gentium
777 2516 891 2578 vocatio
909 2515 1077 2577 describitur
1152 2533 1219 2576 aea
1254 2534 1305 2574 ze-

175 2591 313 2676 lotypiam
332 2596 454 2658 Iudaeos
471 2593 610 2669 stimulet,
632 2593 717 2656 sicuti
736 2589 904 2656 babetmin
924 2591 1048 2669 Cantico¹
1064 2557 1167 2665 lllosrs,
1190 2591 1305 2650 Proro-

177 2681 279 2732 carum
297 2671 390 2731 mein
412 2669 460 2744 iis,
483 2669 531 2750 qni
549 2689 611 2729 non
629 2681 712 2730 erant
729 2667 781 2742 dii,
808 2680 836 2728 et
856 2688 912 2750 ego
930 2667 1052 2729 vicissim
1070 2685 1121 2729 eos
1158 2665 1302 2728 revocabo

176 2743 209 2812 ln
229 2764 278 2820 eo,
342 2743 430 2804 'non
452 2755 495 2806 cst
532 2743 644 2824 opulus,
664 2743 801 2826 ingente
820 2743 1037 2806 strdta‘irritabo
1057 2762 1107 2802 cos
1130 2685 1156 2819 d

176 2819 249 2896 at).
326 2819 370 2880 uia
388 2819 484 2900 priore
507 2764 574 2879 lico
598 2817 682 2880 electi
694 2829 802 2892 crant,
826 2819 944 2900 perinde
962 2819 1019 2880 acsi
1036 2817 1089 2876 illis
1108 2819 1303 2882 Deuscarere

1340 771 1347 801 i

1273 1391 1351 1455 os.

177 2157 242 2206 sere
258 2135 413 2198 tabescent.
449 2134 555 2216 ltaque
572 2133 684 2216 quoties
702 2153 755 2199 nos
774 2143 872 2210 uocat,
896 2132 1017 2196 accincti
1039 2143 1070 2196 et
1091 2129 1196 2196 alacres
1218 2133 1304 2195 simus
1331 2110 1345 2214 i
1388 2121 1389 2126 ¹

1149 2743 1302 2815 Deut32,
1387 2801 1388 2804 ,

176 2917 239 2960 uon
257 2906 363 2986 posset,
382 2895 442 2956 eius
461 2893 579 2977 gratiam
597 2893 652 2954 sibi
668 2893 814 2976 fingebant
833 2915 894 2956 esse
906 2895 1051 2957 addictam.
1076 2891 1171 2969 Quam
1180 2892 1302 2984 superbe
1327 2900 1335 2910 '

176 2991 248 3038 vero
272 2971 341 3033 ahos
366 2991 467 3033 omnes
489 2969 668 3052 despexerint
689 2982 791 3030 notum
814 2981 865 3032 est
909 2973 950 3034 Er
972 2989 990 3030 o
1012 2990 1065 3052 per
1087 2989 1303 3030 concessionem

176 3048 299 3133 gentiles
318 3046 464 3121 mendicis,
483 3045 572 3110 caecis
592 3058 620 3118 et
639 3042 742 3110 claudis
761 3057 913 3128 comparat
990 3044 1067 3107 ocari
1085 3058 1178 3106 autem
1197 3066 1231 3108 ex
1249 3046 1302 3105 tri·
1387 3103 1388 3120 ξ

176 3126 229 3190 viis
248 3137 279 3188 et
314 3123 394 3186 lateis
412 3123 483 3184 dicit
499 3135 630 3203 tanquam
650 3135 798 3194 extraneos
820 3133 850 3183 et
867 3123 999 3206 ignotos:
1026 3121 1140 3182 interim
1158 3122 1302 3182 tamenin
1387 3125 1388 3194 ζ

290 3147 325 3264 ib
343 3199 439 3262 amicis
459 3212 488 3262 et
506 3199 684 3264 familiaribus
703 3195 866 3280 neglectum
880 3199 1073 3282 subrogandos
1093 3217 1154 3258 esse
1172 3197 1301 3258 affirmat.
1387 3253 1388 3260 ,

176 3275 221 3344 Ita
285 3280 324 3339 od
343 3276 493 3340 'obscurius
517 3275 552 3338 de
582 3275 699 3338 creanda
727 3296 802 3337 nova
824 3276 950 3338 Ecclesia
973 3274 1149 3357 praedictum
1172 3275 1301 3334 irrorata
1387 3341 1388 3348 q

122 3410 135 3433 ,
176 3351 255 3434 Prop
277 3356 328 3416 etis
367 3352 441 3414 clare
465 3352 602 3434 exprimit.
627 3425 628 3428 Ἴ
648 3354 686 3412 Et
705 3363 783 3412 certe
804 3352 941 3432 probrum
959 3352 1016 3412 boc
1033 3349 1143 3411 divinae
1161 3350 1302 3412 vindictae
1387 3367 1388 3420 ;

177 3429 303 3494 cumulus
327 3397 382 3490 luit
421 3429 497 3509 quod
516 3431 594 3491 Dens
617 3426 808 3490 illis‘resectis
830 3427 858 3488 in
877 3429 1000 3490 radicem
1019 3425 1097 3487 oleae
1117 3426 1235 3489 inseruit
1253 3426 1302 3485 sil·
1387 3497 1388 3504 ἵ

175 3197 272 3266 locum

176 3517 283 3568 testres
301 3527 365 3567 sure
397 3527 430 3568 os
443 3505 546 3583 (Rom.
563 3510 609 3580 ll,
630 3502 704 3578 lt),
722 3515 751 3566 ct
768 3503 820 3565 illis
839 3504 972 3576 abdicatis
991 3501 1110 3585 pollutas
1129 3515 1160 3562 et
1175 3503 1302 3565 sordidas

175 3593 275 3801 pentes
297 3581 328 3642 in
347 3583 462 3644 domum
481 3603 558 3644 suam
577 3580 694 3718 recepit.
741 3578 852 3655 Quodsi
870 3593 939 3642 tunc
957 3591 1030 3670 non·
1039 3579 1167 3661 pepercit
1187 3589 1302 3640 natura-

656 3657 682 3717 ie
701 3655 846 3739 impcndet
867 3653 952 3732 ultio,
975 3656 1033 3718 nist
1049 3656 1163 3717 vocanti
1180 3675 1303 3736 respon-

196 3755 298 3796 eamus.
341 3735 404 3796 Nec‘
422 3753 492 3795 vero
510 3734 613 3816 peribit
631 3753 735 3810 coena,
757 3753 829 3814 quae
847 3732 930 3795 nobis
949 3743 1044 3815 parata
1066 3742 1139 3808 erat,
1164 3731 1216 3795 sed
1232 3732 1302 3794 alios

175 3808 230 3911 ᾣί
249 3809 381 3873 convivas
400 3811 478 3872 Deus
497 3822 627 3872 arcesset.
848 3813 850 3820 “
1095 3859 1098 3868 ⁴

185 3938 187 3950 .
251 3888 321 3948 Luc.
340 3889 388 3950 23.
418 3889 563 3978 compelle
580 3891 704 3946 intrare.
743 3881 923 3946 Tantundem
939 3884 996 3946 boc
1015 3881 1097 3958 valet,
1117 3883 1174 3944 acsi
1189 3883 1302 3946 iuberet

176 3963 386 4051 paterfamilias,
409 3952 489 4042 quase
509 3962 642 4025 conviciis
660 3959 806 4054 impellere
826 3962 986 4035 mendicos,
1012 3971 1042 4020 et
1060 3959 1150 4022 nullos
1170 3961 1302 4022 omittere

178 4056 213 4107 tx
230 4041 326 4104 ultima
344 4039 435 4102 faece:
458 4039 558 4119 quibus
576 4039 669 4102 verbis
689 4037 826 4118 significat
844 4037 984 4110 Christro,
1008 4037 1103 4098 Deum
1121 4037 1215 4118 potius
1234 4057 1301 4098 cor-

208 4137 303 4180 sorum
322 4135 420 4184 omnes
438 4114 536 4177 mundi
554 4111 720 4196 quisquilias,
740 4133 823 4192 quam
841 4123 874 4172 ut
891 4113 1017 4194 ingratos
1034 4112 1069 4173 ad
1086 4133 1209 4174 mensam
1223 4135 1300 4174 suam

177 4134 371 4286 lipostcmm
389 4190 522 4256 admittat.
565 4189 699 4252 diludere
720 4200 816 4249 tamen
837 4188 949 4249 videtur
971 4188 1006 4249 ad
1023 4188 1209 4272 Evangelicae
1227 4191 1301 4251 invi-

196 3658 248 3718 bus
264 3658 361 3731 ramis,
382 3658 478 3720 eadem
497 3657 579 3718 nobis
598 3657 635 3717 ho

175 4268 293 4431 &poure
315 4271 445 4343 modum,
475 4267 539 4362 quia
561 4286 622 4330 non
644 4265 808 4350 simpliciter
828 4264 999 4354 proponitur
1021 4264 1103 4328 nobis
1121 4265 1178 4326 Dei
1201 4268 1301 4349 gratia,
1386 4311 1387 4350 q

241 4344 276 4408 ad
294 4346 453 4411 doctrinam
470 4341 552 4414 rrmrrl
569 4342 707 4410 accedunt
725 4341 953 4437 exhortationum
971 4339 1091 4420 stimuli,
1108 4341 1139 4404 in
1157 4359 1214 4424 qno
1233 4363 1302 4426 per·
