2830 4772
1223 211 1231 242 x
1263 183 1266 188 .

172 238 232 312 mo
262 241 267 258 ⁸
616 241 726 307 secr.-
744 241 856 306 xvltt
904 275 907 282 ,

249 397 337 460 tunc.
357 397 403 488 ll:
426 394 488 457 'lte
527 397 727 486 memgitetls.
764 395 847 457 Hanc
868 393 1045 473 sententiani,
1064 391 1186 488 sient'et
1203 398 1311 479 pro'xi-

173 472 807 628 titatttttttat²²lttptt?lla
825 491 934 608 ἓξὲξ
945 473 1309 616 ttldttttttt?

174 626 262 710 pedit,
282 625 348 684 dum
366 624 471 686 scilicet
489 644 569 705 pares
588 637 640 683 nos
659 623 740 683 oneri
759 623 821 684 lore
839 623 996 693 diffidimus.
1063 641 1102 684 ott
1123 625 1198 706 qnod
1216 649 1308 708 pror-

131 697 143 724 *
175 725 220 765 sus
245 721 360 762 securos
383 701 414 760 in
433 711 579 780 utramque
597 720 693 759 aurem
712 700 835 761 dormire
853 699 921 759 velit
944 701 1029 792 (quia
1048 701 1118 760 nihil
1137 702 1227 763 utilius
1250 715 1306 779 est,

174 797 345 916 ἒίιιιῐιὴιιιὴιιιὲιιὲ
377 775 883 928 rorprciaeJinfiepimffitiptponzciostad
907 777 1091 866 bumilitatem
1118 778 1250 914 insspitui„
1269 790 1306 870 et

242 875 259 912 ιι
303 875 310 912 ι
453 875 482 912 es
530 873 543 913 s
644 873 681 912 ns
714 873 754 912 st
813 873 987 914 ansarum
1007 874 1144 914 curasno
1231 875 1306 914 ren-

174 931 287 991 riendas
311 875 542 1004 essepadmoniet,
567 937 602 987 nt
622 928 722 988 auxilio
742 873 879 1008 pruinisso
900 925 998 990 confisi
1017 927 1147 990 alac'riter
1164 875 1321 1006 ibiscumm

138 1017 150 1056 k
173 1025 332 1088 perga-us.
371 1005 525 1066 Promissio
543 1015 638 1064 autom
657 1003 715 1064 aliis
731 1004 825 1064 verbis
849 1003 963 1086 ponitur
984 1006 1056 1098 apud
1079 1005 1201 1068 Lucams
1239 1025 1305 1067 non

172 1084 251 1165 quod
269 1103 285 1142 a
303 1091 398 1144 morte
416 1081 582 1142 liberaturus
600 1079 636 1140 sit
656 1099 721 1141 suos
732 1079 858 1142 Christus
878 1081 948 1156 (boc
967 1099 1042 1140 emm
1060 1101 1120 1140 nou
1132 1101 1247 1164 semper
1258 1094 1305 1144 est

173 1157 457 1310 pmnapg
471 1155 1143 1294 aatentassetis&
1158 1159 1305 1296 ulta

173 1256 645 1402 ipolitldtirlaicnltatiimqsuppeditat,
666 1329 721 1392 ego
739 1321 833 1369 tamen
852 1255 1015 1371 ‹ditiiseiitase
1025 1253 1129 1372 voleneesn
1143 1253 1187 1370 edi
1202 1254 1305 1394 dypal:

172 1389 257 1469 lagen
281 1389 445 1449 coniunctas
470 1405 530 1446 erse
555 1396 596 1445 mt
648 1397 741 1446 retor:
778 1385 834 1446 acsi
852 1385 993 1469 pollicitus
1013 1397 1087 1446 esset
1106 1333 1248 1462 cbristus,
1269 1407 1304 1448 se

172 1465 383 1526 moderaturum
404 1481 463 1522 esse
482 1462 608 1542 ipsorum
638 1461 745 1545 inguae,
764 1474 797 1522 nt
816 1463 968 1544 prudenter
987 1473 1018 1522 et
1036 1483 1071 1542 ap
1110 1462 1163 1523 site
1181 1481 1303 1543 respon-

172 1543 267 1602 deant.
318 1537 419 1612 nodie,
443 1537 514 1598 banc
532 1535 693 1618 sapientiam
704 1549 812 1598 contra
831 1558 931 1600 omnen
950 1539 1045 1600 hostes
1076 1559 1126 1600 ore
1144 1540 1303 1615 victricem,

212 1617 236 1677 ia
256 1635 309 1676 nec
328 1614 521 1676 contradicere
538 1635 592 1674 nec
611 1614 740 1676 resistere
758 1625 901 1695 poterunt.
939 1615 1008 1676 Non
1026 1615 1101 1694 quod
1120 1615 1231 1676 veritati
1251 1637 1302 1678 ce-

170 1637 220 1754 dit
234 1705 337 1752 *eorum
359 1691 538 1782 impudentia,
557 1689 605 1751 sed
627 1690 745 1772 quiade
764 1690 924 1772 phrenetica
942 1690 952 1750 i
1006 1689 1302 1752 rumsudaciatriunr-

193 1767 270 1828 babit
287 1767 332 1827 illa
351 1781 468 1841 veritas,
486 1787 568 1847 quam
588 1764 689 1828 frustra
708 1780 881 1860 oppugnent.
939 1709 1033 1845 ditius
1050 1767 1155 1825 utinam
1175 1767 1205 1828 in
1226 1768 1302 1828 ltanc

170 1791 299 1914 idacium
319 1845 518 1904 recumberent
536 1863 647 1916 omnes,
671 1863 687 1904 a
705 1843 807 1922 qulbus
827 1843 946 1927 erigitur
967 1841 1030 1901 fidei
1052 1840 1207 1902 confessio:
1245 1843 1302 1903 alia

173 1920 249 1981 enim
269 1919 388 2000 Spiritus
411 1921 500 1982 virtus
525 1930 555 1978 et
573 1917 698 1980 maiestas
716 1939 747 1978 se
766 1932 907 1981 exsereret
926 1919 958 1978 ad
976 1916 1195 1996 prosternendos
1214 1917 1302 1980 Sata·

166 2013 225 2055 nae
252 1996 405 2064 ministros.
454 1998 538 2056 Nune
559 1995 626 2055 dum
650 1995 751 2074 partim
775 2017 860 2057 sensu
902 1994 995 2072 roprio
1015 1991 1171 2069 efferimur,
1198 2007 1301 2056 etau-

170 2072 269 2153 perbia
287 2071 375 2133 inflati
393 2083 501 2133 temere
519 2071 686 2162 ppaecipites
705 2071 827 2145 ruimus,
846 2017 901 2133 vel
909 2071 983 2130 ultra
995 2069 1195 2162 progredimur
1213 2093 1301 2163 qnam
1385 2069 1386 2106 i

171 2160 300 2243 oportet,
325 2151 424 2243 panim
447 2168 519 2240 serp
541 2169 571 2239 tn
590 2147 730 2238 augustias
749 2168 902 2240 perpessae·
915 2146 1065 2238 timiditatis
1082 2164 1135 2207 nos
1155 2160 1300 2240 copstrma

170 2246 277 2366 grmus,
300 2237 386 2288 trrstrs
411 2237 584 2306 experientia
603 2224 732 2298 ostendit,
757 2225 813 2284 Det
831 2237 918 2305 gratra
937 2235 967 2284 et
984 2223 1105 2303 Spiritus
1123 2223 1225 2282 auxilio
1244 2245 1299 2284 nos

190 2304 290 2364 estitni.
330 2305 422 2366 Porro
441 2323 528 2382 quum
545 2301 618 2392 ap'ud
636 2300 806 2361 Matthaenm
828 2312 856 2360 et
874 2301 1006 2362 Marcum
1020 2299 1138 2363 affirmet
1158 2298 1298 2374 Christus,

170 2381 306 2465 Spiritum
324 2381 415 2442 Patris
435 2398 496 2441 esse
518 2377 612 2458 quiin
634 2377 717 2436 nobis
741 2375 878 2456 loquitur,
904 2375 962 2452 ,tic
987 2383 1078 2436 autern
1101 2395 1132 2436 se
1157 2394 1189 2434 os
1211 2375 1296 2434 datu-¹

159 2481 232 2594 ppm
252 2458 430 2539 pronuntiet,
460 2453 617 2538 colligimus
641 2454 788 2536 proprium
818 2453 877 2514 eius
901 2471 964 2515 esse
978 2473 1094 2530 munus,
1116 2448 1223 2535 Spiritu
1241 2471 1296 2512 nos

199 2545 316 2595 struere.
515 2564 518 2572 ·
637 2548 639 2556 ’
918 2565 922 2572 ·

170 2631 173 2638 ¹
245 2609 382 2670 Luc-19.
420 2609 458 2666 In
476 2611 628 2686 patientta
650 2616 761 2666 nemo.
800 2605 857 2665 llic
876 2603 966 2688 longo
982 2603 1066 2664 alium
1084 2601 1207 2664 tuendae
1224 2602 1296 2664 ritae

169 2681 285 2742 modurn
304 2683 468 2764 praescribit
488 2681 614 2747 cbristus
630 2681 771 2773 discipulis
793 2669 862 2756 suis,
891 2703 972 2761 quam
995 2681 1084 2742 dictet
1106 2679 1197 2741 carnis
1215 2667 1293 2742 ratio.

169 2758 341 2822 Naturaliter
358 2755 434 2816 enim
453 2759 537 2818 vitam
576 2760 673 2838 uisque
694 2779 722 2818 ιιι
742 2769 804 2818 tuto
823 2757 917 2818 locare
935 2757 1028 2836 cupit:
1056 2757 1294 2839 praesidia,‚quac

169 2845 298 2915 putamus
321 2833 403 2893 nobis
428 2835 533 2914 optima
557 2781 633 2910 iore,
663 2833 729 2895 binc
748 2834 813 2893 inde
833 2833 990 2914 colligimus
1009 2853 1123 2904 omnes,
1147 2833 1296 2892 discrimen

169 2931 257 2971 omne
274 2909 410 2994 lugimns:
430 2909 550 2990 denique
568 2929 627 2970 non
646 2909 775 2971 videmur
794 2911 876 2971 nobis
896 2911 990 2970 rivere
1009 2907 1063 2970 nisi
1080 2908 1172 2990 probe
1186 2908 1294 2966 muniti.
1384 2947 1385 2958 ι

170 2987 299 3051 Christus
323 2997 416 3046 autern
442 2986 513 3047 banc
536 2988 609 3060 vitae
621 2987 785 3047 custodiam
809 2985 893 3046 nobis
914 2985 1039 3060 mandat,
1068 2995 1099 3044 ut
1124 3003 1235 3064 semper
1258 2984 1294 3042 ad

169 3077 293 3128 mortem
318 3062 436 3145 expositi
466 3083 518 3144 per
544 3064 639 3148 iguem
669 3077 697 3123 et
713 3085 819 3143 ‘aquom
840 3074 868 3124 et
887 3061 992 3145 gladios
1019 3058 1198 3132 ambulemus,
1254 3057 1293 3117 Et

169 3153 250 3218 certe
267 3153 354 3202 nemo
372 3141 499 3220 spiritum
518 3163 598 3200 suum
617 3161 685 3201 vere
705 3141 735 3199 in
754 3161 852 3200 manus
865 3139 921 3200 Dei
940 3147 1067 3218 reponet,
1085 3133 1136 3195 nisi
1156 3134 1205 3214 qul
1218 3151 1291 3194 sem-

109 3275 115 3288 ,
191 3239 221 3276 er
239 3217 470 3286 admonendum
489 3227 597 3296 paratus
615 3217 645 3276 in
664 3217 738 3277 diem
757 3217 854 3276 virere
874 3216 1010 3277 didicerit.
1051 3215 1085 3272 In
1104 3229 1225 3284 sumena,
1247 3209 1292 3269 iu-

169 3237 218 3352 bet
238 3311 291 3354 nos
311 3295 442 3356 Christus
461 3293 548 3354 vitam
567 3305 692 3355 nostram
711 3293 854 3375 possidere
872 3304 933 3352 tum
952 3292 1116 3362 ruborum,
1139 3297 1201 3348 turn
1220 3287 1292 3349 iuter

170 3369 291 3430 assiduos
310 3369 563 3431 mortisterrores.
794 3415 796 3420 s

168 3465 172 3476 ·
246 3445 345 3504 blattis.
366 3449 412 3507 lll.
454 3447 534 3506 Tunc
552 3447 845 3505 scandalizabuntur.
887 3443 971 3504 Nune
988 3439 1160 3500 errationes
1180 3459 1289 3500 enume-

170 3531 227 3596 rat,
256 3541 327 3599 quae
351 3539 385 3580 ex
410 3513 642 3602 malisvexemplis
662 3522 838 3602 provenient.
897 3519 977 3580 llaec
997 3521 1089 3577 autem
1109 3510 1233 3578 violenta
1251 3527 1288 3575 est
1383 3519 1384 3528 ’

168 3595 305 3675 imprimis
325 3607 353 3656 et
372 3597 490 3657 difficilis
508 3597 541 3658 ad
562 3599 740 3674 vincendum,
759 3599 824 3658 dum
837 3597 968 3656 Christus
989 3596 1049 3675 ipse
1067 3593 1160 3660 multis
1180 3607 1221 3654 est
1231 3591 1288 3672 lapis

169 3672 304 3746 scandali,
322 3675 357 3734 ad
376 3693 460 3754 quem
480 3674 524 3734 alii
545 3673 717 3758 impingunt,
741 3673 785 3734 vel
809 3675 887 3733 cuitus
907 3673 1021 3732 obiectu
1041 3669 1085 3729 alii
1105 3669 1287 3742 retrocedunt,

168 3751 213 3809 alii
237 3749 378 3811 deliciunt
417 3750 536 3810 Videtur
558 3765 650 3810 autem
677 3751 744 3809 mibi
769 3750 897 3810 Christus
923 3749 978 3808 boc
1001 3747 1092 3806 verbo
1115 3744 1212 3805 tntrltas
1224 3761 1287 3834 per.

165 3827 361 3886 turbationum
385 3826 493 3906 species
520 3827 682 3908 complecti:
722 3827 785 3906 quia
806 3847 865 3892 non
885 3837 995 3884 tantum
1015 3823 1161 3896 deliciunt,
1186 3843 1231 3917 spu
1248 3841 1287 3878 rc-

160 3915 246 3964 ‘etum
271 3923 381 3964 ctrrsum
407 3904 524 3984 ingressi
548 3915 641 3974 erant,
669 3903 718 3962 sed
738 3901 819 3961 multi
845 3913 1043 3980 exasperantur
1062 3899 1194 3959 adversus
1214 3895 1286 3957 etri-

168 3991 251 4051 stum,
271 3979 320 4037 alii·
338 3981 490 4040 modestiae
511 3991 539 4038 et
557 3975 700 4058 aequitalis
720 3979 799 4038 obliti
818 3999 879 4038 sese
899 3977 928 4035 in
948 3977 1057 4047 rabiens,
1058 3973 1232 4056 proliciunt,
1247 3969 1285 4030 alii

166 4054 369 4134 profanescunt
387 4067 417 4114 et
435 4068 539 4114 extruat
558 4078 670 4112 onlnem
691 4055 798 4132 pictatis
816 4077 938 4129 sensum,
956 4053 1002 4112 ulii
1020 4053 1057 4112 in'
1069 4051 1154 4111 rebus
1173 4047 1286 4110 conlusit

166 4131 306 4188 'scelerum
324 4129 463 4190 licentiam
482 4129 533 4188 sibi
554 4142 695 4207 ursan-pant.
716 4179 740 4214 4

132 4243 136 4256 ·
246 4207 291 4265 ll.
349 4208 438 4264 Melta·
472 4206 741 4292 pseudoprophetae
779 4215 911 4285 srrrgrnl.
969 4205 1049 4278 Ilaec
1093 4201 1286 4264 admonitioa

206 4276 266 4335 'ore
288 4277 399 4352 diflert,
423 4279 473 4340 ubi
491 4279 625 4358 praedixit
649 4279 780 4337 Christos
798 4281 900 4338 multos
924 4280 954 4337 in
976 4289 1029 4338 sito
1056 4278 1172 4338 nomine
1196 4289 1286 4338 ventu·

168 4295 214 4406 t?

205 4372 217 4407 s
261 4352 336 4411 Nam
360 4355 415 4414 illic
439 4367 545 4416 tanturn
568 4355 603 4414 de
626 4354 826 4435 impostoribus
850 4373 944 4416 sermo
964 4354 1115 4436 erat,=qui
1130 4355 1215 4431 paulo
1231 4366 1287 4434 post
