2790 4764
412 151 417 164 ’
491 195 569 276 (ro.
607 197 655 274 m
673 215 729 258 ove
747 194 882 284 ,aaut
1032 213 1036 234 =
1169 205 1250 276 uas

93 350 305 436 'diligentem
333 345 442 418 donec
460 349 618 420 inveniat?
659 351 690 438 9,
715 349 760 418 Et
778 369 876 438 quum
897 349 1071 428 uareoerit,
1095 365 1251 422 convocat
1337 336 1343 352 ⁸

112 455 234 519 amicas
248 475 286 517 ac
301 453 435 532 vicinas,
456 451 572 532 dicens,
595 451 896 538 Gaudetemecurn,
915 454 992 538 quia
1012 455 1120 518 iuveni
1138 454 1249 522 dracb-

8 571 10 636 f
111 577 215 636 mam,
243 575 338 642 quam
359 553 567 644 perdideram.
616 547 667 619 10.
691 555 753 634 lta,
780 555 854 622 dito
877 553 989 636 vobis,
1016 557 1166 642 gaudium
1190 561 1294 650 erit]

113 679 227 726 coram
248 655 368 744 angelis
389 657 453 722 Dei
474 678 571 745 super
592 677 659 724 uuo
680 651 851 746 peccatore
872 661 1085 750 resipiscente,
1237 639 1241 656 ’

259 829 260 836 ’
1239 819 1244 848 l

191 884 291 954 Mattb.
317 887 363 948 ll.
410 888 505 949 Venit
534 889 612 954 ειιίιιι
638 887 735 948 lilius
763 889 898 964 bominis,
943 887 1027 962 Nunc
1042 879 1107 962 'spo
1153 861 1247 973 noque

115 985 194 1026 exem
215 962 243 1023 lo
267 961 398 1024 hortatur
421 961 550 1028 Christus
575 963 610 1023 ad
633 961 773 1024 honorem
799 963 1053 1043 irrfirmistquoquc
1078 974 1108 1024 et
1167 961 1247 1026 lectis

8 1069 9 1076 ι
112 1040 192 1100 fratr'
210 1061 246 1100 us
264 1038 435 1100 babendum:
461 1040 526 1120 quia
544 1057 604 1098 oon
625 1038 689 1120 ipsis
709 1040 796 1099 modo
815 1039 971 1112 serenandis,
996 1039 1147 1099 sedetiam
1167 1061 1246 1100 mor--

109 1116 176 1190 tuis,
195 1115 243 1196 qui
261 1115 417 1197 perierant,
437 1113 616 1178 descenderit
634 1135 651 1174 e
670 1113 752 1176 coelo
766 1115 951 1194 Redemptor.
980 1116 1032 1187 Est
1050 1125 1143 1188 autem
1162 1117 1245 1194 nimis

38 1198 43 1226 ‘'
110 1192 273 1277 indiguum,
301 1191 413 1254 fastidio
437 1203 538 1252 nostro
556 1189 674 1272 respui,
700 1211 770 1270 quos
794 1189 865 1266 tanti
889 1187 957 1270 fecit
976 1189 1032 1251 Dei
1050 1183 1150 1260 Filius?
1184 1185 1246 1252 Nec

107 1275 180 1330 nero
204 1269 229 1330 si
252 1267 327 1330 vitiis
351 1265 482 1328 laborant
504 1263 621 1340 infirmi,
649 1285 721 1346 quae
749 1277 943 1352 contemptum
966 1265 1076 1346 possint
1104 1263 1246 1345 inducere,¹

107 1345 174 1407 ideo
195 1344 359 1406 excusabilis
379 1354 423 1404 est
440 1343 526 1404 fastus
545 1354 655 1402 uester:
680 1341 829 1423 quianon
854 1361 965 1415 suarum
989 1339 1126 1403 virtutum
1153 1342 1246 1432 pretio

107 1420 376 1496 emanantium,
399 1419 449 1480 sed
467 1417 573 1483 Christi
591 1417 696 1501 gratia,
718 1419 753 1479 ad
776 1417 854 1482 cuius
878 1417 1035 1502 exendum
1057 1418 1106 1500 qui
1127 1439 1160 1482 se
1185 1437 1245 1488 non

109 1491 289 1570 conformat,
313 1493 397 1554 nimis
415 1515 545 1556 morosus
563 1507 606 1556 est
623 1517 656 1574 ac
675 1493 823 1576 superbus.
1196 1555 1197 1563 ,

8 1579 9 1584 ’
55 1629 57 1632 ,
187 1571 235 1636 12.
281 1571 364 1652 Quid
389 1575 471 1633 uobis
495 1569 634 1632 uidetur?
674 1571 766 1633 Lucas
791 1567 970 1644 occasionem
993 1569 1076 1634 lurius
1098 1568 1246 1654 parabolae

106 1648 193 1710 altius
215 1647 354 1727 repetit,.
400 1648 437 1708 od
460 1637 569 1710 scilicet
590 1647 792 1730 obstreperent
813 1647 941 1710 Domino
960 1647 1076 1716 Scribas
1098 1659 1129 1711 et
1145 1645 1245 1732 Pba'ri·

109 1725 183 1801 saei,
222 1745 287 1786 uem
306 1724 335 1786 vi
391 1737 439 1786 aot
458 1724 585 1806 qnotidie
602 1725 709 1788 versari
728 1747 792 1788 cunr
811 1724 1016 1818 peccatoribus.
1054 1723 1156 1787 Voluit
1173 1744 1245 1808 ergo
1285 1789 1291 1796 ,

8 1817 9 1836 ¹
109 1746 263 1864 ostendite
287 1796 429 1878 Christus,
456 1799 535 1864 bono
560 1801 674 1864 doctori
698 1823 757 1862 non
781 1825 874 1872 manus
896 1823 964 1867 'esse
985 1799 1182 1878 laborandum,
1212 1813 1258 1877 ut,
1307 1857 1309 1864 ,

164 1873 307 1960 eperdita
325 1890 392 1938 sunt
407 1889 566 1961 recuperet,
638 1901 667 1940 m
686 1891 719 1940 ut
738 1889 889 1942 conservet
906 1881 978 1970 quae
996 1889 1064 1947 sunt
1079 1875 1131 1952 sub
1148 1899 1242 1957 manu.

108 1900 280 2034 &nonquam
298 1955 563 2036 apudgMatthaeum
579 1899 653 2016 illim
670 1957 852 2050 progreditur
866 1954 1033 2032 similitudo,
1057 1967 1162 2038 pompe
1182 1973 1244 2022 nou
1264 1961 1269 1974 '

108 2043 225 2094 tantum
237 2031 325 2092 amice
344 2032 484 2095 fovendos
504 2053 566 2110 esse
586 2029 691 2102 Christi
709 2033 875 2116 discipulos,
904 2033 954 2094 sed
968 2030 1123 2094 «toleranda
1144 2051 1245 2102 eorum

109 2107 191 2182 vitia,
214 2119 246 2168 ut
264 2109 422 2169 studeamus
441 2120 567 2170 errantes
587 2107 617 2170 iu
636 2110 710 2169 viam
728 2111 874 2172 reducere.
924 2105 985 2168 Etsi
1005 2109 1080 2168 euim
1100 2106 1244 2188 contingit

108 2181 250 2244 interdum
268 2184 344 2264 ipsos
362 2207 396 2246 va
435 2183 472 2259 ri,
495 2186 560 2264 quia
577 2193 673 2243 tamen
693 2205 761 2245 oves
782 2183 860 2258 sunl,
881 2183 982 2263 quibus
1003 2185 1083 2250 Deus
1101 2193 1244 2262 pastorem

108 2281 190 2320 suum
209 2259 312 2321 Filium
328 2203 478 2341 praeibit,
504 2277 551 2320 eas
569 2279 603 2320 eu
622 2259 797 2339 dispersione
818 2259 954 2341 colligere
972 2279 991 2338 o
1012 2267 1115 2333 ortets'
1132 2269 1244 2318 aanmm

108 2336 201 2411 abest,
225 2348 258 2396 ut
277 2357 323 2398 eas
341 2337 533 2408 inhumaniter
552 2333 652 2414 fugare
670 2334 716 2395 vel
735 2333 849 2420 abigere
867 2333 958 2392 liceat.
1028 2353 1064 2392 uc
1082 2331 1159 2392 enim
1180 2351 1246 2410 spe,-
1319 2339 1323 2358 ¹

8 2439 10 2486 ι
108 2425 165 2473 ctat
179 2411 282 2484 oratio,
301 2409 456 2482 cauendum
475 2429 546 2483 esse,
563 2429 602 2484 ne
618 2410 766 2488 perdamus
785 2406 862 2490 quod
875 2405 957 2490 Deus
975 2405 1081 2468 salvum
1099 2426 1160 2466 esse
1174 2430 1192 2489 p
1207 2397 1243 2464 lt.
1303 2441 1305 2452 ι

65 2541 68 2553 ,
106 2486 199 2547 Paulo
218 2487 360 2550 diversum
377 2485 464 2544 finem
482 2494 591 2566 spectat
609 2485 685 2563 quod
703 2483 827 2544 refertur
847 2481 970 2549 aLuea:
998 2481 1062 2564 quia
1079 2493 1172 2552 totum
1191 2481 1244 2558 bu-

107 2583 225 2626 manum
244 2582 334 2642 genus
351 2561 408 2621 Dei
428 2571 483 2637 cst,
502 2559 679 2652 colligerdes
698 2573 761 2630 esse
777 2560 826 2641 qui
843 2559 956 2634 abeunti
974 2571 1056 2634 sunt,
1074 2580 1108 2626 ac
1127 2557 1245 2640 perinde
1266 2615 1277 2648 ⁸

8 2705 10 2716 7
108 2637 294 2720 gaudendum
315 2657 390 2710 esse,
415 2635 484 2709 dum
504 2636 608 2717 perditi
631 2635 666 2700 at
687 2636 792 2699 bonam
814 2637 860 2696 fru
883 2657 928 2708 ern
950 2637 1084 2714 redeunt,
1107 2635 1164 2718 acsi
1183 2634 1244 2716 quis

8 2749 10 2788 ι
107 2724 223 2796 praeter
243 2734 323 2794 spem
344 2724 508 2792 recuperet,
532 2712 608 2792 quod
626 2712 756 2774 amissum
777 2735 837 2774 esse
855 2657 955 2776 aioluit
1112 2769 1116 2776 .

8 2793 10 2862 ζ
183 2790 254 2852 L'uc.
272 2792 318 2852 lo.
360 2791 511 2856 Gaudium
529 2794 585 2849 crit
606 2811 706 2854 corum
725 2789 850 2873 nugalis.
890 2789 922 2850 si
940 2787 1033 2872 angeli
1051 2788 1104 2850 sibi
1122 2788 1243 2860 inuicem

106 2868 139 2928 in
163 2867 245 2928 coelo
266 2859 454 2948 gratulantur,
479 2867 546 2930 dum
564 2865 663 2929 vident
680 2867 790 2929 restitui
809 2868 838 2928 in
858 2888 975 2950 gregeus
993 2887 1075 2928 suum
1114 2863 1243 2930 reddii-
1292 2895 1294 2900 ·

8 3003 9 3014 ,
105 2945 235 3018 lluxerat,
259 2963 312 3010 nos
333 2943 427 3024 etiam
446 2943 546 3026 quibus
565 2945 722 3006 communis
743 2955 773 3005 et
790 2967 841 3028 par
860 2952 904 3026 est
921 2966 1010 3018 causa,
1034 2887 1157 3009 eiusdem
1174 2960 1244 3022 gatt-
1294 2931 1296 2950 ¹

107 3021 145 3080 dii
162 3021 256 3093 socios
278 3040 339 3084 esse
358 3021 449 3086 decer.
492 3018 549 3094 scd
570 3022 714 3101 quomodo
735 3021 817 3082 unius
837 3019 915 3103 impii
935 3019 1057 3080 bominis
1076 3041 1091 3097 r
1109 3012 1244 3095 sipiseen-

8 3105 9 3112 ’
106 3098 146 3157 tia
166 3097 253 3180 magis
273 3105 355 3176 quam
379 3095 532 3156 multorum
556 3097 694 3158 iustorum
720 3098 931 3178 perseverantia
954 3097 1077 3178 gaudere
1101 3090 1171 3152 dicit
1194 3101 1245 3150 ant

107 3173 195 3255 gelos,
213 3194 286 3254 quos
300 3173 369 3238 nibil
387 3173 476 3257 magis
494 3171 617 3236 delectat
635 3195 718 3253 quam
738 3175 889 3242 continuus
909 3183 938 3234 et
956 3167 1107 3252 aequabilis
1126 3165 1245 3232 iustitiae

8 3297 9 3300 ,
50 3260 53 3266 '
108 3249 211 3312 tenor?
249 3251 307 3318 Res
329 3250 438 3325 ondeo,
461 3249 587 3330 quamvis
610 3251 775 3334 angelorum
794 3251 868 3316 votis
892 3249 981 3341 magis
1007 3256 1180 3328 congrueret
1199 3245 1246 3320 (ut

111 3324 196 3398 etiam
216 3327 304 3408 magis
324 3325 447 3408 optabile
468 3325 539 3402 est),
564 3324 692 3386 homines
711 3327 740 3386 in
759 3347 830 3408 pura
850 3326 1016 3420 integritate
1035 3342 1145 3402 semper
1158 3331 1245 3394 stare,

109 3403 173 3482 quia
191 3413 288 3464 tamen
307 3403 336 3462 io
357 3402 513 3484 peccatoris
531 3400 716 3478 liberatione,
738 3403 787 3484 qui
804 3402 966 3468 inmeritis
984 3401 1102 3474 devotus
1122 3405 1195 3480 erat,
1216 3395 1247 3456 cl

8 3543 10 3552 ,
110 3479 187 3558 quasi
210 3479 354 3560 putridum
377 3479 537 3540 membrum
561 3501 578 3540 a
606 3499 730 3559 corpore
754 3479 908 3556 exciderat,
932 3475 1021 3562 magis
1045 3474 1170 3559 refulget
1191 3471 1247 3534 Dei

8 3583 9 3594 ι
108 3555 308 3630 misericordia,
328 3557 434 3642 augelis
453 3557 578 3616 humano
596 3555 677 3616 mo're
698 3577 731 3619 ea
746 3555 991 3636 ,insperato‘boun
1013 3554 1101 3633 maius
1116 3551 1247 3636 gaudium

8 3669 10 3678 »
109 3631 246 3692 attribuit
289 3631 384 3692 Porro
408 3654 515 3698 nomen
535 3627 734 3711 peanitentiae
757 3628 915 3714 specialiter
939 3627 973 3692 ad
999 3651 1098 3694 eorum
1125 3643 1248 3710 corruet·

108 3707 220 3770 sionem
238 3707 433 3790 restringitur,
459 3707 508 3789 qui
526 3710 639 3790 penitus
659 3731 675 3768 a
694 3711 761 3770 lieo
783 3707 874 3790 aversi
891 3710 900 3787 'p
915 3709 974 3770 ursi
997 3730 1014 3768 a
1036 3717 1130 3840 mepte
1148 3704 1184 3762 in
1203 3719 1247 3756 vt-

109 3795 167 3843 tam
187 3795 346 3866 resurgunt.
382 3786 453 3846 Nam
474 3784 577 3864 alioqui
597 3785 731 3856 continua
749 3785 778 3844 in
797 3797 858 3856 tota
919 3799 986 3852 atam
1004 3804 1064 3854 esse
1099 3779 1249 3864 ebetpoe'-

108 3858 246 3920 nitentiae
265 3859 422 3938 meditatio,
441 3881 495 3922 nec
516 3861 663 3942 quisquam
679 3863 714 3927 ab
734 3861 785 3939 bac
804 3863 971 3937 necessitate
992 3857 1135 3927 eximitur,
1160 3867 1247 3936 qutun
1317 3864 1319 3869 '

8 3937 10 4004 J
109 3931 238 4018 singulos
262 3934 402 3995 sua'vitia
426 3937 460 3996 ad
483 3939 674 4018 quotidianum
699 3935 861 4018 proiectum
884 3939 1045 4016 sollicitent.
1094 3928 1152 3991 Sed
1175 3923 1250 4012 ahud

8 4025 9 4054 ³
111 4024 153 4073 est
178 4009 255 4070 inter
280 4008 464 4088 offendicula,
488 4013 534 4074 vel
556 4015 662 4096 lapsus,
685 4014 732 4076 vel
751 4013 957 4089 aberrationes,
982 4013 1018 4086 ad
1042 4017 1146 4067 meum
1170 3997 1249 4074 emb,

114 4089 164 4156 ubi
186 4083 239 4160 iam
259 4099 370 4162 rectum
390 4108 502 4160 cursum
520 4089 660 4176 ingressus
679 4091 728 4152 sis:
751 4089 830 4152 aliud
853 4102 961 4162 autem,
985 4087 1019 4166 ab
1044 4099 1142 4144 err⁰r²
1164 4095 1250 4164 Pf⁰¹3

112 4187 157 4226 sus
176 4164 260 4226 devio
280 4185 310 4225 se
329 4160 466 4256 recipere,
485 4165 532 4227 vel
543 4179 653 4228 rectum
669 4167 782 4232 cursum
802 4188 817 4226 a
837 4163 995 4226 carceribus
1013 4158 1156 4244 inchoare.
1186 4149 1251 4214 Tab

8 4289 9 4306 ι
112 4239 289 4320 poenitentia
307 4260 370 4301 nou
388 4240 543 4323 indigent,
560 4243 608 4324 qui
627 4243 859 4322 iam'coeperunt
878 4235 912 4316 ad
930 4232 1055 4322 regulam
1073 4231 1183 4288 dmm
1209 4226 1251 4314 ¹0,-
1385 4303 1386 4316 2

114 4317 156 4400 gis
174 4317 262 4382 vitam
280 4339 359 4383 suam
378 4316 518 4394 formare,
532 4321 574 4382 'ut
597 4330 695 4383 sancte
715 4318 818 4398 pieque
837 4313 933 4374 vivere
954 4313 1102 4384 rumpunt,
1127 4319 1251 4392 ‘tum'
