2796 4774
186 195 246 280 n
324 190 436 256 SEC'l'.
463 187 528 250 XL
567 203 985 266 murmuraremus
1004 202 1163 284 ascensio.

190 347 265 416 dnttt
291 343 455 434 discipulis
481 341 565 420 elue,
606 341 637 408 0.
664 343 760 410 tuae
783 365 860 410 ecce
876 345 965 412 lesus
987 349 1124 418 oeetudt
1144 347 1227 430 illis,
1270 351 1315 418 di.

188 469 279 532 sens,
313 451 422 516 Arete.
464 441 542 510 lllae
569 455 674 511 antem
701 457 915 527 accesserunt,
954 459 985 516 et
1010 459 1182 518 tenuerunt
1207 453 1317 540 pedes

161 555 273 633 “lma
306 563 337 622 et
362 548 575 618 adoraverunt
596 569 678 616 eunt.
722 549 773 614 10.
794 550 887 614 Tunc
908 552 952 618 ait
978 551 1042 618 illis
1063 555 1167 629 lesus,
1199 555 1319 624 Nolite

189 658 312 722 tinere:
344 653 401 730 ite,
427 651 606 717 renuntiate
626 648 777 719 iratribus
797 653 889 734 uncie,
915 649 956 720 ut¹
973 665 1044 721 caut
1063 655 1097 720 in
1118 655 1317 728 Galilaeam:

189 765 221 824 et
240 753 288 822 ihi
308 774 359 820 rue
378 749 544 820 videbunt.
699 757 703 768 ’
1066 747 1071 774 ’

274 921 413 994 mtto
435 921 522 992 XVl.
564 923 596 993 8.
623 921 667 990 Et
699 921 853 1000 abeuntes
881 927 943 992 cito
969 925 1117 1014 ingerunt
1148 951 1166 995 s
1197 950 1313 996 monu-

142 1087 149 1100 .
187 1040 312 1096 uento:
342 1025 482 1095 hahebat
501 1027 586 1094 enim
608 1025 680 1090 illas
699 1035 819 1094 tremor
840 1035 873 1093 et
893 1041 1017 1118 stupor,
1038 1051 1145 1118 usqne
1163 1033 1313 1118 cuiquam

188 1135 361 1222 quicquam
390 1127 549 1198 dicebaut:
585 1125 737 1195 timebant
762 1131 854 1196 enim.
881 1127 933 1196 '9.
957 1129 1064 1218 Quum
1091 1143 1189 1198 autem
1216 1155 1313 1197 stasne

189 1238 378 1304 surrexisset
398 1234 503 1323 priano
524 1229 578 1298 dis
599 1229 744 1310 Sabbati,
766 1235 909 1320 apparuit
929 1236 1069 1322 primum·
1082 1235 1205 1302 Mariae
1212 1236 1308 1319 Mag-

189 1336 337 1418 dolense,
357 1333 399 1402 de
419 1357 483 1425 qua
504 1335 640 1400 eiecerat
660 1343 779 1422 septem
800 1334 977 1404 daemonia.
1020 1337 1070 1403 10.
1090 1336 1148 1403 llla
1168 1335 1307 1423 proiecta

94 1439 108 1460 ⁸
188 1441 383 1508 renuntiavit
403 1440 458 1520 iis,
479 1438 536 1526 qui
560 1457 632 1502 cunt
652 1435 712 1502 illo
733 1436 870 1518 fueraut,
891 1435 1071 1525 lugentibus
1092 1461 1130 1504 ac
1150 1437 1305 1506 flentibus.

190 1543 243 1610 ll.
264 1544 307 1611 Et
326 1539 377 1610 illi
397 1559 497 1630 quum
526 1537 688 1607 audissent
713 1537 802 1628 quud
822 1541 956 1620 viveret,
988 1563 1027 1608 ac
1051 1533 1139 1610 visus
1164 1540 1306 1610 essetab

69 1701 72 1709 .
190 1667 241 1726 es,
261 1667 329 1714 uon
349 1641 563 1711 crediderunt.

276 1813 377 1884 LUC.
402 1814 518 1880 xxtv.
569 1812 601 1877 9.
629 1811 672 1878 Et
699 1833 844 1898 egressas
870 1834 889 1878 a
916 1820 1120 1882 monumento
1146 1815 1306 1880 nuntiave-

190 1926 265 1986 runt
285 1917 365 1982 haee
385 1916 492 1980 omnis
513 1915 591 1999 ipsis
612 1913 765 1980 undecim
787 1925 818 1981 et
838 1917 969 1984 caeteris
983 1917 1140 1984 omnibns.
1161 1919 1211 1983 10.
1233 1917 1304 1982 Erat
1362 1963 1370 1970 .,

155 2097 163 2118 κ
191 2028 297 2086 nutent
315 2015 426 2084 Meris
446 2012 652 2102 Magdalene,
696 2026 729 2082 et
754 2017 893 2100 Ioanne,
936 2028 968 2086 et
996 2019 1109 2084 Maria*
1129 2019 1253 2100 lacohi,
1277 2029 1305 2084 et

192 2131 351 2218 caeterae,
381 2139 465 2208 quse
486 2115 645 2184 cumillis
667 2129 768 2200 mant,
790 2121 847 2210 qni
867 2121 946 2187 haec
966 2119 1114 2188 dicebant
1134 2121 1303 2211 Apostolis.
1369 2161 1370 2168 κ

194 2226 245 2298 lt.
266 2225 310 2294 Et
329 2223 400 2292 visa
422 2231 495 2290 sunt
520 2219 607 2310 apud
634 2219 709 2288 illus
731 2245 793 2290 ceu
820 2221 1058 2294 deliramentum
1078 2223 1176 2295 verba
1195 2247 1304 2302 esrum,
1369 2291 1370 2298 ,

193 2349 300 2418 neque
325 2324 530 2394 crediderunt
557 2324 613 2388 eis.
665 2325 716 2392 tn.
738 2326 877 2413 Surgens
905 2336 1011 2393 autern
1025 2328 1147 2395 ll‘etrus
1175 2330 1303 2394 cucurrit

193 2431 235 2500 ad
258 2425 512 2506 monthneutum,
533 2435 564 2493 et
584 2429 782 2516 prospiciens
802 2427 885 2495 vidit
904 2425 1085 2500 lintesinins
1105 2429 1175 2499 sola
1194 2433 1303 2522 posita:

193 2545 226 2604 et
245 2530 339 2612 alriit,
360 2553 469 2603 accunt
491 2527 665 2609 admirans,
685 2531 776 2619 quud
796 2531 962 2602 scotum.

268 2854 372 2920 Matth.
390 2857 421 2921 8.
459 2853 501 2914 Et
524 2854 678 2936 ngresm
700 2857 842 2923 celeriter.
881 2859 1064 2921 Praetereunt
1085 2871 1140 2923 tres
1164 2857 1238 2920 nvn
1274 2856 1305 2917 li-

193 2945 252 2998 stte
270 2932 347 3016 quod
364 2930 400 2994 de
419 2930 507 2994 liaris
526 2931 691 3071 Mepdalena
708 2946 805 2994 narrat
821 2931 964 3011 Ioannem·
975 2934 1048 2996 illam
1064 2933 1171 2997 scilicet
1186 2955 1225 2994 no
1261 2957 1305 2994 mu

193 3010 353 3094 conspectis
373 3006 480 3092 augelis
498 3006 528 3068 iu
546 3029 581 3068 nr
601 3030 646 3070 ern
664 3009 786 3086 rediisse,
804 3010 986 3074 aelichiliter
1004 3023 1182 3092 conquestam
1201 3031 1257 3072 esse
1274 3013 1305 3070 de
1368 3031 1369 3034 ¹

193 3107 316 3170 corpore
340 3085 436 3149 Christ
469 3081 587 3146 sublato.
633 3085 690 3148 Hic
713 3097 821 3148 uuum
844 3086 879 3148 de
902 3087 1031 3149 secundo
1047 3088 1077 3148 in
1101 3088 1198 3148 urhern
1220 3087 1304 3147 reditu

193 3165 300 3248 agitur,
327 3165 359 3224 in
378 3182 435 3246 qno
454 3161 513 3242 ipsa
537 3171 567 3222 et
584 3160 653 3224 aliae
675 3162 793 3226 comites
811 3164 976 3226 nuntiarunt
994 3163 1144 3246 discipulis,
1173 3163 1302 3225 Christum

193 3241 391 3332 peeprrexistee
430 3239 514 3332 quod·
533 3249 592 3330 taur
614 3257 688 3301 voce
712 3260 745 3301 ac
768 3240 932 3302 testimonio
961 3239 1068 3378 suppli,
1105 3259 1185 3322 quarn
1205 3237 1304 3298 Christi

193 3311 651 3453 thiedildi&
664 3314 958 3456 cittii‘ffii
978 3314 1305 3455 iiiimxiiii

193 3431 440 3528 itiu⁹erssecnuds
464 3413 714 3528 confirmatiopaec
759 3467 793 3542 't,
830 3479 864 3529 ut
892 3471 982 3530 miuus
1010 3469 1167 3530 dubitanter
1179 3413 1305 3530 gasserere

158 3584 160 3590 r
193 3553 309 3624 possent
336 3541 455 3602 Domini
478 3541 722 3636 resurrectionem.
781 3545 863 3634 llicit
883 3545 1052 3638 Matthaeus,
1074 3546 1226 3640 profectae
1247 3567 1305 3604 esse
1367 3561 1368 3592 1

193 3623 441 3682 westmoster
465 3617 576 3698 gaudio
600 3638 726 3709 magno.-
756 3619 857 3700 quihus
878 3623 971 3684 verbis
994 3621 1139 3704 mtellrgrt,
1158 3620 1305 3681 exhilaratas
1367 3643 1368 3664 ³

193 3693 413 3778 quidemiuisse
431 3711 504 3754 voce
516 3691 627 3782 angeli,
646 3694 726 3756 simul
743 3707 837 3758 tamen
856 3697 942 3760 finisse
957 3711 1037 3760 metu
1054 3697 1201 3780 peccabas,
1218 3696 1303 3756 ut'in-

193 3785 239 3836 ter
255 3773 391 3840 laetitiam
412 3781 443 3832 et
461 3779 627 3840 sustentem
646 3784 811 3836 aestuarent.
849 3775 897 3836 Sic
922 3775 997 3838 'enirn
1019 3775 1160 3836 interdurn
1182 3771 1303 3835 connati

193 3847 313 3912 allectus
331 3848 445 3930 piorum
463 3844 549 3906 corda
569 3860 724 3928 occupant,
754 3862 782 3911 et
801 3863 914 3912 versant
938 3851 1058 3919 alternis,
1073 3850 1194 3928 ricihu‘s,
1223 3850 1303 3910 donee
1367 3843 1368 3894 Ῡ

193 3923 308 3986 taudem
327 3937 379 4004 ptr
398 3921 520 4004 Spiritus
540 3925 728 4004 compositum
753 3938 853 3987 statum
872 3927 980 3988 alferat.
1018 3927 1090 3988 Nam
1109 3927 1133 3988 si
1149 3925 1215 3986 fides
1232 3926 1258 3985 iu
1274 3925 1302 3985 il·
1367 3957 1368 3963 κ

194 3998 234 4060 tts'
247 3999 346 4062 fnisset
369 3999 472 4070 solida,
502 3997 618 4060 subacto
641 4002 745 4062 timore
767 4022 881 4084 prorsus
904 4021 948 4063 ees
974 4003 1108 4065 sedasset:
1138 4023 1214 4062 nunc
1230 4001 1302 4063 timor

193 4075 296 4155 gaudio
314 4076 467 4155 permixtus
486 4077 613 4164 uuuflpm
629 4088 710 4153 pecte
728 4078 822 4160 angeli
836 4078 1001 4148 testimonio
1011 4079 1179 4160 acquievisse
1198 4079 1301 4140 demon-

193 4161 282 4210 strat·
321 4150 377 4212 llic
401 4171 472 4216 vero
498 4150 610 4232 insigne
635 4152 841 4233 misericordiae
868 4155 1009 4236 specimen
1034 4153 1159 4216 exhihuil
1181 4153 1300 4224 Christus,

195 4225 270 4312 quod
288 4225 325 4284 ita
343 4223 435 4286 dubiis
453 4237 483 4286 et
506 4225 623 4316 trepidis
638 4227 786 4302 ¹occurrit,
814 4231 846 4289 u't
867 4232 943 4310 quod
966 4229 1105 4293 'residtium
1117 4242 1120 4250 '
1131 4241 1190 4293 erat
1207 4229 1300 4290 dubita-

194 4305 281 4356 noun
300 4299 444 4374 “livete-
465 4301 721 4366 Nemausum
743 4301 909 4390 discrepeat.
924 4309 1013 4373 Mami
1027 4308 1146 4392 *vemas
1164 4305 1232 4388 quui
1249 4303 1302 4380 fu-
