2796 4774
157 245 203 314 at·
368 240 479 306 sncr.
498 236 582 302 xm.
622 253 788 304 annones
805 252 848 300 ur
863 251 1068 300 sinuosae

155 413 340 464 consumor.
388 391 444 458 3³.
476 389 697 464 Veruntamen
723 400 851 480 oportet
876 409 927 456 me
955 390 1054 458 bodio
1081 400 1114 458 et
1140 410 1225 471 eras,
1257 401 1291 458 et

80 544 84 553 -
155 495 308 590 perendie
335 493 514 574 arubulare,
547 494 624 580 quia
655 491 803 558 accidere
833 511 901 558 non
934 491 1037 590 solet,
1069 504 1105 566 ut
1130 491 1291 582 Propheta

157 599 236 676 alibi
256 607 381 688 pereat,
406 614 502 684 quam
523 594 767 682 Hierosolymis.

232 769 300 830 Hoc
320 763 411 842 etiam,
432 785 488 846 quo
507 775 638 847 tempore
656 762 799 840 acciderit,
822 773 902 832 certo
923 763 1026 824 coniici
1045 765 1091 827 vix
1111 777 1218 848 potest,
1238 765 1293 836 nisi

159 847 235 928 quod
254 856 324 904 tunc
347 852 488 904 versatum
510 840 595 904 fnisse
622 841 768 903 Christum
792 843 823 900 in
837 839 967 918 ¹Galilaea
994 853 1102 902 certum
1127 856 1186 918 est,
1211 841 1293 902 sicuti

159 935 223 984 toto
243 918 398 992 vocationis
417 938 482 979 suae
502 938 585 978 cursu
605 916 663 978 illie
684 917 746 998 plus
766 935 863 980 morae
886 938 968 997 quam
993 917 1059 978 alibi
1080 919 1172 978 traxit.
1212 921 1294 980 Hor-

159 1009 255 1060 tantur
275 997 363 1069 enim,
390 994 438 1076 qui
457 990 557 1056 volunt
575 994 665 1056 videri
683 993 781 1070 amici,
804 1005 852 1068 ut,
872 994 895 1056 si
914 992 983 1055 velit
1001 993 1089 1054 salvus
1109 1013 1185 1068 esse,
1212 1003 1294 1054 extra

160 1069 285 1136 Herodis
307 1072 444 1133 ditionem
468 1070 612 1132 concedat.
658 1071 717 1132 Iam
741 1069 859 1151 qualiter
886 1068 982 1132 affecti
1010 1068 1130 1143 fuerint,
1164 1069 1211 1148 qui
1235 1069 1295 1130 hoc

161 1150 265 1213 dabant
286 1147 446 1223 consilium,
466 1149 603 1209 nescitura
623 1145 677 1208 nisi
696 1148 772 1228 quod
790 1148 820 1208 in
838 1145 911 1206 hane
931 1145 1122 1206 coniecturam
1140 1145 1228 1227 magis
1246 1145 1295 1204 in·
1393 1205 1394 1212 χ

163 1229 247 1317 cino,
268 1225 332 1306 quia
350 1225 486 1286 maiorem
504 1223 601 1306 populi
620 1231 728 1305 partem
746 1223 803 1284 illic
822 1216 954 1284 videbant
974 1221 1089 1282 Christo
1110 1221 1240 1296 deditam,
1260 1232 1295 1282 ut

89 1323 93 1333 ’
162 1325 263 1440 passam
286 1313 401 1384 recepta
425 1312 498 1362 esset
517 1298 829 1394 Evangeliidoctrina,
854 1308 976 1358 tentasse
1001 1298 1055 1358 alio
1078 1297 1170 1380 ipsura
1197 1294 1295 1378 expel-

175 1401 232 1441 ere·
270 1378 441 1450 Notandum,
461 1373 574 1456 quinam
592 1387 649 1438 smt
664 1376 713 1438 rsti
731 1375 900 1436 monitoress
920 1373 988 1434 dicit
996 1375 1095 1450 Lucas,
1115 1373 1295 1464 fuisserpros-

161 1457 227 1520 dam
248 1451 458 1516 erPharisaeis.
488 1453 515 1514 A
547 1451 577 1512 ui
597 1453 707 1528 scimus,
725 1462 829 1513 sectam
848 1449 922 1510 illam
941 1469 1001 1511 non
1021 1451 1091 1511 adeo
1110 1449 1194 1510 fuisse
1209 1449 1295 1512 thri.
1393 1483 1394 1492 κ

163 1543 208 1596 sto
227 1529 393 1612 propitiam,
418 1539 452 1588 ut
469 1529 541 1610 prob
578 1527 615 1590 ile
639 1528 676 1589 sit
700 1527 736 1588 de
760 1526 818 1588 eins
840 1527 898 1586 vita
924 1526 1008 1588 fuisse
1031 1526 1171 1590 sollicitos.
1215 1524 1295 1600 Quid

165 1604 253 1688 ergo?
281 1623 385 1688 nempe
413 1605 560 1665 consilium
587 1615 660 1678 erat,
685 1604 788 1665 iniecta
818 1599 969 1664 formidine
993 1603 1024 1662 in
1049 1603 1151 1684 aliquas
1175 1601 1295 1662 latebras

166 1704 231 1744 cum
248 1679 376 1762 abigere:
401 1680 465 1760 qula
482 1679 545 1742 fore
563 1681 725 1762 sperabant,
751 1691 785 1738 nt
803 1677 883 1740 brevi
907 1679 1070 1740 concideret
1093 1679 1151 1740 eius
1170 1675 1295 1739 auctori-
1393 1703 1394 1742 a

165 1772 217 1832 tas,
235 1757 294 1818 imo
315 1768 495 1818 evanesceret
512 1768 572 1816 tota
591 1757 726 1820 doctrina.
765 1757 823 1817 Sed
841 1755 956 1815 interim
976 1755 1192 1816 considerandus
1210 1753 1310 1814 nobis·
1393 1767 1394 1810 t

167 1845 210 1894 est
232 1834 340 1913 primus
364 1831 445 1892 huius
459 1832 582 1907 ,consilii
605 1833 737 1926 magister
760 1844 843 1912 atque
865 1829 966 1891 artifex
989 1831 1086 1892 Satan:
1111 1830 1187 1911 quia,
1212 1829 1295 1892 sicuti
1393 1865 1394 1914 3

166 1909 268 1970 Filium
288 1909 345 1970 Dei
361 1909 497 1969 terrendo
516 1908 661 1990 Evangelii
685 1928 796 1968 cursum
819 1917 888 1968 tuuc
910 1907 1078 1987 abrumpere
1102 1919 1218 1968 conatus
1242 1915 1295 1980 est,

166 1985 205 2046 ita
224 1983 341 2046 subinde
361 2003 453 2046 novos
475 1995 602 2046 terrores
622 1982 843 2044 comminiscitur
865 2003 898 2043 ac
917 1983 1047 2059 fabricat,
1071 1981 1171 2065 quibus
1190 1981 1296 2044 exami-
1391 2029 1394 2039 a

167 2072 219 2122 net
237 2060 344 2122 Christi
361 2059 513 2136 ministros,
533 2080 566 2120 nc
586 2081 697 2120 cursum
719 2061 868 2122 reflectere
888 2069 979 2141 cogat.

244 2153 313 2214 Luc.
328 2153 376 2214 32
414 2153 514 2212 Dicite
531 2153 679 2233 uulpis'lli
697 2161 752 2212 ete.
793 2153 910 2214 Certum
930 2161 981 2225 est,
1004 2147 1040 2210 de
1059 2149 1176 2212 Herode
1187 2147 1296 2230 hutipa

168 2228 266 2290 haberi
284 2241 452 2292 sermonem.
477 2227 644 2309 Quanquam
657 2239 751 2302 autem
764 2225 809 2290 iile
827 2225 948 2310 vulpinis
967 2238 1027 2286 erat
1044 2227 1177 2300 moribus,
1197 2245 1230 2286 ac
1247 2227 1296 2284 in-

167 2307 255 2390 genio
273 2327 333 2366 non
350 2305 443 2366 minus
459 2305 553 2368 servili
572 2326 653 2385 quam
672 2315 795 2378 versuto,
814 2324 873 2362 non
891 2302 1023 2377 arbitror,
1041 2301 1296 2362 totiusviueastm

167 2386 236 2444 tiam
255 2381 424 2468 generaliter
447 2381 601 2464 perstringi
625 2381 676 2443 sub
700 2379 789 2462 vulpis
812 2379 941 2453 nomine,
965 2378 1014 2438 sed
1036 2377 1216 2440 clandestinas
1235 2377 1296 2438 eius

64 2491 69 2506 ·
168 2451 287 2536 iusidias,
309 2459 409 2544 quibus
419 2457 564 2542 Evangelii
582 2453 739 2519 doctrinam
758 2455 893 2521 subruere
906 2454 1080 2529 moliebatur,
1100 2474 1186 2536 quum
1195 2462 1296 2534 aperto

57 2557 60 2566 ¹
169 2547 260 2596 marte
283 2534 421 2618 congredi
445 2556 506 2595 non
529 2533 652 2596 auderet.
685 2533 838 2616 ,Significat
862 2531 937 2592 enim
956 2531 1095 2605 Christus,
1119 2529 1296 2610 quantumvis

146 2637 148 2646 s
170 2611 283 2671 callidus
300 2610 344 2683 sit,
362 2607 431 2671 nihil
446 2621 540 2670 tamen
559 2611 753 2690 profecturum
771 2609 828 2670 suis
849 2609 962 2670 artibus.
1001 2609 1074 2690 Ego,
1094 2607 1193 2686 inquit,
1213 2625 1295 2686 quas-
1379 2615 1384 2620 '

171 2705 283 2764 cunque
301 2681 411 2744 fraudes
429 2683 604 2745 machinetur
622 2685 681 2758 ille,
701 2683 786 2744 bodie
809 2695 838 2744 et
856 2705 916 2744 cras
935 2682 1072 2766 defungar
1090 2702 1207 2743 munere
1226 2679 1295 2741 mihi
1389 2711 1394 2744 v

156 2759 302 2821 ,divinitus
324 2758 464 2819 iniuncto:
491 2757 541 2819 ubi
559 2760 593 2819 ad
611 2759 697 2820 duem
713 2759 792 2819 stadii
810 2770 925 2819 ventum
944 2759 1042 2832 fuerit,
1066 2771 1135 2820 tuuc
1158 2759 1190 2818 in
1203 2757 1295 2820 sacri·
1393 2791 1394 2808 κ

159 2830 266 2896 'ficium
286 2831 399 2910 offerar.
437 2835 480 2892 Ut
496 2843 592 2894 tamen
611 2835 764 2894 distinctius
787 2833 869 2893 nobis
888 2834 1042 2893 verborum
1059 2855 1155 2894 sensus
1174 2843 1294 2908 constet,

170 2913 266 2993 priore
281 2909 411 2984 membro
430 2905 534 2969 fatetur
544 2909 680 2984 Christus,
699 2908 785 2969 tertio
805 2919 870 2989 post
887 2907 941 2984 die,
960 2908 1015 2968 hoc
1035 2921 1085 2986 est,
1106 2909 1207 2992 exiguo
1219 2922 1295 2971 tem-

170 3007 243 3068 pore
266 2985 318 3046 sibi
342 3004 402 3047 esse
424 2984 612 3045 moriendum:
636 2996 720 3065 atque
744 2984 799 3044 hoc
823 2983 909 3044 modo
935 2984 1068 3060 ostendit,
1093 2985 1171 3048 nullo
1194 2985 1294 3046 mortis

170 3076 249 3124 metu
268 3079 299 3124 se
316 3081 401 3143 posse
419 3060 453 3122 ab
472 3059 566 3122 officio
584 3062 720 3136 revocari,
737 3062 771 3121 ad
790 3079 873 3141 quam
891 3061 1027 3122 destinato
1046 3061 1130 3121 animi
1147 3061 1305 3144 proposito*
1348 3095 1353 3107 =

170 3139 325 3220 intrepidus
350 3137 503 3199 contendit.
545 3138 657 3215 Deinde
685 3137 807 3213 subiicit,
837 3137 920 3196 inane
946 3157 1005 3200 esse
1028 3136 1293 3213 terriculamentum,

210 3216 287 3276 oda
311 3211 383 3276 falsis
407 3225 435 3276 et
460 3211 562 3276 fucosis
584 3213 770 3276 monitoribus
794 3212 941 3292 obiicitur,
963 3214 1027 3294 quia
1045 3235 1105 3274 non
1123 3213 1188 3273 alibi
1211 3235 1293 3294 quam

202 3289 385 3371 ierosolymae
404 3291 502 3352 mortis
542 3289 675 3350 ericulnm
688 3291 855 3376 impendeat
884 3291 950 3351 Hoc
963 3303 1055 3352 autem
1066 3291 1188 3352 secundo
1202 3308 1293 3350 mem-

170 3366 224 3428 bro
247 3367 349 3427 acriter
372 3367 475 3460 pungit
496 3311 671 3440 Pharisaeos,
695 3370 805 3440 Vosne,
828 3377 861 3426 ut
885 3365 919 3426 ab
943 3369 1059 3432 Herode
1082 3367 1149 3426 mihi
1171 3385 1292 3440 caveam,

146 3444 150 3455 ’
171 3441 307 3516 monetis,
333 3463 401 3522 quos
422 3444 505 3505 video
528 3464 607 3505 meos
631 3443 694 3503 fore
713 3439 871 3504 carnifices?
910 3443 1077 3524 Quanquam
1096 3442 1206 3524 longius
1224 3463 1293 3522 pro-

143 3587 147 3599 ·
172 3519 247 3579 cedit
265 3513 455 3599 exprobratib:
473 3519 632 3580 nonenim
652 3518 704 3580 sibi
723 3531 832 3580 tantum
849 3518 916 3578 dicit
934 3531 1058 3612 paratum
1077 3539 1138 3580 esse
1155 3520 1293 3580 Hieroso-

171 3593 262 3674 lymae
284 3594 441 3670 interitum,
466 3596 514 3656 sed
536 3597 647 3676 pridem
670 3595 744 3655 illam
766 3595 850 3656 fuisse
874 3616 949 3673 quast
965 3595 1114 3655 'latronum
1138 3615 1292 3668 cavernam,

171 3669 221 3730 ub'i
238 3668 353 3751 iugulati
373 3671 429 3732 sint
452 3670 513 3732 fere
537 3693 635 3732 omnes
653 3671 819 3753 Prophetae.
858 3673 967 3731 Verum
984 3673 1094 3751 quidem
1114 3683 1167 3744 est,
1188 3671 1291 3731 multos

167 3745 235 3808 atti
256 3745 341 3806 fuisse
362 3747 477 3820 occisos,
497 3768 529 3807 ac
545 3747 708 3826 praesertim
728 3765 784 3828 quo
806 3758 936 3882 temgore
954 3745 1073 3808 crudelis
1090 3747 1135 3806 illa
1154 3747 1225 3807 furia
1244 3748 1292 3806 Ie-

169 3822 246 3884 sabel
267 3822 297 3881 in
317 3835 367 3884 cos
386 3824 495 3896 saeviit,
518 3826 567 3884 sed
590 3825 652 3904 quia
676 3847 728 3884 nus
767 3845 810 3882 arn
834 3823 869 3882 alr
889 3823 899 3882 i
923 3823 1000 3882 omni
1019 3835 1148 3904 tempore
1166 3823 1291 3884 hostilius

169 3897 261 3963 vexati
280 3898 391 3960 fuerant
409 3899 579 3978 Prophetae,
605 3899 706 3961 merito
755 3899 855 3961 hristus
872 3899 928 3959 hoc
946 3893 1082 3980 probrum
1101 3897 1192 3980 impiis
1215 3899 1290 3961 urbis

170 3989 283 4038 murtae
305 3975 412 4036 civibus
434 3976 529 4034 inurit.
571 3976 726 4057 Prophetas
749 3987 842 4036 autem
866 3975 986 4058 contigit
1008 3985 1040 4034 ut
1062 3973 1289 4057 plurimumillic

169 4053 275 4114 occidi:
296 4052 372 4133 quia,
397 4073 482 4132 quum
500 4051 567 4122 inde
604 4053 711 4115 rodiret
728 4063 788 4112 tota
806 4051 945 4132 impietas,
965 4073 1019 4132 qua
1039 4053 1142 4115 referta
1163 4063 1223 4112 erat
1240 4053 1289 4112 Iu-

169 4127 250 4204 daea,
274 4128 321 4190 ille
345 4128 427 4190 ctiam
446 4149 558 4209 camptu
576 4073 644 4203 ibit,
671 4129 701 4188 in
763 4149 781 4190 o
803 4129 884 4189 Deus
902 4129 1026 4189 exercuit
1042 4151 1106 4190 suos
1124 4128 1288 4221 Prophetas.

168 4201 279 4267 Scimus
297 4206 385 4283 enim,
410 4226 466 4300 quo
485 4204 573 4298 magis
591 4204 709 4289 affulget
737 4215 774 4264 ux
789 4204 950 4281 doetrinae,
969 4225 1038 4284 quae
1057 4203 1289 4286 propiustrmpios

161 4292 283 4361 urgeat,
310 4284 344 4343 ad
370 4275 505 4344 marbrem
532 4304 607 4364 ipsos
634 4279 768 4344 insaniam
795 4279 908 4363 impelli.
951 4283 1016 4344 Hoc
1038 4292 1133 4344 nmen
1155 4280 1290 4342 horrendi

170 4357 290 4437 exempli
308 4369 363 4436 est,
382 4359 458 4440 quod
477 4357 571 4437 locus,
593 4357 642 4444 qui
660 4360 692 4421 in
710 4357 860 4450 murnum
877 4357 1086 4434 divinicultus,
1110 4367 1139 4418 et
1156 4357 1187 4418 in
1205 4357 1289 4442 Legis

326 4539 338 4592 'r
