2804 4762
306 228 497 337 (rra-na.
535 254 619 320 aaa
637 253 851 320 annaeum
869 250 1061 358 reputans.)
1195 257 1255 320 en

105 409 151 469 Et
170 427 261 489 supra
280 405 408 473 Clnistns
427 408 462 470 de
482 406 567 492 begis
586 405 745 488 praeceptis
760 403 960 498 interrogatus,
979 427 1040 470 non
1058 405 1112 469 nisi
1126 389 1162 469 'ea
1181 383 1261 488 qnae¹

107 496 180 544 sunt
199 485 342 546 secundae
361 484 471 552 tabulae
494 484 645 546 recensuit.
702 479 734 544 Si
754 481 814 561 quis
834 483 966 560 excipiat,
991 483 1047 545 boc
1065 483 1152 546 ruodo
1170 493 1253 564 prae-

107 561 183 622 ferri
202 559 336 644 bomines
354 559 437 636 Deo,
462 561 525 642 quia
539 561 629 654 pluris
649 570 792 634 censetur,
818 579 889 638 quae
907 559 959 621 illis
978 572 1136 640 praestatur
1154 559 1253 622 caritas

107 657 197 717 quam
218 636 334 718 religio:
359 637 446 699 facilis
463 637 567 699 solutio
588 648 643 712 est,
662 635 708 695 bic
727 653 788 702 non
807 635 915 722 opponi
933 636 1022 715 priori
1039 637 1123 720 Legis
1142 637 1253 705 tabulae

106 713 285 788 secundam,
314 715 363 773 sed
386 714 479 796 potius
504 733 538 773 er
562 713 700 774 secundae
729 711 928 772 observatione
951 711 1147 791 probationem
1171 714 1252 790 sumi,
1317 717 1321 732 ¹

86 809 146 850 an
166 805 241 850 vere
260 801 290 850 et
309 791 456 851 exanimo
476 788 585 857 colatur
593 791 680 850 Deus.
714 786 790 863 Quia
804 807 850 847 res
859 786 979 848 interior
990 789 1137 870 eripietne,
1155 811 1252 882 neque

105 866 190 926 inter
211 883 267 926 nos
286 879 411 926 versatur
422 867 514 940 Deus,
534 877 565 924 nt
580 864 669 926 nostri
687 883 793 955 ergase
804 861 906 924 amoris
920 863 1139 956 esperimentnm
1150 878 1249 946 captat,

98 963 206 1022 lneque
222 931 305 1002 etiam
325 943 428 1003 nostris
441 941 542 1004 officiis
552 941 669 1023 indiget,
679 939 760 1000 facile
771 951 815 1000 est
824 938 980 1020 hypocritis
991 940 1113 1012 mentiri,
1123 940 1250 1024 falsoque
1308 952 1322 964 “

106 1017 274 1080 obtendere
296 1019 354 1080 Dei
380 1039 516 1080 amorem.
535 1043 537 1048 ¹
575 1016 651 1091 Quia
678 1036 749 1084 vero
774 1017 914 1078 fraternae
937 1015 1057 1078 caritatis
1080 1017 1172 1090 officia
1195 1019 1250 1082 nt

105 1115 226 1156 sensum
247 1094 375 1156 omnium
394 1095 504 1168 cadum,
525 1106 554 1155 et
572 1104 639 1154 ante
657 1091 754 1152 oculos
772 1103 837 1154 sunt
853 1092 952 1172 posita,
971 1092 1002 1153 in
1020 1091 1061 1154 bis
1080 1091 1179 1156 melius
1198 1115 1250 1161 eo-

102 1190 172 1233 rum
197 1169 373 1250 impudentia
396 1171 569 1252 coarguitur.
632 1167 760 1230 Christus
788 1189 859 1252 ergo
882 1165 1021 1229 subtiliter
1038 1167 1092 1230 *bic
1113 1168 1250 1243 disserere

102 1247 202 1310 noluit
221 1248 258 1307 de
277 1246 393 1328 singulis
411 1247 532 1308 iustitiae
550 1243 693 1326 partibus,
721 1243 767 1306 vel
791 1264 886 1305 earnm
906 1245 1021 1318 ordine,
1045 1237 1095 1310 sed
1114 1257 1249 1326 quantum
1327 1289 1334 1300 -

102 1324 223 1384 ferebat
247 1323 407 1388 communis
432 1323 578 1384 hominum
606 1331 716 1457 captus,
746 1319 912 1456 simpliciter
940 1321 1050 1398 docuit,
1085 1333 1155 1384 tnnc
1181 1343 1250 1389 rere
1343 1353 1348 1364 a

102 1400 228 1461 demum
253 1398 359 1471 servari
381 1399 507 1480 Legem,
530 1399 598 1458 dum
623 1396 669 1456 aii
688 1416 755 1478 erga
777 1418 792 1455 a
813 1417 845 1457 οι
863 1397 936 1460 recti
954 1409 1069 1462 suntet
1087 1395 1201 1460 bomani
1220 1411 1250 1459 et

47 1545 51 1552 ¹
103 1494 242 1536 veraces:
268 1472 334 1552 quia
355 1473 394 1536 sie
411 1483 565 1549 testantur,
589 1475 683 1534 Deum
702 1489 734 1533 se
751 1472 869 1567 diligere
886 1491 924 1534 ac
938 1474 1077 1550 revereri,
1099 1473 1158 1536 imo
1178 1474 1250 1558 legi-
1297 1509 1300 1514 ·

102 1552 213 1614 timum
248 1569 281 1608 ac
306 1549 438 1610 idoneum
462 1549 588 1628 sincerae
612 1549 724 1630 pietatis
745 1551 937 1612 testimoninm
961 1550 1123 1634 proferent
1178 1551 1249 1614 Non

104 1625 189 1708 quod
209 1623 337 1686 sufficiat
355 1645 423 1710 erga
438 1626 568 1692 honines
578 1624 720 1709 defungi,
739 1625 793 1687 nisi
811 1625 889 1706 prlus
905 1627 970 1687 Deo
987 1627 1031 1690 ins
1048 1649 1130 1690 suum
1147 1627 1248 1700 aedda-
1267 1673 1268 1678 κ

103 1715 166 1774 tur,
184 1699 237 1762 sed
257 1700 320 1784 quia
338 1723 436 1762 rerum
458 1704 520 1768 site
528 1702 584 1764 Dei
602 1701 742 1764 cultorem
760 1722 876 1764 necesse
895 1713 948 1778 est,
966 1703 1014 1782 qui
1029 1705 1068 1782 ¹ad
1088 1704 1149 1766 eius
1163 1713 1247 1786 prae·
1281 1719 1296 1739 ··

12 1834 17 1844 ,
105 1778 251 1858 scriptum
278 1776 363 1838 vitam
392 1801 470 1840 suam
503 1779 615 1840 format
673 1775 808 1840 Nondum
833 1790 928 1839 tamen
952 1779 1067 1860 penitus
1088 1777 1179 1844 soluta
1204 1792 1247 1844 ert

104 1853 255 1936 quaeptio:
280 1875 345 1914 narn
362 1854 584 1938 decimaexquas
602 1854 733 1918 Christus
750 1855 928 1934 aequitatiet
945 1854 1151 1918 misericordiae
1167 1867 1247 1940 post-

104 1928 202 2014 ponit,
223 1951 286 2010 pars
304 1943 386 1996 erant
402 1932 489 1994 divini
507 1932 607 2024 cnltps,
626 1944 655 1992 et
673 1951 736 2014 pars
755 1931 847 2012 aliqua
864 1929 895 1992 ln
941 1951 1043 2013 operes
1057 1931 1166 2012 solebat
1180 1953 1246 1996 ero-
1308 1953 1310 1960 ’

89 2007 184 2091 ‘garis
204 2009 244 2066 ita
262 2006 364 2144 duplex
372 2009 546 2072 nacrificium
566 2030 595 2069 m
615 2029 645 2070 ee
664 2007 857 2069 continebant.
925 2009 1081 2146 esponden‚
1101 2017 1162 2071 non
1176 2011 1246 2076 eim-
1348 1984 1363 2050 «Ι

104 2083 224 2220 pliciter
243 2083 368 2144 conarri
386 2083 433 2146 hic
451 2085 575 2154 decimae
592 2096 656 2146 cntn
676 2083 863 2166 elecmosynis
882 2083 946 2146 etfi
967 2105 983 2146 c
1002 2096 1032 2144 et
1050 2081 1171 2162 iudicio,
1196 2088 1245 2147 sed

93 2189 95 2192 ·
127 2154 242 2221 cticiim
266 2159 433 2222 scribarum*
444 2161 617 2222 sanctitatem
635 2172 701 2222 cnm
720 2161 833 2222 siucero
852 2171 883 2220 et
900 2161 1155 2241 integrooaritatis
1173 2161 1245 2224 alse-
1309 2169 1314 2192 ¹

105 2247 168 2300 ctu.
186 2235 264 2298 -Cur
282 2235 358 2296 enim
375 2237 410 2298 ad
427 2237 549 2298 decimas
566 2235 712 2326 solvendps
729 2247 786 2314 tam
805 2236 936 2318 prompti
953 2249 981 2296 et
994 2236 1145 2304 voluntarii
1155 2249 1246 2314 erant,

105 2311 165 2374 nisi
185 2323 219 2373 nt
239 2313 333 2372 Deum
352 2311 496 2392 placarent
512 2313 628 2374 minimo
647 2311 793 2392 dispendio
818 2321 848 2376 ct
871 2312 1016 2374 molestia?
1052 2314 1245 2394 nequeenim

105 2387 144 2450 ad
168 2407 306 2450 sommam
329 2387 433 2450 intenti
457 2400 548 2451 erant.
606 2387 731 2467 Ideoque
753 2388 830 2448 inter
854 2387 947 2450 officia
966 2389 1088 2450 caritatis
1104 2391 1246 2461 numerari

4 2513 5 2518 ,
106 2462 304 2597 ιιοιιΓιΙώιιῒι,
330 2465 408 2547 quod
425 2466 492 2526 Deo
503 2476 540 2526 et
559 2463 720 2526 bominibus
738 2461 836 2526 fucum
855 2464 982 2527 facerent
999 2485 1035 2538 ex
1057 2464 1165 2540 levibus
1182 2487 1248 2548 par-

107 2551 122 2602 t
152 2561 214 2600 uts.
383 2595 385 2604 ,
514 2557 517 2564 “
963 2576 967 2584 ›
1127 2569 1129 2581 ι

90 2671 94 2676 ,
123 2561 151 2608 ῳ
189 2611 290 2676 biattb.
308 2616 373 2677 2&
394 2614 477 2676 Haeo
495 2621 625 2696 oportuit
636 2617 753 2694 faeere.
793 2616 953 2698 Occupatio
971 2628 1026 2694 est,
1051 2641 1105 2700 qna
1125 2639 1245 2710 praeve·

107 2690 154 2752 nit
173 2689 303 2754 Christus
324 2711 425 2752 eorum
449 2691 628 2760 calumniam:
656 2705 790 2776 poterant
813 2693 889 2762 enini
913 2693 1023 2760 sinistre
1044 2717 1161 2776 carpere
1184 2697 1243 2758 eins

107 2785 285 2841 sermonem,
300 2767 356 2830 acsi
375 2789 429 2847 pro
449 2769 537 2831 nihilo
556 2771 672 2840 duceret
691 2769 770 2850 quod
784 2763 866 2854 Lege
878 2770 933 2840 Dei
952 2772 1153 2854 praescriptum
1172 2779 1241 2836 emt.
1320 2769 1328 2780 '

107 2844 238 2906 Fatetur.
251 2863 338 2936 ergo,
363 2863 546 2926 quaecuuque
568 2848 646 2918 Dein
669 2845 811 2908 mandavit
833 2847 965 2908 servanda
991 2869 1065 2925 esse,
1089 2869 1142 2909 noc
1156 2849 1243 2927 'quic-
1296 2877 1308 2886 ·

106 2940 195 3000 qnam
214 2919 412 2996 omittendum,
438 2921 486 2983 aed
506 2943 566 2984 non
585 2924 697 2994 obstare
713 2923 804 2986 totins
824 2923 909 3004 Legis
927 2924 1063 3000 studium,
1094 2925 1252 3004 quominus·

87 2997 316 3080 'inpraecipnis
336 2997 472 3081 capitibus
482 2997 618 3066 'insistere
637 3021 655 3060 o
677 3011 776 3061 orteat.
823 3000 1044 3083 Undecotligie
1082 3011 1243 3080 raepostete

107 3074 205 3149 facere
227 3083 286 3150 eos,
305 3073 353 3162 qni
372 3081 436 3136 sese
451 3075 487 3139 in
499 3074 583 3137 'rebus
601 3021 723 3144 mialaris
740 3089 890 3156 occupant,
912 3097 997 3168 (Ιιιιιιιι
1015 3019 1109 3156 potlus
1127 3096 1143 3135 a
1161 3083 1243 3157 pree-

108 3149 199 3230 cipnis
219 3149 306 3212 ordiri
325 3171 342 3212 o
363 3163 466 3214 orteat:
480 3151 611 3213 ‘decimae
630 3153 705 3212 enlm
724 3153 857 3232 quaedam
870 3165 951 3214 erant
963 3153 1086 3213 accessio
1100 3151 1241 3228 duntaxat
1260 3207 1264 3217 ,

107 3229 205 3314 Negat
230 3229 300 3311 er'go
354 3227 456 3289 hristus
479 3229 532 3289 sibi
555 3228 585 3290 in
608 3230 701 3290 animo
727 3249 787 3292 esse
809 3230 1005 3290 anctoritatem
1032 3230 1172 3312 derogare
1195 3228 1248 3307 vell

110 3303 234 3366 minimis
250 3305 426 3441 praeceptis„
452 3303 520 3366 licet
543 3304 671 3368 oidinem
694 3305 724 3364 in
742 3305 827 3388 Legis
847 3304 1045 3366 observatione
1065 3306 1243 3366 commendet

25 3412 34 3430 ι
108 3392 194 3460 atque
214 3392 341 3464 etagota
365 3379 436 3442 'alva
454 3381 542 3464 igitur
559 3393 670 3443 maneat
687 3383 746 3442 Lex
765 3381 907 3456 unitersa,
932 3401 1002 3460 qnae
1021 3379 1095 3443 nulla
1113 3383 1142 3441 in
1161 3393 1242 3464 parte

109 3455 211 3518 violari
234 3469 328 3538 potest
349 3458 410 3520 sine
433 3459 553 3520 auctoris
577 3470 755 3538 contemptu:
784 3480 848 3520 nam
873 3457 921 3539 qui
942 3459 1059 3520 scortari
1083 3459 1189 3534 vetuit,
1213 3469 1243 3517 et

88 3530 256 3614 ,occidere‚
277 3546 305 3594 et
323 3529 650 3616 iurtnm3facerepidem
670 3547 699 3594 et
717 3532 975 3614 concupiscentiam
994 3555 1108 3598 omnem
1127 3534 1242 3596 damna·
1300 3605 1303 3612 ¹
1328 3603 1332 3612 p
1392 3521 1393 3582 l

110 3607 178 3678 rit·
202 3609 286 3669 Unde
305 3610 470 3703 colligimus,
489 3611 528 3673 sic
547 3612 623 3686 inter
641 3634 671 3674 se
690 3624 822 3672 contexta
840 3617 901 3672 ess'e
919 3612 1013 3672 omnia
1031 3623 1190 3694 praecepta,
1209 3619 1243 3666 ut

33 3705 36 3712 ’
67 3759 68 3766 1
111 3703 201 3757 tenum.
220 3684 255 3743 ab
274 3683 333 3754 aliis
349 3687 506 3766 discerpere
525 3689 566 3751 sas
584 3704 644 3759 non
661 3687 705 3750 sit.
737 3681 837 3768 anre
854 3677 937 3748 etlam
955 3688 1090 3769 seriptum
1110 3699 1160 3758 est,
1180 3685 1243 3748 illa.-
1284 3694 1286 3700 ’
1391 3699 1392 3706 ’

112 3757 227 3819 lealietns
248 3763 338 3821 omnis
357 3763 404 3842 qui
423 3769 484 3854 nipn
502 3764 680 3853 praestiterit,
701 3763 1093 3856 quaecunque'scriptaspmt.
1128 3759 1243 3836 Quibus
1267 3829 1271 3836 ,
1346 3813 1348 3822 ι

113 3834 206 3896 vorbis
222 3836 327 3914 absque
348 3851 514 3918 exceptione
532 3843 654 3902 sancitur
672 3839 834 3902 universalis
850 3839 935 3930 begis
955 3852 1074 3902 rcrstrtraa
1100 3835 1149 3898 sed
1173 3831 1252 3895 baec·

113 3913 286 3986 reverentie,
310 3924 341 3978 ut
359 3913 491 3989 diximus,
515 3916 665 3980 discrimen
683 3917 758 4006 inter
776 3929 923 4000 praecepta
942 3915 1060 3977 mirrime
1075 3913 1163 3992 rodit,
1188 3931 1243 3979 nec
1311 3963 1314 3972 ,

112 3987 205 4072 ipsum
224 3987 309 4076 Legis
326 4011 466 4072 scopum„
481 3993 516 4052 ad
554 4013 617 4052 uem
636 3993 698 4054 veri
716 4015 775 4072 erus
796 3992 917 4068 cultores
934 4004 1155 4072 merrtemVsnam
1174 3981 1243 4072 diri-

112 4075 195 4148 gout,
218 4083 256 4124 ne
274 4077 384 4124 tantum
403 4065 433 4124 in
450 4086 519 4146 supe
551 4068 597 4135 'cie
616 4066 720 4128 ludant.
1045 4117 1049 4124 .
1237 4091 1242 4100 ·

159 4143 163 4154 ’
189 4143 237 4203 24.
280 4143 378 4202 Duces
395 4145 482 4203 coeni.
526 4143 713 4206 vaerbialis
732 4155 776 4206 eet
792 4143 943 4217 sententia,
964 4163 1018 4222 qua
1035 4141 1134 4222 pulcre
1151 4137 1249 4232 expria

112 4217 199 4290 icitur
218 4219 314 4300 putida
332 4220 363 4284 in
382 4219 466 4282 rebus
485 4219 598 4286 minutis
615 4221 825 4302 bypocritar'nm
844 4211 978 4280 al'irxietas:
998 4239 1063 4280 nam
1079 4217 1245 4293 adupimma

112 4293 214 4380 delicta
233 4297 351 4378 perinde
371 4295 757 4388 exhorrentppacpipcentum
780 4295 919 4356 mortibus
941 4293 1072 4354 acerbior
1094 4288 1145 4354 illis
1169 4292 1245 4353 foret

113 4373 198 4436 unica
214 4373 418 4488 transpresslo,
440 4373 471 4435 iu
490 4389 658 4460 gravissimis
676 4385 771 4436 eutem
789 4367 940 4434 sceleribus
958 4369 1011 4490 sibi
1029 4373 1059 4432 et
1076 4367 1135 4434 aliis
1152 4367 1246 4434 suavi‘·
1273 4390 1276 4402 ·

1369 4385 1389 4523 ‘l
