2830 4772
490 209 835 314 'cmumrvarrunua
1092 205 1094 218 Ι
1131 237 1139 248 ”
1188 241 1245 309 aul
1294 239 1297 266 ³

77 381 78 384 ¹
113 367 176 456 lim
200 411 273 456 vero
296 402 373 456 tanta
397 391 482 458 etiam
505 390 722 474 iniunginquis
741 388 904 474 regionhus
922 389 995 453 illius
1014 386 1188 465 reverentia,
1207 399 1247 456 ¹ut
1272 453 1273 458 ,

113 472 162 538 uix
180 469 315 550 suspicari
333 467 476 548 quisquam
494 465 721 560 auderet,¹posse
740 477 865 547 unquam
884 466 978 528 deleri.
1053 527 1056 534 ,
1090 523 1113 544 ,,

191 550 219 606 2.
258 547 351 606 Amen
374 545 440 604 dieo
462 548 554 606 uobis.
593 545 677 620 Quia,
696 543 846 624 discipulos
864 543 961 624 templi
978 542 1142 626 magnitudo
1160 552 1247 622 atque

114 621 258 702 opulentia
277 623 428 700 (tanquam
448 620 541 681 velum
562 639 663 681 eorum
682 619 806 681 oculiso
843 619 967 695 situm)
993 641 1054 682 nou
1083 617 1191 679 sinebat
1208 617 1243 676 li-

114 699 180 760 dem
205 718 281 766 suam
307 698 454 757 intendere
480 697 514 756 ad
534 696 661 759 futurum
680 715 778 758 verum
797 639 902 761 diiisti
920 715 1056 777 regnum,
1079 695 1145 756 ideo
1164 695 1243 756 iure-

114 775 245 840 iurando.
256 773 375 834 alfirmat
392 773 472 842 brevi
491 773 627 852 peritura,
649 790 830 852 quaecunque
849 771 925 850 ipsos
942 783 1100 834 morantur.
1161 771 1246 832 llaec

114 850 203 945 igitur
228 851 328 920 ruinae
358 849 457 984 templi
481 848 638 930 praedictio
662 849 736 908 viam
760 847 875 908 rudibus
901 858 930 904 et
952 845 1067 905 infirmis
1090 847 1240 918 sternebat.

111 927 176 987 btsi
200 938 292 990 autem
317 922 385 998 utile
423 925 465 983 uit
490 923 628 1003 templum
650 923 735 998 dirui,
755 943 794 984 ue
818 923 937 987 Iudaeos
955 922 1078 992 terrenis
1097 922 1241 986 elementis

112 1001 177 1083 plus
200 1001 265 1062 satis
294 1000 397 1080 alioqui
420 1000 544 1061 addictos
565 999 596 1058 in
618 999 759 1060 umbratili
785 998 862 1059 cultu
886 1008 1012 1070 teneret,
1050 996 1120 1058 haec
1146 989 1256 1060 tardeu.
1292 1067 1295 1080 ⁸

115 1101 128 1138 s
150 1077 241 1138 ecialis
261 1076 315 1138 suit
333 1077 415 1152 ratio,
435 1077 510 1156 quod
529 1077 608 1136 Deus
626 1075 691 1134 Filii
710 1076 752 1136 sui
771 1074 924 1156 repulsam,
942 1073 1107 1155 gratiaeque
1125 1073 1240 1153 abipso

110 1099 209 1214 allatae
238 1160 442 1233 contemptum·
464 1149 555 1212 voluit
585 1149 713 1212 horribili
741 1172 818 1212 erem
840 1149 869 1210 lo
901 1149 930 1209 io
959 1161 1045 1230 gente
1067 1147 1115 1208 illa
1136 1148 1248 1221 ulcisci,

109 1231 213 1306 ,Quare
233 1230 286 1300 hac
308 1226 521 1289 denuntiatione
541 1225 689 1305 discipulos
711 1249 727 1286 a
745 1173 973 1308 populirehellis
987 1224 1121 1302 societate
1137 1223 1247 1286 retrahi*

113 1305 254 1386 oportuit.
302 1304 393 1368 Sicuti
412 1301 496 1362 bodie
515 1303 647 1392 quiequid
666 1303 702 1364 de
721 1304 822 1384 poenis
840 1302 991 1384 impiorum
1010 1299 1144 1380 praedicit
1163 1299 1242 1362 Scri·
1291 1351 1298 1362 .

111 1392 204 1461 ptura,
223 1403 239 1440 a
260 1379 413 1450 sceleribus
433 1399 502 1458 quae
520 1399 590 1438 rrarn
599 1377 831 1460 Dei⁸provocant
850 1397 946 1449 arcere
962 1399 1014 1453 nus
1031 1377 1123 1438 debet.
1150 1375 1247 1450 Quic7¹
1321 1409 1324 1416 ·

114 1457 181 1536 quid
201 1457 285 1516 etiam
305 1456 341 1514 de
361 1455 464 1514 caduca
485 1465 513 1514 et
529 1453 648 1515 'evanida
666 1455 764 1516 mundi
784 1455 873 1538 figura
892 1456 985 1529 docet,
1005 1453 1157 1516 uanitatem
1176 1471 1242 1512 seo-

114 1555 163 1592 sus
184 1531 274 1598 nostri
296 1530 382 1590 debet
401 1529 556 1610 corrigere,
576 1550 645 1610 quae
664 1552 796 1612 pompam
816 1543 845 1591 et
863 1530 960 1591 lurum
979 1542 1009 1594 et
1031 1527 1141 1590 delicias
1159 1528 1242 1588 nimis

113 1605 214 1686 cupide
242 1617 373 1670 sectatur.
431 1606 598 1676 Praesertim
617 1617 688 1668 vero
708 1608 784 1688 quod
801 1607 838 1668 de
856 1607 1005 1670 tremendu
1023 1604 1193 1668 Antichristi
1214 1616 1248 1674 et¹
1306 1654 1308 1664 .

113 1693 208 1746 sectae
232 1681 292 1743 eius
311 1681 426 1742 interitu
443 1683 623 1764 pronuntiat,
644 1703 769 1747 remotas
788 1703 901 1758 omnes,
926 1701 997 1763 quaa
1014 1703 1068 1744 nus
1087 1679 1248 1760 impediunt.
1267 1707 1277 1722 ν’

63 1791 68 1794 -
111 1759 144 1818 in
162 1769 243 1820 recto
262 1757 326 1819 fidei
346 1780 437 1833 cursu,
456 1759 542 1818 debet
559 1759 680 1820 auferre.
1051 1766 1054 1772 '
1083 1824 1087 1832 ,
1244 1817 1247 1822 .
1279 1775 1281 1780 ·

174 1834 216 1896 ·3.
253 1833 381 1908 Scelerate
397 1845 499 1912 quiem
517 1857 559 1896 eo.
598 1837 710 1898 Marcus
723 1837 851 1918 'quatuor
869 1833 1008 1909 nominat,
1039 1833 1169 1910 Petrum,
1193 1833 1241 1894 Ia-

114 1911 232 1988 cobum,
253 1911 392 1972 Ioannem
416 1923 444 1974 et
465 1912 618 1972 Andream.
675 1913 741 2004 lpse
763 1925 856 1974 autem
878 1923 908 1971 et
926 1911 1017 1972 Lucas
1035 1911 1125 1975 minus
1145 1909 1241 1990 expri-

112 1998 298 2067 muuttquam
321 1989 487 2050 Matthaeus.
516 1989 638 2049 Tantum
658 2011 732 2050 enim
753 1988 927 2070 quaesivisse
937 1976 1034 2046 dicunt
1055 1987 1090 2066 de
1108 1999 1242 2067 tempore
1329 2041 1334 2046 .

112 2063 211 2124 ruinae
229 2063 336 2144 templi,
355 2065 415 2141 et(
436 2063 479 2124 uia
497 2085 544 2125 res
560 2076 620 2124 erat
637 2063 757 2126 difficilis
776 2063 898 2140 creditu)
918 2063 1059 2143 quodnam
1078 2061 1138 2124 eius
1157 2081 1241 2142 prae·
1394 2081 1398 2090 ·

112 2139 222 2220 sagium
240 2141 317 2209 Deus
336 2161 353 2202 e
372 2086 454 2202 coilo
473 2139 585 2201 daturus
604 2139 688 2201 soret
727 2141 812 2220 Apud
831 2139 1005 2200 Matthaeum
1022 2159 1092 2201 vero
1111 2139 1149 2198 de
1165 2149 1240 2198 tem-

111 2235 184 2295 pore
208 2213 343 2278 adrentus
363 2216 470 2278 Christi
490 2228 519 2286 et
542 2213 788 2288 consmnmationis
813 2213 919 2282 saeculi
936 2215 1124 2308 interrogant.
1182 2211 1242 2275 Sed

112 2291 270 2366 notmdum
299 2305 356 2368 cst,
388 2313 472 2372 quum
495 2313 532 2372 pe
568 2303 661 2353 etuum
682 2291 782 2372 templi
800 2303 902 2364 statum
921 2311 937 2353 a
956 2290 1079 2374 pueritia
1096 2288 1241 2372 imaginati

113 2379 222 2444 essent,
247 2359 289 2428 ac'
321 2391 414 2430 rursus
432 2369 518 2428 in'eo
558 2368 643 2428 elixae
662 2379 873 2436 essenteorum
892 2378 1017 2442 mentes,
1040 2387 1100 2434 nou
1119 2377 1240 2450 pptasse,

111 2452 205 2504 stante
224 2390 357 2504 muncho
380 2443 462 2517 ilicio,
481 2455 539 2502 tem
558 2443 616 2504 lum
635 2463 718 2526 posse
738 2442 847 2504 collabi.
887 2443 985 2522 ltaque
1003 2440 1116 2516 simulac
1126 2441 1239 2534 peritu-

111 2527 178 2580 r‘um
200 2538 260 2597 esse
286 2467 423 2598 templum
437 2519 515 2578 ‘dixit
534 2465 676 2595 Christus,
704 2518 781 2580 ultro
804 2518 857 2580 illis
876 2519 906 2578 in
918 2521 1050 2578 mentem
1069 2529 1152 2598 venat
1167 2537 1238 2594 eun·
1263 2531 1266 2535 '

112 2595 264 2654 autumatio
291 2593 419 2655 saeculi*
458 2596 554 2674 Atque
582 2595 632 2670 (ut
659 2615 740 2656 error
764 2615 891 2666 errorem
915 2593 1008 2674 parit)
1031 2594 1097 2674 quia
1115 2591 1239 2674 persuasi
1317 2600 1319 2608 ’

114 2681 203 2742 eraut,
222 2669 312 2730 statim
332 2671 367 2740 ab
388 2670 504 2738 exordio
522 2671 605 2753 regni
622 2671 727 2732 Christi
746 2691 777 2732 se
796 2671 885 2746 modis
905 2669 1035 2732 omnibus
1054 2671 1153 2730 beatos
1166 2667 1240 2746 fure,

62 2779 65 2790 ·
112 2745 265 2825 praeterita
283 2746 395 2821 militia,
425 2747 460 2807 ad
478 2746 649 2828 triumphum
668 2748 795 2828 protinus
815 2745 975 2808 convolant
1007 2745 1141 2820 ¹Christi¹
1166 2756 1247 2828 ergo.

111 2821 263 2882 adrentum
287 2835 317 2884 ct
338 2823 435 2886 mundi
457 2821 542 2884 linem
566 2845 629 2884 cum
653 2823 751 2904 templi
774 2823 920 2886 eversione
943 2822 1136 2906 coniungunt,
1149 2820 1239 2901 ,quasi
1297 2829 1299 2835 ’

60 2948 66 2972 ,
106 2917 159 2969 ,res
185 2897 351 2970 individuas:
392 2899 532 2960 astinem
556 2901 654 2960 mundi
678 2897 765 2960 intelli
806 2911 838 2960 nt
855 2899 981 2959 ominum
1000 2897 1242 2972 iristaurationem,
1333 2942 1338 2950 ,

112 2997 151 3038 ue
162 2975 228 3056 quid
236 2976 380 3070 perfectae
388 2976 501 3056 piorum
512 2973 635 3042 felicitati
647 2976 727 3039 desit
783 2998 838 3048 une
848 2976 973 3044 videmus
982 2975 1046 3038 ideo
1055 2973 1135 3048 siqu
1141 2971 1247 3050 prosi,

112 3050 164 3114 lire
176 3051 210 3114 a‘d
218 3055 342 3122 detersas
350 3054 535 3133 quaestiones,
546 3053 610 3133 quia
621 3053 665 3113 his
674 3051 813 3132 figmentis
823 3051 948 3132 impliciti
959 3062 1037 3130 eraut
1056 3049 1156 3109 cadere
1165 3059 1240 3120 tem-

132 3128 189 3188 lum
199 3151 257 3191 uon
269 3145 360 3208 posse,
375 3129 443 3210 quin
456 3141 623 3190 concuteret
633 3140 725 3194 toturn
736 3129 843 3204 orbem,
859 3127 978 3193 eundem
988 3093 1094 3186 umbris
1105 3121 1250 3218 legalibus

152 3206 278 3282 emtore,
291 3226 376 3286 quem
385 3204 442 3265 toti
451 3206 569 3268 mundo:
582 3205 718 3268 continuo
730 3204 988 3284 postillustrandam
998 3219 1148 3283 esseregm
1156 3199 1242 3262 Chri-
1344 3215 1345 3220 ’

114 3280 150 3344 sti
163 3281 381 3364 gloriamquae
402 3281 475 3342 filius
497 3282 553 3342 Dei
571 3282 601 3340 in
620 3281 740 3342 solidum
757 3281 866 3340 bearet:
886 3280 990 3339 instare
999 3275 1134 3338 visibilem
1143 3275 1242 3338 muudi
1288 3277 1291 3292 '

112 3360 337 3433 renovationem,
350 3377 423 3440 quae
432 3375 478 3432 res
490 3359 619 3419 confusas
631 3369 777 3417 momento
787 3355 956 3427 inordinem
965 3354 1139 3430 restitueret,
1152 3353 1240 3414 Prae-

112 3437 209 3498 sertim
227 3448 323 3498 autem
344 3457 408 3516 spes
430 3436 466 3495 de
484 3434 623 3516 praesenti
643 3433 750 3494 Christi
769 3454 861 3515 regno
881 3430 966 3492 stulte
988 3441 1167 3512 praesumpta
1190 3449 1240 3490 eos

111 3512 243 3598 impellit,
258 3523 299 3570 ut
336 3524 498 3592 raepostere
516 3513 558 3572 ad‘
571 3511 679 3573 beatam
699 3509 821 3590 quietem
840 3507 985 3584 festinent.
1018 3507 1099 3574 Sicut
1111 3507 1239 3569 etAoto-

112 3611 178 3648 rum
197 3587 289 3666 capite
308 3529 384 3662 lio,
402 3580 469 3648 dum
484 3587 629 3650 Christum
647 3587 744 3648 vident
763 3607 780 3645 a
798 3582 921 3653 mortuis
934 3583 1129 3660 resurrexisse,
1144 3581 1178 3643 ad
1196 3581 1240 3658 le-

112 3665 256 3737 licitatem,
274 3681 349 3742 quae
366 3663 397 3722 in
416 3663 502 3726 coelo
516 3663 599 3725 uobis
617 3661 738 3742 reposita
756 3673 811 3737 est,
833 3662 868 3722 ad
907 3681 974 3726 uam,
993 3681 1044 3742 spe
1062 3672 1090 3724 et
1106 3655 1241 3751 patientia
1261 3679 1263 3686 ⁴

113 3760 168 3802 nos
190 3738 313 3818 aspirare
336 3740 484 3812 convenit,
513 3737 607 3820 praeci
628 3738 679 3798 it'es
696 3739 835 3800 feruntur.
906 3735 954 3798 'tsi
973 3750 1068 3804 autem
1085 3735 1176 3814 dispar
1198 3741 1241 3790 est
1282 3775 1284 3780 s

103 3825 214 3878 nostra
232 3813 313 3888 ratio,
332 3813 394 3892 quia
412 3814 443 3872 in
461 3815 546 3897 Legis
563 3760 671 3886 umbris
689 3835 749 3875 non
767 3835 862 3875 sumus
882 3803 999 3888 educati,
1019 3817 1052 3872 ut
1071 3832 1124 3873 uos
1142 3805 1187 3866 illa
1203 3805 1241 3895 fle

114 3904 232 3952 terream
252 3887 357 3950 Christi
374 3907 465 3971 regno
486 3891 646 3982 superstitio
665 3889 794 3964 infatuet,
812 3886 863 3952 vir
874 3900 968 3950 tamen
983 3887 1150 3950 centesimus
1164 3903 1249 3961 quur.

116 3987 172 4052 que
189 3963 340 4048 reperitur,
360 3959 407 4042 qui
427 3986 488 4024 non
506 3966 586 4026 simili
603 3966 791 4027 semlaboret
809 3965 920 4026 morbo.
944 3967 1018 4025 Nam
1037 3983 1123 4042 quum
1141 3977 1248 4032 omnes,

54 4057 57 4062 '
115 4067 133 4105 a
156 4039 304 4114 molestiis,
331 4039 542 4115 certaminibus,
559 4043 711 4122 ,omnique
722 4042 813 4103 crucis
832 4042 927 4122 specie
945 4052 1043 4100 natura
1061 4036 1248 4106 abhorreant,

116 4129 202 4203 negot
217 4116 323 4186 ,harum
341 4135 436 4178 rerum
454 4117 605 4192 taediun,·
617 4119 728 4179 utsiue
750 4119 957 4192 moderatione,
981 4115 1042 4176 sine
1060 4133 1115 4192 spe.
1128 4110 1163 4176 ad
1181 4133 1194 4170 s
1215 4111 1246 4184 ei
1299 4181 1304 4184 ,

116 4195 242 4256 fructum
260 4193 456 4274 iutmpestive
478 4205 643 4274 properent.
699 4193 743 4253 lta
765 4195 848 4257 litut
867 4203 1021 4254 sementem
1040 4189 1133 4250 facere
1150 4207 1170 4244 n
1210 4209 1242 4248 us

117 4271 199 4348 velit,
222 4283 329 4332 metere
350 4289 449 4331 omues
461 4281 532 4330 'ante
550 4281 662 4362 tempus
680 4271 777 4333 velint.
836 4271 877 4328 Ut
895 4269 934 4344 vad
952 4264 1102 4344 discipulos
1120 4263 1242 4340 redeam,

119 4347 226 4418 bouum
244 4349 359 4430 quidem
377 4347 443 4410 fidei
461 4366 563 4422 semen,
577 4347 676 4410 anemis
694 4341 962 4424 conceperant,‚sed
980 4341 1168 4406 maturitatem
1180 4359 1243 4406 uuo
