2804 4762
10 216 13 242 ‘
80 231 89 256 ⁸
195 227 492 306 *tlte-tae·
511 223 592 288 Acris
610 219 823 288 Pharisaeorum
841 211 1045 307 reprobatio.)·
1167 227 1226 290 2d³

96 375 313 457 nempequod,
338 399 423 471 quum
445 375 530 460 Legis
547 371 661 438 divinae
680 373 810 436 custodes
827 369 938 454 essent,
959 375 1095 460 popnlmn
1113 375 1227 440 frauda⁴
1288 418 1291 425 ·
1392 371 1393 414 l

58 485 61 489 .
92 445 164 531 bant
182 471 249 512 vera
268 456 328 516 eius
346 455 537 548 intelligentia.
579 453 661 514 Sicut
680 470 752 535 ergo
772 450 855 512 bodie
872 455 945 532 apud
964 467 1091 532 pastores
1110 456 1144 516 de
1167 454 1225 516 osi-

92 533 141 584 tae
164 539 231 587 stunt
257 529 346 592 claves
364 551 446 614 regni
465 528 626 604 coelorum,
651 539 684 587 ut
702 527 732 588 in
751 523 837 588 vitam
855 542 996 592 aeternam
1011 529 1105 594 fideles
1124 477 1226 593 admit·
1257 533 1262 543 ’

93 611 169 676 tant,
197 615 227 664 et
246 606 281 667 ab
301 609 380 669 omni
401 607 458 668 eius
477 626 528 686 spe
547 617 659 666 arceant
681 603 857 678 incredulos,
888 605 928 668 sic
941 607 1014 669 «olim
1030 607 1225 674 ,sacerdotibus

10 675 20 688 “’
94 686 125 734 et
147 679 245 744 scribis
268 684 319 744 sub
333 685 422 768 -Lege
442 683 522 756 idem
545 701 646 742 munus
669 679 826 740 iniunctum
852 679 937 743 fuit*
971 683 1127 748 Porro.ex
1151 697 1225 746 voce

92 755 438 844 ecimioecolligimus„
461 781 544 840 quam
567 756 653 820 stulte
676 745 806 836 Papiriae
827 756 1001 840 imaginarias
1026 759 1115 838 claves
1139 761 1227 822 fabri-

92 843 172 906 cent,
201 837 276 913 quasi
296 849 368 898 esset
382 837 493 920 magica
514 834 648 915 quaedam
666 845 789 914 potestas
808 832 913 912 absque
932 835 1022 898 verbo
1039 837 1104 896 Dei.
1152 841 1225 900 Naro

9 931 11 952 τ
94 902 226 970 Christus
250 911 342 973 innuit
366 935 423 975 non
446 911 515 972 alios
535 910 577 970 uti
596 910 654 984 istis
674 909 811 982 clavibus,
840 931 923 988 quam
944 911 991 990 qui
1010 908 1152 975 doctrinae
1171 915 1226 975 mi-

10 1055 11 1058 *
90 981 175 1044 nistri
199 999 272 1049 sunt.
327 990 359 1051 Si
379 990 439 1070 quis
449 985 585 1062 obiiciat,
608 985 782 1060 Pharisaeos,
799 985 867 1045 licet
885 987 1011 1066 perversi
1031 1003 1123 1050 essent
1141 987 1226 1073 Legis
1294 992 1299 1000 '

90 1057 271 1141 interpretis,
305 1065 396 1128 claves
422 1064 601 1126 nihilominus
624 1063 759 1122 tenuisse:
793 1063 967 1140 respondeo,
991 1064 1116 1140 quamvis
1139 1067 1227 1128 olficii

10 1171 11 1174 =
90 1150 221 1216 respectu
241 1143 312 1216 illis,
326 1143 491 1204 commissae
516 1139 625 1210 forent,
649 1137 753 1212 malitia
772 1149 866 1198 tamen
887 1161 919 1199 ac
939 1138 1037 1200 fraude
1056 1138 1140 1201 fuisse
1159 1135 1232 1222 sup-l

84 1231 216 1291 pressas,
236 1233 266 1278 ut
289 1219 378 1278 nullus
397 1207 535 1276 maneret'
544 1235 639 1274 earum
660 1236 734 1274 usus.
773 1215 842 1275 ldeo
864 1214 992 1278 Christus
1012 1235 1063 1280 eos
1082 1216 1225 1287 abstulisse

17 1351 18 1358 ,
89 1287 172 1365 dicit,
200 1294 246 1354 vel
272 1295 378 1356 furatos
403 1313 462 1354 esse
487 1291 693 1352 clavemillam'
705 1289 853 1364 scientiae,
878 1294 931 1371 qua
951 1291 1097 1354 coelorum
1116 1293 1226 1358 ianuam

9 1373 10 1376 ’
89 1367 200 1444 aperire
219 1370 385 1431 debuerant.
413 1367 505 1429 Sicuti
525 1366 608 1427 bodie
629 1367 658 1427 in
678 1369 784 1500 Papam
804 1365 963 1428 obseratum
983 1380 1024 1442 est
1044 1367 1155 1430 coelum
1173 1370 1227 1430 mi-

41 1491 48 1506 ,
90 1459 156 1501 sero
183 1446 308 1525 populo,
340 1445 408 1514 dum
429 1444 562 1506 ianitores
584 1443 636 1525 ipsi
662 1443 709 1519 (sa
720 1451 777 1501 tem
795 1443 905 1522 ,quibus
929 1445 1058 1525 imposita
1077 1457 1137 1506 erat
1156 1445 1226 1508 bace
1249 1441 1266 1466 “

90 1519 176 1592 cura),
194 1521 345 1600 tyrannide
364 1541 412 1581 sua
430 1519 600 1602 impediunt,
617 1537 655 1582 rte
672 1518 823 1598 aperiatur.
858 1546 861 1556 s
879 1522 972 1581 Porro
991 1522 1043 1582 nisi
1061 1521 1146 1584 simus
1165 1523 1227 1602 plus

89 1601 177 1669 (praru
195 1597 344 1671 socordes,
364 1617 460 1658 manus
480 1607 580 1677 sponte
598 1597 635 1656 im
658 1594 690 1656 iis
709 1593 835 1676 tyrannis
854 1615 914 1657 non
933 1596 1083 1675 dabimus,
1101 1599 1150 1680 qui
1173 1619 1226 1664 uos

90 1667 245 1733 crudeliter
263 1673 298 1734 ab
316 1673 443 1758 ingressu
462 1673 537 1732 vitae
555 1617 715 1751 probibent.
945 1689 946 1694 ¹
972 1695 976 1706 ¹

169 1750 216 1812 14.
258 1749 339 1828 Quia
357 1751 508 1811 comeditis
527 1750 627 1808 domos
644 1750 813 1810 uiduarum.
849 1747 980 1832 Longius
1003 1769 1083 1811 nunc
1104 1756 1225 1833 progre-

89 1818 178 1882 ditur:
204 1827 392 1918 nequeenim
411 1827 529 1904 crimina
549 1837 659 1904 tantum
675 1837 796 1899 accusat,
816 1845 887 1904 quae
904 1825 996 1906 palam
1014 1826 1082 1888 odiu
1098 1840 1126 1888 et
1145 1831 1226 1890 dcte-

89 1898 215 1964 statione
233 1903 318 1986 drgna
337 1915 430 1980 erant,
453 1903 503 1964 sed
524 1903 660 1965 virtutum
681 1901 762 1962 etiam
782 1902 864 1961 fucos
883 1901 1027 1983 abstergit,
1046 1903 1145 1982 quibus
1162 1903 1225 1985 ple-

89 1969 157 2034 bem
182 1977 325 2040 saliebant.
381 1981 497 2060 Siquis
523 1979 654 2059 excipiat,
680 1999 739 2054 non
759 1978 842 2038 luisse
861 1999 932 2058 opus
950 1978 1130 2058 reprebendi,
1154 2001 1225 2060 quae

91 2053 224 2134 exemplo
242 2077 345 2118 nocere
362 2077 421 2116 non
440 2067 587 2137 poterant,
605 2057 760 2116 tenendum
778 2054 847 2120 illud
865 2056 1000 2117 memoria
1020 2067 1078 2131 est,
1095 2077 1154 2117 oon
1174 2057 1225 2118 ali-

91 2135 138 2186 ter
160 2131 286 2210 potuisse
312 2153 411 2194 eorum
435 2129 514 2194 saluti
538 2131 661 2206 consuli,
693 2132 741 2209 qui
764 2131 919 2191 scribarum
939 2131 1081 2192 erroribus
1101 2132 1227 2194 devincti
1315 2151 1317 2156 ’

92 2219 188 2280 erant,
220 2207 274 2270 nisi
297 2209 411 2289 prorsus
435 2206 541 2286 abilis
564 2207 726 2267 deficerent.
784 2209 863 2267 llaec
886 2207 973 2290 igitur
990 2209 1061 2268 ratio
1083 2207 1227 2270 Christum
1326 2257 1329 2262 1

85 2291 147 2340 ¹co'e
170 2281 190 2342 it
208 2283 320 2346 inanem
339 2287 474 2346 virtutum
492 2287 623 2362 speciem,
643 2303 714 2361 quae
734 2282 964 2362 superstitionum
984 2283 1142 2344 fomentum
1156 2296 1225 2360 erat,

90 2364 135 2424 tra
156 2371 250 2420 n'cere.
308 2361 387 2422 Dicit
405 2361 491 2444 igitur
509 2365 546 2420 in
558 2379 678 2434 summa,
705 2359 787 2418 etiam
807 2359 855 2418 ubi
874 2373 951 2419 recte
971 2358 1225 2437 facererideutur,

9 2487 11 2502 ‚
92 2451 242 2512 perperam
260 2437 409 2519 religionis
424 2447 568 2517 praetextu
586 2434 671 2494 abuti.
704 2499 706 2506 ,
726 2435 766 2495 In
785 2431 877 2516 longis
894 2436 1024 2514 precibus
1043 2435 1155 2520 signum
1174 2437 1228 2518 alia

9 2517 11 2540 ²
113 2510 171 2573 uod
190 2524 251 2570 erat
268 2533 346 2572 rarae
365 2503 487 2590 pietatis:
506 2533 570 2571 nam
589 2532 646 2602 quo
668 2509 784 2589 quisque
803 2511 926 2572 sanctior
946 2524 998 2588 est,
1015 2513 1146 2590 precandi
1164 2525 1225 2574 stu-

92 2527 142 2643 dio
167 2587 264 2680 magis
281 2599 323 2648 est
346 2586 463 2648 deditus.
521 2586 798 2668 Pharrsaeosxautem
816 2598 852 2646 ‘et
876 2587 980 2649 scribas
1004 2589 1075 2650 adeo
1098 2587 1224 2670 impuros'

93 2677 158 2719 esse
180 2660 250 2722 dicu
274 2661 415 2736 Christus,
445 2675 539 2726 utne
562 2663 738 2744 praecipuam
763 2661 875 2742 quidem
898 2663 983 2724 divini
1007 2665 1096 2726 cultus
1114 2671 1224 2748 partem

76 2733 156 2796 sine
180 2751 297 2818 peccato
322 2741 469 2820 usu'rpept,
500 2739 562 2818 quia
586 2739 637 2802 illis
659 2740 797 2819 precandi
816 2740 958 2802 assiduitas
980 2742 1070 2824 turpis
1093 2741 1165 2804 lucri
1187 2743 1224 2804 sit

73 2815 253 2894 aucupium.
310 2815 513 2894 Neque'eirim
531 2816 620 2876 'aliter
643 2823 741 2896 pre‘ces
765 2815 925 2878 vendebant
949 2839 1032 2896 quam
1055 2817 1223 2886 mercenarii

92 2887 208 2954 diurnas
232 2912 330 2974 operas
353 2893 454 2954 locant.
503 2893 587 2953 Unde
610 2895 691 2953 etiam
711 2891 881 2975 colligimus,
904 2915 962 2953 non
981 2895 1106 2976 praecise
1124 2913 1224 2974 repre„

92 2963 178 3027 bendi
197 2968 295 3053 longas
313 2985 418 3049 preces,
441 2969 518 3046 quasi
536 2970 566 3033 in
583 2989 619 3029 ea
637 2989 669 3030 re
687 2969 784 3029 vitium
803 2971 840 3031 sit
855 2971 1050 3052 (praesertim
1061 2989 1147 3050 quum
1166 2973 1223 3030 Ec·

91 3039 193 3105 clesiae
215 3057 341 3131 paptores
364 3046 504 3126 precando
534 3045 712 3127 singulariter
740 3037 865 3113 interitus
894 3067 955 3110 esse
978 3046 1145 3128 oporteat),
1173 3043 1223 3106 sed

91 3116 165 3182 hanc
188 3121 379 3202 corruptelam
401 3121 539 3196 damnari,
569 3122 646 3200 quod
664 3141 711 3181 res
728 3141 780 3202 per
799 3143 829 3184 se
846 3122 987 3184 laudabilis
1006 3123 1035 3181 in
1054 3143 1170 3202 pravum
1188 3121 1223 3181 fi-

74 3213 158 3258 *uem
180 3217 316 3260 conversa
333 3209 414 3260 esset.
439 3199 512 3258 Nam
532 3195 581 3257 ubi
600 3217 634 3256 er
654 3197 835 3262 conducticiis
854 3199 984 3280 precibus
1000 3209 1125 3279 captatur
1137 3219 1222 3280 quae·
1323 3231 1326 3238 r

9 3287 12 3302 ’
92 3283 158 3349 stus,
181 3295 238 3356 quo
257 3274 346 3356 magis
365 3273 467 3334 crescit
479 3273 608 3340 'fervidae
627 3273 674 3350 (ut
683 3274 851 3366 loquuntur)
872 3275 1031 3336 devotionis
1048 3275 1163 3354 species,
1185 3296 1224 3336 eo.

9 3353 11 3430 J
91 3351 181 3431 magis
199 3351 364 3431 profanatur
382 3351 438 3410 Dei
456 3369 570 3412 nomen.
629 3351 773 3426 Quoniam
791 3365 885 3412 autem
904 3351 981 3490 vulpi
1000 3351 1095 3414 animis
1113 3353 1222 3433 pridem

10 3483 17 3507 ,¹
93 3423 233 3488 insederat
252 3427 318 3488 [alsa
337 3425 495 3510 persuasio,
517 3426 582 3488 ideo
601 3427 725 3507 asperius
745 3427 795 3488 illis
813 3429 936 3488 ruiuatur
970 3427 1096 3488 'hristust
1129 3447 1223 3508 neque
1259 3499 1262 3503 ¹

9 3513 11 3570 ξ
94 3503 171 3564 enim
189 3503 252 3563 leve
271 3503 378 3564 crimen
399 3505 501 3565 estrei
520 3516 575 3564 tam
595 3523 688 3564 sacrae
706 3503 835 3585 pollutio.
879 3505 983 3564 Viduas
1002 3515 1094 3564 autem
1113 3503 1222 3585 praeci-

9 3593 11 3690 :
66 3598 150 3711 'Pie
170 3579 258 3712 {pltare
281 3581 806 3716 iimrmi‘im·”⁰⁰beit'·hqul³’
833 3581 974 3716 qpumnad
993 3583 1222 3717 superstipiorpgrlu
1263 3606 1270 3628 ³
1307 3613 1326 3632 s

9 3707 20 3816 'p
93 3673 179 3788 ttt
197 3675 258 3792 di.
274 3677 558 3794 liubililiudlt
573 3677 760 3794 {attat
775 3677 1158 3810 ttuttttttttt
1173 3712 1253 3800 ar·
1310 3779 1311 3782 γ

9 3821 10 3864 l
93 3804 186 3882 privas
204 3805 308 3884 ducant
328 3807 515 3884 mulierculas,
534 3821 662 3870 oneratas
681 3812 801 3888 peccatis
821 3808 875 3886 (11.
894 3808 1144 3885 timothaeo).

171 3883 218 3942 15.
258 3881 339 3960 (luto
359 3887 601 3945 circuitis-murt.
639 3887 706 3946 Hoc
730 3905 846 3964 quoque
865 3885 930 3948 telo
949 3887 1080 3954 ¹favorem
1101 3883 1222 3946 tibiam
1249 3915 1255 3935 s

9 3989 10 4000 r
93 3955 244 4036 quisieraut
267 3958 388 4034 scribae,
417 3960 494 4051 qu'od
515 3962 661 4022 studerent
683 3961 717 4020 ad
732 3959 907 4044 religionem
927 3964 1066 4024 Iudaicam
1084 3959 1222 4020 adducere

94 4045 207 4093 exteros
227 4045 257 4093 et
274 4033 495 4097 incircumcisos.
540 4038 641 4118 ltaque
660 4037 684 4098 si
703 4057 786 4120 quem
805 4037 861 4098 suis
881 4037 1019 4118 illecebris
1037 4037 1083 4100 vel
1101 4034 1156 4096 alio
1175 4055 1221 4102 tr*
1279 4043 1284 4054 '

94 4109 182 4170 titicio
212 4109 397 4189 pellexerunt,
448 4109 505 4172 nasi
532 4125 624 4192 aucta·
638 4113 765 4172 Ecclesia
790 4113 876 4174 miros
903 4115 1025 4196 agebant
1053 4109 1219 4202 triumphos.

9 4199 10 4232 t
94 4184 276 4248 trinacriam
294 4192 338 4247 ma
360 4189 389 4247 ni
410 4133 520 4268 plausus
538 4187 667 4271 auulgo,
686 4189 763 4269 quod
783 4189 953 4270 alienigenas
966 4209 1020 4265 sua
1037 4185 1173 4246 industria
1192 4194 1227 4244 et
1265 4212 1267 4220 ¹

93 4261 197 4324 virtute
214 4263 272 4338 Dei
290 4208 430 4330 Ecclesiae
449 4265 614 4324 insererent.
653 4263 781 4339 Christus
799 4276 894 4324 autem
914 4283 949 4323 ex
966 4263 1083 4323 adverso
1091 4267 1240 4354 pronulrae*

9 4396 13 4412 ,
36 4361 40 4368 ’
94 4337 158 4420 tiat,
175 4340 204 4402 id
222 4340 345 4404 studium
364 4343 435 4404 adeo
453 4341 519 4424 ipsis
536 4360 596 4401 nou
615 4339 735 4402 dandmn
754 4337 932 4434 asserendi,
945 4339 1053 4477 ult613ei
1070 4338 1221 4403 sudetur
1309 4405 1319 4414 ,

362 4523 378 4565 Ι,
667 4526 676 4564 t
