2804 4762
328 183 349 216 l
377 239 390 259 ‘
421 171 505 301 (lli8.
547 227 594 288 De
612 229 732 312 argento
753 225 840 290 serris
860 217 995 305 credito.)¹
1099 279 1102 284 .
1216 229 1272 294 191

140 367 223 456 Quid
245 369 317 464 ergo
336 379 390 442 sibi
408 379 481 455 vult,
527 377 586 442 uod
604 365 799 460 paterfamilias
818 366 1057 464 dicitursingulis
1073 379 1134 464 plus
1153 380 1199 444 tel
1217 383 1273 444 sui·-

138 480 195 518 nus
215 457 405 534 committere,
421 400 573 518 secundum
592 455 728 538 cuiusque
746 455 940 526 1311111101ηῆ
974 460 1086 552 Nempe
1104 459 1167 540 quia
1183 459 1272 536 Deus,

138 545 230 614 prout
248 555 389 614 quemque
407 534 552 616 disposuit,
572 544 603 594 et
621 531 794 594 naturalibus
813 534 924 596 ornarit
942 534 1036 611 donis,
1055 536 1196 596 startiam
1211 533 1272 596 laoc
1369 577 1371 582 ·

139 609 188 672 vel
211 608 280 669 illud
303 610 439 692 iniungit,
463 609 492 670 iu
511 609 595 680 rebus
613 610 729 693 agendis
739 621 874 686 inesset,
898 611 1081 693 provehited
1096 613 1185 674 varias
1204 611 1272 672 fune·

141 684 261 761 ctiones,
281 687 423 748 materiam
441 685 583 767 praeclare
600 685 702 769 agendi
717 686 883 824 qqppeditat,
902 685 1079 750 occasionem
1099 688 1182 750 etlam
1200 709 1271 772 pro-

139 761 233 896 ponit.
271 762 390 823 Ridicnli
408 781 477 824 vero
497 773 563 824 sunt
581 761 716 840 Papistae,
754 784 802 822 um
822 761 887 824 binc
906 763 1042 847 colligunt
1063 764 1179 850 singulis
1198 769 1292 826 con-'

155 838 213 898 erri
232 837 287 898 Dei
310 840 382 899 dona
407 837 563 900 secundum
580 837 677 898 meriti
692 839 735 899 sui
753 839 878 900 modum.
916 839 989 900 Nam
1009 840 1061 902 etsi
1079 855 1160 904 retus
1179 843 1270 903 inter-

140 934 208 993 pres
226 934 331 976 nomcn
348 919 472 975 uirtutis
492 913 595 995 posuit,
618 933 678 974 non
695 913 846 990 intellexit,
864 927 951 996 prout
969 937 999 977 se
1019 918 1160 998 gesserint
1176 917 1270 979 bomi-
1340 925 1353 964 ⁸

141 1009 194 1050 nes
212 989 374 1072 laudemque
392 991 510 1054 uirtutis
523 989 617 1071 adepti
636 991 705 1064 sint,
727 989 859 1052 divinitus
877 992 985 1067 ornam,
1006 993 1056 1052 sed
1074 1005 1182 1054 tantum
1219 1015 1271 1071 ua·
1291 1001 1308 1034 ⁸

141 1077 223 1127 tenus
239 1067 357 1130 idoneos
375 1067 570 1150 paterfamilias
588 1066 729 1129 iudicarit.
747 1067 867 1126 ecimus
886 1073 988 1141 autem,
1008 1069 1150 1130 neminem
1169 1091 1185 1130 a
1233 1090 1269 1132 eo

31 1175 36 1182 =
136 1141 271 1204 ‘idoneum
295 1145 416 1225 reperiri
438 1145 531 1204 donec
555 1141 664 1204 fecerit.
687 1153 690 1158 “
713 1143 751 1202 Et
773 1159 907 1226 graecum
930 1163 1037 1205 nomen
1061 1148 1181 1222 δύναμις,
1211 1149 1268 1228 quo
1373 1196 1381 1202 .

55 1236 63 1250 ‘
140 1225 205 1280 usus
222 1231 264 1280 est
285 1219 426 1294 Christus,
446 1217 523 1282 omui
543 1219 724 1300 ambiguitate
742 1229 828 1298 caret.
901 1223 906 1247 ‘

213 1297 261 1358 m.
302 1297 366 1374 Oui
382 1301 512 1375 quinque
530 1297 656 1356 totamm
696 1293 838 1354 Dicuntur
856 1288 1005 1378 negotiari,
1024 1295 1072 1378 qui
1087 1293 1200 1358 utiliter
1214 1298 1270 1359 im:

136 1371 269 1450 pendunt
291 1371 424 1452 quicquid
442 1374 528 1432 Deus*
543 1371 616 1452 apud
634 1370 711 1453 ipsos
729 1369 865 1462 deposuit.
908 1373 1026 1433 Piorum
1046 1373 1121 1434 emm
1140 1373 1198 1434 rita
1216 1395 1270 1435 ue-

136 1447 293 1542 gotiationi
312 1456 376 1528 apte
395 1447 550 1523 confertur,
568 1448 635 1528 quia‘
651 1445 726 1508 ultro
745 1457 875 1528 citroque?
893 1449 928 1512 ad
942 1447 1091 1510 fovendam
1103 1449 1270 1526 societatem
1355 1513 1360 1526 ,

135 1535 215 1584 mter
234 1531 265 1582 se
284 1521 451 1584 contrahere
469 1523 587 1588 debent:
610 1523 865 1597 insusurrantem,
889 1547 943 1607 qua
962 1524 1079 1606 quisque
1094 1547 1198 1588 munus
1216 1527 1270 1588 sibi

136 1599 301 1659 mandatum
320 1599 493 1680 exsequitur,
515 1601 524 1659 i
545 1621 631 1682 saque
647 1601 772 1675 vocatio,
792 1599 906 1662 facultas
924 1601 1001 1662 bene
1017 1604 1133 1686 agendi,
1155 1616 1184 1664 et
1202 1603 1270 1682 reli·

138 1695 194 1755 qua
211 1675 289 1736 dona
305 1675 335 1736 in
354 1675 493 1738 mercibus
512 1621 695 1758 diputantur,
719 1676 836 1760 quiam
855 1676 930 1740 bunc
949 1689 1034 1740 usum'
1051 1691 1080 1741 et
1098 1679 1185 1741 finem
1203 1701 1269 1762 spc-

111 1763 113 1772 ’
137 1752 232 1826 etant,
246 1763 277 1811 ut
295 1763 391 1812 mutua
409 1752 445 1813 sit
462 1753 538 1815 inter
558 1754 686 1814 homiues
704 1753 931 1816 communicatio.
959 1753 1079 1817 Fructus
1092 1763 1199 1833 autem,
1218 1779 1269 1818 cu-

137 1828 182 1888 ius
203 1827 333 1900 meminit
357 1828 499 1905 Christus,
525 1829 682 1891 communis
702 1841 745 1892 est
762 1829 877 1906 utilitas,
901 1851 972 1912 quae
991 1832 1047 1892 Dei
1065 1831 1184 1918 gloriam
1202 1833 1292 1906 illus,

137 1915 215 1966 strat.
255 1904 424 1987 Quanquam
445 1907 520 1968 enim
534 1909 620 1968 'Dens
640 1927 725 1989 opera
744 1919 840 1968 nostra
859 1929 926 1984 non.
939 1907 1056 1984 ditatur,
1081 1931 1135 1972 nec
1155 1910 1268 1988 crescit,

136 1992 171 2040 ut
187 1991 283 2042 tamen
302 1984 418 2062 quisque
435 1984 567 2046 fratribus
585 1983 642 2046 suis
660 1985 779 2046 maxime
798 1985 920 2063 prodest,
940 2005 972 2044 ac
991 1985 1096 2047 utiliter
1117 1987 1148 2046 in
1167 2009 1267 2048 eorum

137 2057 256 2118 salutem
278 2059 485 2138 accommodat,
553 2081 587 2122 ae
605 2082 621 2120 a
639 2061 705 2122 Deo
724 2061 841 2141 accepit·
853 2061 940 2135 dona,
964 2061 1003 2121 ita
1022 2063 1125 2123 dicitnr
1142 2062 1267 2126 fructum
1293 2059 1297 2068 ⁴

137 2133 312 2196 veltuorum
329 2135 383 2217 ipsi
401 2137 467 2197 Deo
485 2158 501 2195 a
526 2158 598 2198 erre.
640 2136 727 2198 Tanti
747 2137 821 2196 cuim
840 2135 988 2197 hominum
1006 2139 1122 2200 salutem
1139 2141 1267 2201 aestimat

135 2209 269 2272 coelestis
286 2212 390 2287 Pater,
420 2223 453 2272 ut
474 2210 606 2292 quicquid
629 2212 659 2272 iu
683 2233 743 2292 eam
762 2212 911 2274 confertur
929 2211 959 2272 in
978 2233 1039 2292 suas
1057 2215 1180 2276 rationes
1198 2216 1268 2279 uelit

134 2287 247 2348 referri.
283 2288 380 2349 ¹Porro
398 2305 437 2349 ue
450 2286 504 2348 'fati
526 2309 607 2364 emur
622 2287 698 2347 bene
716 2289 843 2370 agendo,
862 2287 1029 2368 pronuntiat
1049 2289 1187 2363 Christus,
1206 2311 1267 2352 non

101 2422 103 2424 .
134 2363 250 2424 irritum
273 2363 336 2424 fore
362 2385 461 2427 comm
484 2308 624 2436 laborem,
647 2363 696 2442 qui
715 2383 745 2422 se
763 2361 881 2424 fideliter
898 2365 929 2422 in
948 2383 996 2421 sua
1015 2364 1166 2424 vocatione
1185 2377 1267 2429 exer-

135 2439 257 2501 cuerint.
296 2439 381 2518 apud
403 2442 518 2500 Lucam
541 2439 609 2500 dicit
631 2437 743 2516 praefici
766 2437 889 2518 quinque
911 2437 1041 2514 urbibus,
1069 2438 1118 2520 qui
1143 2439 1209 2520 quin
1250 2463 1267 2504 e

135 2516 228 2574 minas
246 2514 367 2574 lucratus
384 2515 433 2574 sit:
451 2516 552 2594 quibus
569 2513 663 2575 verbis
684 2512 815 2594 exprimit
832 2513 918 2595 longe
937 2513 1017 2574 aliam
1039 2513 1121 2598 regni
1140 2514 1182 2576 sui
1200 2537 1266 2600 go-

135 2591 209 2651 riam
233 2589 299 2648 fore
321 2588 420 2651 ultimo
445 2591 582 2666 adventu,
605 2595 687 2671 qaam
710 2609 787 2653 rrunc
805 2600 943 2672 appareat
1000 2590 1179 2654 Nuncenim
1201 2607 1265 2655 tan-

94 2682 96 2686 ·
135 2686 221 2748 quam
239 2663 364 2727 absentis
382 2665 495 2748 negotia
512 2665 656 2736 laboriose
674 2687 816 2728 curamus:
838 2681 907 2732 tunc
926 2667 1106 2750 veroampla
1126 2682 1156 2730 et
1168 2671 1265 2740 multi-

133 2743 201 2824 plex
220 2739 364 2802 honorum
382 2743 462 2824 copia
482 2742 560 2804 eiad
579 2765 692 2804 manum
711 2753 850 2826 suppetet,
871 2765 924 2824 qua
941 2745 1088 2828 magnifice
1107 2767 1162 2808 nos
1181 2747 1283 2810 eaor-⁴

134 2830 197 2880 net.
236 2815 398 2898 Simplicior
417 2831 459 2880 est
476 2817 610 2902 loquendi
629 2819 719 2880 forma
736 2841 753 2880 a
773 2820 810 2880 ud
828 2820 1009 2898 Matthacum,
1027 2823 1116 2888 Intro
1135 2827 1166 2883 a'n
1184 2846 1265 2906 gou-

133 2897 219 2958 dium
243 2896 360 2954 Domim
378 2901 440 2955 tui:
470 2917 524 2988 qua
543 2896 681 2979 significat
698 2841 793 2974 fidelis
810 2916 919 2974 servos,
942 2917 1063 2978 quorum
1082 2898 1176 2960 officia
1193 2922 1264 2976 pro·
1299 2952 1301 2956 .
1358 2937 1359 2943 1

133 2972 259 3046 baverit,
284 2971 382 3034 beatae
406 2994 534 3034 omnium
557 2973 700 3034 bonorum
722 2973 882 3038 affluentiae
905 2995 1000 3041 seeum
1023 2975 1088 3046 fore
1107 2987 1262 3044 consortm

134 3049 194 3110 Sed
213 3047 363 3130 quaeritur,
383 3049 449 3128 quid
468 3050 520 3110 sibi
531 3049 607 3110 'velit
624 3051 701 3130 qnod
718 3051 834 3126 additur,
860 3052 987 3126 Auferte
1004 3053 1075 3111 huic
1093 3055 1212 3122 minam,
1232 3055 1263 3112 ct

133 3125 207 3185 dote
226 3127 318 3184 alteri
342 3130 395 3204 qut
413 3121 511 3186 decem
529 3127 634 3185 tator,-
668 3147 730 3186 nam
752 3129 820 3187 tunc
844 3127 962 3188 cessabit
985 3129 1077 3189 omnis
1098 3128 1263 3210 negotiandi

131 3201 216 3262 ratio.
254 3201 437 3282 Respondeo‚
457 3203 592 3263 memoria
609 3204 763 3262 tenendum
783 3223 853 3278 esse,
872 3204 947 3282 quod
966 3205 1042 3282 prius
1056 3203 1197 3278 admonui,-
1216 3227 1262 3266 er-

132 3297 197 3338 rare
211 3297 271 3339 'eos
295 3277 344 3362 qui
366 3270 667 3362 scrupulirse‘singulis
688 3279 827 3358 particulis
850 3279 989 3340 insistunt.
1034 3279 1193 3343 Germanus
1211 3304 1261 3342 au-

133 3365 194 3413 tem
216 3375 313 3414 sensus
338 3368 392 3416 est:
427 3355 536 3416 etiamsi
559 3377 635 3415 nunc
658 3355 753 3438 ignavi
773 3353 931 3436 etinutiles
949 3355 1022 3417 servi
1041 3357 1161 3440 Spiritus
1180 3359 1261 3419 donis

133 3427 264 3493 instructi
282 3433 346 3506 sints
364 3433 478 3500 tandem
498 3430 628 3493 omnibus
647 3434 781 3492 nudatum
800 3431 843 3506 iri,
863 3435 896 3492 lat
915 3453 1014 3492 eorum
1030 3434 1124 3516 iuopia
1138 3435 1261 3516 probro-

92 3559 96 3566 .
132 3525 218 3585 saque
240 3519 347 3601 egestas
367 3510 396 3567 in
416 3509 533 3592 gloriam
547 3509 695 3584 bonorum
714 3509 803 3574 cedat.
846 3510 909 3568 llos
928 3519 1021 3569 autem
1038 3511 1156 3596 ignavos
1176 3511 1260 3572 Chri-

132 3593 191 3646 stus
215 3583 283 3644 dicrt
305 3584 350 3644 vel
374 3585 510 3663 talentum
535 3585 580 3647 vel
602 3585 706 3646 mutam
725 3586 776 3646 sub
799 3597 917 3658 terram·
928 3586 1076 3665 defodere,
1105 3588 1169 3669 quia
1192 3591 1259 3646 dum
1358 3620 1362 3625 -

35 3665 39 3675 ’
75 3683 80 3690 ’
133 3658 195 3716 otio
215 3670 244 3718 et
264 3657 368 3742 deliciis
386 3661 442 3722 suis
462 3661 623 3736 consulunt,
644 3655 711 3720 nihil
731 3661 826 3722 subire
844 3659 944 3722 volunt
964 3665 1133 3744 molestiam!
1159 3685 1259 3754 quem-

131 3733 283 3793 admodum
301 3735 430 3798 ·videmus
453 3759 506 3822 per
528 3738 646 3814 multos,
671 3739 736 3798 dum
755 3737 808 3800 sibi
826 3739 936 3818 suisque
955 3743 1109 3801 commodis
1128 3739 1258 3818 privatim

132 3807 236 3870 addicti
259 3822 337 3886 sunt,
364 3813 563 3897 subterfugere
587 3815 681 3874 omnia
700 3814 820 3884 caritatis
841 3813 945 3892 officia,
977 3837 1032 3877 nec
1050 3817 1136 3876 ullum
1155 3813 1258 3874 babere
1333 3824 1336 3830 '

55 3955 61 3961 ‚
132 3886 292 3948 communis
309 3887 509 3950 aedificationis
525 3902 691 3972 respectum.
722 3892 822 3966 Quum
838 3891 940 3952 dicitur
958 3891 1160 3974 paterfamilias,
1200 3899 1257 3948 ost-

131 3983 216 4042 quam
239 3957 367 4024 reversu¹s
397 3962 451 4039 est',
479 3987 593 4027 vocasse
617 3987 712 4028 servos
738 3969 772 4028 ad
794 3968 945 4028 rationem:
979 3967 1061 4028 sicuti
1085 3967 1150 4026 hinc
1174 3909 1257 4026 donis
1357 3995 1364 4008 *v

132 4038 317 4119 concipienda
343 4051 387 4100 est
408 4040 547 4114 alacritas,
572 4043 634 4123 quia
657 4065 687 4104 se
706 4043 865 4126 intelligunt
884 4063 999 4124 operam
1018 4041 1132 4102 minime
1151 4041 1257 4115 ludere,

130 4115 170 4174 ita
193 4137 304 4178 marsum
327 4115 415 4199 pigris
437 4129 467 4184 et
489 4119 632 4179 desidiosis
655 4141 715 4179 non
738 4119 806 4182 levis
825 4121 950 4182 inlicitur
969 4132 1070 4179 terror.
1110 4117 1257 4179 Discamua

47 4211 52 4218 ·
129 4211 211 4286 ergo,
229 4205 378 4274 autequam
397 4193 526 4256 adueniat
534 4196 684 4274 Dominus,
702 4209 733 4258 et
751 4196 886 4275 calculum
904 4194 1054 4255 uobiscum
1070 4205 1167 4271 ponat,
1184 4214 1256 4274 quo·
1344 4245 1347 4265 ,

128 4268 197 4330 tidie
215 4271 296 4332 nori
316 4292 362 4332 sos
381 4285 486 4352 sponte
502 4293 615 4352 urgere.
810 4325 811 4328 ,
1115 4351 1116 4354 ¹
1235 4277 1237 4284 “
1283 4309 1287 4326 ι

202 4349 250 4412 24.
317 4357 436 4411 comam
460 4359 506 4422 ts,
532 4349 612 4428 quod
632 4349 716 4408 homo
738 4349 833 4409 dorus
856 4349 908 4405 sis.
934 4339 1032 4428 [Haec
1051 4341 1167 4406 durities
1186 4345 1255 4405 ubit
