2796 4774
407 217 488 296 (wll.
529 217 614 280 Iudae
635 217 787 300 proditoris
804 217 906 324 mors)
1009 269 1024 286 „
1116 223 1207 288 ‚ele

85 389 157 431 num
174 370 252 431 Deus
270 387 330 430 non
347 367 506 462 admoveat,
524 367 625 451 impios
643 381 739 432 tamen
758 390 824 432 auae
842 369 1007 454 cupiditates
1024 369 1205 453 maisin,

84 460 120 508 nt
142 458 276 508 votorum
295 467 409 507 suorum
432 447 514 527 potiti
537 467 596 508 non
614 448 700 510 modo
718 466 750 507 se
769 447 899 510 abdicent
916 448 1041 510 inanium
1061 448 1205 514 bonorum

84 522 239 599 fruitione,
261 523 310 583 sed
331 521 397 584 inde
413 522 507 604 potius
530 521 645 601 laqueos
667 523 720 584 sihi
743 523 899 586 conficiant
938 525 1089 588 Caeterum
1107 548 1205 607 quam·

85 597 129 658 vis
155 597 213 659 siut
234 598 276 660 sui
299 599 455 674 carnifices,
491 619 612 682 poenam
634 619 651 658 a
673 620 704 660 se
728 599 881 681 exigendo,
903 601 972 662 nihil
995 603 1031 664 de
1055 603 1204 664 atrocitate

85 673 146 735 irae
168 673 224 734 Dei
246 673 340 738 levant
363 685 412 735 aut
433 675 572 736 minuunt.
609 675 676 738 Non
699 676 769 735 lieet
793 696 842 734 eos
866 679 990 740 mittere.
1028 679 1105 740 Hinc
1129 679 1206 742 clare

106 761 177 826 atet,
208 749 365 832 hypocritas
388 762 530 812 externam
551 751 637 812 modo
664 750 769 812 larvam
795 753 927 812 sectando
946 774 1035 816 crasse
1054 777 1117 816 cum
1136 756 1204 817 Deo
1325 833 1330 836 -

84 770 195 888 ludere:
225 827 311 886 niodo
331 847 368 888 ne
385 848 466 888 suurn
485 826 599 888 Corhan
638 825 783 902 rolanent,
806 826 836 889 in
854 826 967 907 reliquis
985 849 1016 890 se
1034 851 1119 924 puros
1141 849 1204 893 esse

84 903 213 984 fingunt,
240 923 296 964 nec
312 903 423 964 solliciti
440 913 506 965 sunt
523 845 684 982 desolaris
700 902 844 984 pastione,
866 925 921 984 qua
938 924 969 965 se
990 905 1046 966 Dei
1063 906 1204 970 vindictae

85 999 149 1038 non
167 979 359 1060 minusquam
383 979 467 1041 Iudas
487 977 702 1042 obstrinxerant
741 978 851 1054 Quodsi
873 980 995 1061 pretium
1012 983 1154 1064 sanguinis
1172 983 1204 1043 in

85 1075 168 1116 sacro
187 1053 316 1116 thesauro
335 1057 492 1136 recondere
509 1052 590 1118 nefas
607 1067 681 1132 erat,
713 1077 763 1116 cur
802 1055 876 1118 otius
893 1055 971 1116 licuit
991 1054 1056 1118 iride
1075 1055 1204 1126 sumere?

62 1188 65 1191 .
85 1151 179 1210 neque
204 1131 280 1204 enim
302 1131 358 1194 nisi
386 1153 419 1193 ex
440 1129 539 1212 templi
563 1131 751 1193 oblationibus
790 1132 871 1192 ivites'
894 1143 1070 1208 erannnec
1093 1132 1205 1194 aliunde

85 1218 229 1287 sumptum
253 1219 326 1282 erat,
359 1209 438 1288 quod
460 1227 535 1268 nnnc
557 1218 690 1287 tanquam
711 1207 849 1300 pollutum
872 1209 1103 1270 rursusmiscere
1121 1208 1204 1270 dnbi-
1290 1241 1293 1249 =

84 1293 157 1342 tant
194 1285 279 1346 Unde
297 1295 390 1362 qutem
408 1283 525 1362 pollutio
543 1283 597 1344 nisi
614 1284 649 1343 ab
668 1282 751 1374 ipsis?
791 1285 883 1344 Porro
903 1303 961 1364 quo
979 1285 1068 1368 magis
1085 1305 1135 1345 sua
1150 1285 1205 1346 fla·

84 1358 156 1440 gitia
169 1369 272 1440 tegere
291 1371 430 1418 conantur
445 1359 536 1438 impii,
555 1379 591 1420 eo
609 1380 698 1442 magis
716 1360 751 1420 ad
772 1379 805 1420 ea
824 1359 986 1442 publicanda
1004 1361 1131 1443 invigilat
1140 1362 1206 1422 Do·

83 1433 187 1497 miuus.
211 1491 215 1497 .
243 1435 399 1524 Sperahant
423 1433 544 1496 honesto
568 1435 764 1530 integumento
791 1435 931 1518 sepultum
959 1436 995 1496 iri
1023 1437 1144 1513 crimen,
1181 1435 1205 1498 si
1270 1509 1272 1514 .

84 1529 186 1590 agrurn
210 1510 334 1570 stcrdcin
358 1509 522 1602 sepeliendis
545 1510 699 1593 hospitibus
722 1525 857 1574 emerent.
900 1511 990 1591 Atqui
1008 1511 1063 1573 hoc
1085 1512 1205 1574 adrnira-

83 1585 149 1646 bilis
167 1585 224 1646 Dei
242 1585 418 1666 providentia
441 1587 471 1646 in
495 1588 666 1649 contrarium
685 1599 817 1650 eventum
829 1590 992 1664 convertit,
1019 1601 1054 1650 ut
1071 1609 1139 1672 ager
1156 1587 1205 1650 ille
1226 1607 1228 1618 ¹

126 1661 165 1722 asi
183 1673 328 1731 aeternnm
346 1663 507 1725 memoriale
525 1664 605 1726 foret
620 1665 679 1726 eins
697 1664 974 1744 proditionis,iquae'
991 1665 1067 1745 prius
1086 1663 1204 1729 obscura

99 1749 189 1800 uerat.
227 1739 327 1818 Neque
346 1739 421 1800 enim
438 1759 542 1800 nomen
560 1740 614 1821 ipsi
631 1742 697 1802 loco
714 1740 889 1816 indiderunt,
908 1740 958 1800 sed
976 1752 1121 1832 postquam
1138 1741 1203 1803 vul·

83 1835 126 1899 go
153 1835 198 1876 res
220 1813 358 1891 innotuit,
383 1815 497 1896 publico
520 1838 661 1879 consensu
684 1829 802 1879 vocatus
825 1828 868 1878 est
888 1837 957 1899 ager
978 1816 1024 1878 ille
1047 1816 1204 1900 sanguinis:

83 1889 143 1954 acsi
161 1892 239 1952 Deus
257 1890 368 1952 illorum
387 1891 523 1973 probrum
543 1894 664 1956 iussisset
681 1892 799 1954 volitare
818 1893 847 1951 in
866 1893 992 1952 omnium
1009 1891 1047 1971 lin
1070 1895 1118 1954 uis.
1150 1893 1204 1956 Se-

83 1967 224 2050 pulturam
248 1987 318 2028 vero
342 1968 497 2050 peregrinis
521 1977 620 2030 eilrare
644 1969 787 2051 plausibile
805 1968 872 2048 luit,
892 1969 922 2031 ai
947 1990 1018 2050 quos
1036 1913 1204 2052 liierosoly-

82 2065 148 2104 mae
166 2041 238 2102 mori
258 2043 447 2124 contingeret,
462 2045 518 2124 'qui
537 2067 570 2106 ex
588 2045 748 2128 longinquis
765 2041 928 2127 regionibus
948 2044 1117 2106 sacrificandi
1136 2068 1203 2108 cau-

83 2141 115 2182 sa
133 2118 198 2179 illuc
216 2121 405 2180 ascenderant.
444 2121 589 2196 Quoniam
610 2135 703 2181 autem
726 2141 790 2200 pars
815 2131 875 2180 erat
898 2141 932 2178 ex
958 2119 1114 2196 Gentibus,
1142 2141 1203 2182 non
1258 2145 1260 2156 ·

83 2195 228 2276 improbo,
248 2195 325 2286 quod
335 2205 445 2256 veteres
463 2196 573 2275 quidam
592 2197 771 2276 scripserunt,
790 2195 845 2256 hoc
863 2193 992 2274 symbolo
1010 2195 1101 2256 datam
1118 2196 1204 2258 fnisse

84 2292 165 2353 spem
184 2269 276 2335 saluus
297 2267 452 2346 Gentibus,
475 2271 539 2351 quia
560 2271 591 2330 in
610 2272 702 2350 pretio
721 2269 819 2330 mortis
840 2269 942 2329 Christi
959 2269 1081 2330 inclusae
1098 2282 1201 2333 essent.

84 2349 145 2412 Sed
168 2347 230 2428 quia
248 2345 348 2407 subtile
367 2367 410 2406 ine
433 2345 455 2406 is
511 2369 554 2406 ain
572 2347 682 2406 firmum
702 2359 744 2407 est
762 2356 966 2419 commentum,
991 2343 1022 2403 in
1041 2346 1133 2405 medio
1155 2365 1202 2407 re-

83 2427 192 2505 linquo.
250 2423 363 2484 Nomen
420 2422 471 2482 orb
509 2441 525 2482 a
551 2422 721 2484 chaldaicum
744 2433 798 2498 est,
828 2421 978 2482 deductum
1005 2439 1040 2480 ex
1069 2420 1202 2486 hebraico

90 2513 170 2584 qt'tp,
190 2497 269 2562 cuius
286 2497 350 2559 alibi
369 2497 441 2558 sacta
460 2498 514 2558 luit
532 2499 649 2558 mentio.
994 2508 998 2528 ¹
1105 2531 1132 2568 ,»

161 2578 190 2636 9.
212 2577 292 2634 Tune
313 2577 463 2652 impletum
481 2584 527 2634 ert
540 2585 595 2635 ete.
617 2570 771 2650 Quomodo
789 2571 926 2634 Ieremias
943 2591 1049 2634 nomen
1068 2572 1203 2656 obrepse-
1283 2619 1299 2639 -.

83 2651 138 2726 rit,
156 2649 330 2711 menescire
346 2651 449 2726 fateor,
472 2671 526 2712 nec
545 2650 628 2724 anxie·
642 2649 752 2712 laboro:
778 2653 858 2711 ‘certe
877 2649 1012 2710 Ieremias
1031 2671 1136 2712 nomen
1156 2661 1203 2714 er·
1283 2715 1288 2724 ,
1309 2687 1313 2694 ·

84 2745 153 2791 rore
193 2725 295 2788 ositum
314 2745 379 2787 esse·
391 2747 443 2818 pro
460 2726 591 2788 Zacharia
610 2727 674 2804 (13,
693 2728 751 2804 7.),
769 2747 815 2787 res
834 2727 892 2808 ipsa
911 2727 1047 2788 ostendite
1074 2727 1138 2808 quia
1156 2726 1202 2788 ni-

84 2804 125 2866 hil
142 2747 197 2864 tale
214 2803 286 2882 apud
303 2803 450 2864 Ieremiam
467 2801 584 2886 legitur,
602 2803 648 2864 vel
667 2803 750 2894 eliani
768 2803 843 2894 quod
860 2789 983 2864 accedat.
1007 2803 1090 2864 Alter
1106 2815 1202 2866 autem

13 2905 14 2910 ¹
83 2878 240 2952 illelmus,
258 2878 312 2940 nisi
330 2879 426 2940 dextre
444 2881 683 2955 accommodetur,
701 2901 731 2939 in
749 2879 869 2941 ahenum
887 2897 997 2944 sensum
1015 2879 1086 2940 male
1103 2881 1201 2940 detor-

84 2971 132 3019 tus
149 2953 240 3018 videri
259 2956 359 3037 possit:
381 2960 479 3016 vernln
496 2955 520 3017 si
539 2955 662 3040 regulam
679 2967 821 3031 tenemus,
845 2977 928 3046 quain
946 2955 977 3016 in
997 2955 1105 3016 citanda
1121 2951 1201 3014 Scri-
1276 2975 1279 2984 ·

13 3073 15 3082 ·
49 3063 54 3068 ·
85 3045 168 3116 ptura
187 3031 298 3112 sequuti
319 3043 385 3092 sunt
402 3031 547 3112 Apostoli,
576 3053 611 3092 co
653 3033 693 3093 'tii
715 3031 795 3092 facile
815 3045 882 3106 erit,
910 3042 975 3111 apte
997 3030 1110 3093 Christo
1130 3049 1202 3120 con·

86 3129 191 3194 gruere
222 3107 298 3188 quod
326 3107 381 3168 illic
411 3107 539 3174 babetur.
599 3053 752 3187 ngsttqum
782 3127 836 3168 con
857 3118 951 3169 uestis
979 3117 1023 3168 est
1051 3106 1202 3182 Dominus,

86 3207 170 3268 quain
183 3184 230 3246 diu
248 3184 278 3244 in
299 3181 425 3276 regendq
444 3183 548 3265 populo
573 3181 817 3274 pastorissollicio
836 3129 953 3274 iunctus
977 3191 1041 3271 est,
1075 3199 1106 3242 se
1129 3179 1202 3274 male

85 3259 923 3420 titttgltttettl,tplhmlltthttlthl
937 3256 1203 3425 llttstfttltij

86 3435 172 3492 quum
190 3414 347 3477 mercedem
366 3413 505 3506 exigeret,
523 3411 576 3474 sihi
594 3413 672 3475 datos
690 3413 805 3494 triginta
823 3422 981 3490 argenteos.
1007 3409 1118 3484 Quibus
1135 3431 1202 3474 ver-

85 3487 130 3549 bis
148 3487 295 3582 signifieat‚
314 3511 374 3550 non
393 3509 485 3550 minus
505 3489 616 3552 sordide
634 3509 665 3552 se
683 3489 769 3560 fuisse
788 3487 1027 3578 babitim,·qnam
1039 3487 1068 3578 'si
1086 3486 1202 3570 ignobi-

85 3563 120 3624 lis
138 3565 271 3645 quispiam
290 3576 318 3624 et
336 3565 396 3628 vilis
416 3576 489 3629 esset
507 3568 658 3647 operarius.
697 3565 770 3626 Nam
795 3583 967 3624 ceremonias
987 3575 1016 3625 et
1037 3585 1133 3624 inanes
1154 3562 1201 3622 lu-

87 3660 150 3714 cos,
179 3639 278 3723 quibus
303 3637 361 3702 eius
375 3641 517 3704 'beneficia
540 3641 693 3723 pensabant
710 3639 821 3717 ludaei,
850 3651 993 3776 comparat
1004 3633 1130 3730 'triginta
1154 3657 1202 3728 ai:-

15 3829 16 3836 i
85 3719 366 3870 iettensis
382 3712 1270 3874 {eins,sentientisquestite}.·

86 3891 149 3944 runi
167 3890 247 3932 suurn
264 3888 378 3942 munus,
406 3871 483 3948 quod
503 3869 572 3930 milii
590 3889 650 3930 non
672 3869 763 3930 minus
785 3868 953 3950 probrosum
973 3878 1045 3928 esset
1062 3863 1199 3942 accipere,

87 3967 169 4028 quain
192 3941 394 4006 contumeliose
418 3944 552 4022 offertur,
580 3947 671 4026 potius
693 3943 727 4006 ad
752 3944 882 4006 emendas
904 3941 1012 4026 tegulas
1030 3938 1076 4000 vel
1099 3938 1201 4000 lateres
1328 3953 1331 3964 '

86 4023 261 4104 impendant,
291 4018 391 4099 quibus
413 4019 539 4080 reficiant
562 4020 659 4113 templi
681 4021 772 4084 rimas.
815 4023 875 4081 Iam
894 4040 950 4100 quo
969 4015 1070 4077 certius
1089 4025 1200 4108 cqnqta·

86 4111 143 4174 ret,
171 4097 315 4160 Christum
340 4113 400 4158 esse
421 4097 515 4159 Deum
540 4109 726 4172 exercituum,
754 4095 786 4156 in
808 4117 891 4177 quein
913 4091 1033 4173 populns
1054 4091 1089 4152 ab
1117 4101 1199 4152 initio

86 4175 222 4259 malignus
241 4173 332 4234 suerat
350 4183 380 4234 et
396 4172 534 4256 ingratiis:
559 4173 608 4234 uhi
628 4175 656 4234 in
677 4194 761 4234 carne
780 4171 933 4264 patefactus
946 4179 1023 4260 Uest,
1034 4165 1110 4250 quod
1128 4166 1198 4250 figu-

87 4247 568 4414 spdtgi
586 4249 694 4390 nr:
707 4247 811 4386 etl
824 4246 1199 4396 iriensis,
