<?xml version="1.0" encoding="UTF-8"?>
<!DOCTYPE html PUBLIC "-//W3C//DTD XHTML 1.0 Transitional//EN"
    "http://www.w3.org/TR/xhtml1/DTD/xhtml1-transitional.dtd">
<html xmlns="http://www.w3.org/1999/xhtml" xml:lang="en" lang="en">
 <head>
  <title>
</title>
<meta http-equiv="Content-Type" content="text/html;charset=utf-8" />
  <meta name='ocr-system' content='tesseract 3.04.00' />
  <meta name='ocr-capabilities' content='ocr_page ocr_carea ocr_par ocr_line ocrx_word'/>
</head>
<body>
  <div class='ocr_page' id='page_1' title='image "./novumtestamentu00calvgoog_0334.png"; bbox 0 0 2830 4772; ppageno 0'>
   <div class='ocr_carea' id='block_1_1' title="bbox 373 227 1258 309">
    <p class='ocr_par' dir='ltr' id='par_1_1' title="bbox 373 227 1258 309">
     <span class='ocr_line' id='line_1_1' title="bbox 373 227 1258 309; baseline 0.002 -18"><span class='ocrx_word' id='word_1_1' title='bbox 373 261 376 266; x_wconf 95' lang='lat'>·</span> <span class='ocrx_word' id='word_1_2' title='bbox 472 231 554 309; x_wconf 70' lang='lat'>(200.</span> <span class='ocrx_word' id='word_1_3' title='bbox 581 231 673 300; x_wconf 72' lang='lat' dir='ltr'><strong>‚lesus</strong></span> <span class='ocrx_word' id='word_1_4' title='bbox 691 229 723 290; x_wconf 92' lang='lat' dir='ltr'><strong>in</strong></span> <span class='ocrx_word' id='word_1_5' title='bbox 743 227 959 306; x_wconf 74' lang='lat' dir='ltr'><strong>Gethsemane.)</strong></span> <span class='ocrx_word' id='word_1_6' title='bbox 1193 231 1258 293; x_wconf 75' lang='lat' dir='ltr'><strong>aut</strong></span> 
     </span>
    </p>
   </div>
   <div class='ocr_carea' id='block_1_2' title="bbox 33 377 1323 4421">
    <p class='ocr_par' dir='ltr' id='par_1_2' title="bbox 134 377 1256 1000">
     <span class='ocr_line' id='line_1_2' title="bbox 211 377 1256 468; baseline -0.005 -20"><span class='ocrx_word' id='word_1_7' title='bbox 211 385 259 448; x_wconf 79' lang='grc'><strong>39.</strong></span> <span class='ocrx_word' id='word_1_8' title='bbox 278 381 461 468; x_wconf 73' lang='lat' dir='ltr'><strong>Progressus</strong></span> <span class='ocrx_word' id='word_1_9' title='bbox 475 383 627 464; x_wconf 75' lang='lat' dir='ltr'><strong>pusillum,</strong></span> <span class='ocrx_word' id='word_1_10' title='bbox 665 379 745 444; x_wconf 81' lang='lat' dir='ltr'><strong>Alibi</strong></span> <span class='ocrx_word' id='word_1_11' title='bbox 770 380 888 445; x_wconf 77' lang='lat' dir='ltr'><strong>uidimus</strong></span> <span class='ocrx_word' id='word_1_12' title='bbox 906 380 1076 459; x_wconf 88' lang='lat' dir='ltr'><strong>Dominum,</strong></span> <span class='ocrx_word' id='word_1_13' title='bbox 1098 400 1155 464; x_wconf 85' lang='lat' dir='ltr'><strong>quo</strong></span> <span class='ocrx_word' id='word_1_14' title='bbox 1173 377 1256 444; x_wconf 81' lang='lat' dir='ltr'><strong>read</strong></span> 
     </span>
     <span class='ocr_line' id='line_1_3' title="bbox 134 456 1255 548; baseline -0.003 -26"><span class='ocrx_word' id='word_1_15' title='bbox 134 460 272 522; x_wconf 89' lang='lat' dir='ltr'><strong>maiorem</strong></span> <span class='ocrx_word' id='word_1_16' title='bbox 299 461 436 542; x_wconf 88' lang='lat' dir='ltr'><strong>precandi</strong></span> <span class='ocrx_word' id='word_1_17' title='bbox 454 460 657 523; x_wconf 83' lang='lat' dir='ltr'><strong>vehementiam</strong></span> <span class='ocrx_word' id='word_1_18' title='bbox 683 456 866 533; x_wconf 88' lang='lat' dir='ltr'><strong>accenderet,</strong></span> <span class='ocrx_word' id='word_1_19' title='bbox 893 459 954 521; x_wconf 86' lang='lat' dir='ltr'><strong>sine</strong></span> <span class='ocrx_word' id='word_1_20' title='bbox 976 459 1092 520; x_wconf 87' lang='lat' dir='ltr'><strong>testibus</strong></span> <span class='ocrx_word' id='word_1_21' title='bbox 1113 469 1255 548; x_wconf 81' lang='lat' dir='ltr'><strong>precatum</strong></span> 
     </span>
     <span class='ocr_line' id='line_1_4' title="bbox 136 533 1256 616; baseline -0.004 -16"><span class='ocrx_word' id='word_1_22' title='bbox 136 558 207 600; x_wconf 89' lang='lat' dir='ltr'><strong>esse.</strong></span> <span class='ocrx_word' id='word_1_23' title='bbox 245 539 318 598; x_wconf 90' lang='lat' dir='ltr'><strong>Nam</strong></span> <span class='ocrx_word' id='word_1_24' title='bbox 337 537 373 596; x_wconf 87' lang='lat' dir='ltr'><strong>ab&#39;</strong></span> <span class='ocrx_word' id='word_1_25' title='bbox 393 537 539 598; x_wconf 90' lang='lat' dir='ltr'><strong>hominum</strong></span> <span class='ocrx_word' id='word_1_26' title='bbox 562 546 714 616; x_wconf 88' lang='lat' dir='ltr'><strong>conspectu</strong></span> <span class='ocrx_word' id='word_1_27' title='bbox 740 533 885 608; x_wconf 88' lang='lat' dir='ltr'><strong>subducti,</strong></span> <span class='ocrx_word' id='word_1_28' title='bbox 906 536 1004 598; x_wconf 90' lang='lat' dir='ltr'><strong>melius</strong></span> <span class='ocrx_word' id='word_1_29' title='bbox 1027 555 1125 599; x_wconf 89' lang='lat' dir='ltr'><strong>sensus</strong></span> <span class='ocrx_word' id='word_1_30' title='bbox 1143 545 1256 604; x_wconf 80' lang='lat' dir='ltr'><strong>nostros</strong></span> 
     </span>
     <span class='ocr_line' id='line_1_5' title="bbox 135 610 1256 697; baseline -0.006 -21"><span class='ocrx_word' id='word_1_31' title='bbox 135 613 310 695; x_wconf 75' lang='lat' dir='ltr'><strong>colligimus,</strong></span> <span class='ocrx_word' id='word_1_32' title='bbox 343 623 376 673; x_wconf 90' lang='lat' dir='ltr'><strong>ut</strong></span> <span class='ocrx_word' id='word_1_33' title='bbox 394 613 481 697; x_wconf 87' lang='lat' dir='ltr'><strong>magis</strong></span> <span class='ocrx_word' id='word_1_34' title='bbox 503 613 537 673; x_wconf 88' lang='lat' dir='ltr'><strong>ad</strong></span> <span class='ocrx_word' id='word_1_35' title='bbox 561 611 589 672; x_wconf 93' lang='lat' dir='ltr'><strong>id</strong></span> <span class='ocrx_word' id='word_1_36' title='bbox 608 613 684 694; x_wconf 91' lang='lat' dir='ltr'><strong>quod</strong></span> <span class='ocrx_word' id='word_1_37' title='bbox 703 610 809 694; x_wconf 81' lang='lat' dir='ltr'><strong>agimus</strong></span> <span class='ocrx_word' id='word_1_38' title='bbox 828 610 930 670; x_wconf 89' lang='lat' dir='ltr'><strong>intenti</strong></span> <span class='ocrx_word' id='word_1_39' title='bbox 949 613 1011 672; x_wconf 85' lang='lat' dir='ltr'><strong>sint</strong></span> <span class='ocrx_word' id='word_1_40' title='bbox 1050 613 1175 672; x_wconf 84' lang='lat' dir='ltr'><strong>Necesse</strong></span> <span class='ocrx_word' id='word_1_41' title='bbox 1194 611 1256 692; x_wconf 87' lang='lat' dir='ltr'><strong>qni-</strong></span> 
     </span>
     <span class='ocr_line' id='line_1_6' title="bbox 134 685 1256 782; baseline -0.001 -33"><span class='ocrx_word' id='word_1_42' title='bbox 134 689 201 749; x_wconf 89' lang='lat' dir='ltr'><strong>dem</strong></span> <span class='ocrx_word' id='word_1_43' title='bbox 225 709 285 748; x_wconf 92' lang='lat' dir='ltr'><strong>non</strong></span> <span class='ocrx_word' id='word_1_44' title='bbox 312 695 381 765; x_wconf 85' lang='lat' dir='ltr'><strong>est,‘</strong></span> <span class='ocrx_word' id='word_1_45' title='bbox 396 690 506 770; x_wconf 87' lang='lat' dir='ltr'><strong>quoties</strong></span> <span class='ocrx_word' id='word_1_46' title='bbox 531 705 613 750; x_wconf 86' lang='lat' dir='ltr'><strong>orare</strong></span> <span class='ocrx_word' id='word_1_47' title='bbox 635 688 777 762; x_wconf 87' lang='lat' dir='ltr'><strong>volumus,</strong></span> <span class='ocrx_word' id='word_1_48' title='bbox 812 685 842 745; x_wconf 90' lang='lat' dir='ltr'><strong>in</strong></span> <span class='ocrx_word' id='word_1_49' title='bbox 866 700 991 748; x_wconf 90' lang='lat' dir='ltr'><strong>remotos</strong></span> <span class='ocrx_word' id='word_1_50' title='bbox 1016 687 1133 772; x_wconf 83' lang='lat' dir='ltr'><strong>angulos</strong></span> <span class='ocrx_word' id='word_1_51' title='bbox 1156 685 1256 782; x_wconf 78' lang='lat' dir='ltr'><strong>frigere</strong></span> 
     </span>
     <span class='ocr_line' id='line_1_7' title="bbox 134 761 1256 848; baseline 0 -24"><span class='ocrx_word' id='word_1_52' title='bbox 134 765 209 844; x_wconf 91' lang='lat' dir='ltr'><strong>(imo</strong></span> <span class='ocrx_word' id='word_1_53' title='bbox 234 785 293 826; x_wconf 93' lang='lat' dir='ltr'><strong>non</strong></span> <span class='ocrx_word' id='word_1_54' title='bbox 319 786 430 847; x_wconf 78' lang='lat' dir='ltr'><strong>semper</strong></span> <span class='ocrx_word' id='word_1_55' title='bbox 453 764 597 846; x_wconf 84' lang='lat' dir='ltr'><strong>expedit),</strong></span> <span class='ocrx_word' id='word_1_56' title='bbox 629 763 678 824; x_wconf 74' lang='lat' dir='ltr'><strong>s‘ed</strong></span> <span class='ocrx_word' id='word_1_57' title='bbox 698 763 747 822; x_wconf 88' lang='lat' dir='ltr'><strong>uhi</strong></span> <span class='ocrx_word' id='word_1_58' title='bbox 770 761 860 822; x_wconf 88' lang='lat' dir='ltr'><strong>maior</strong></span> <span class='ocrx_word' id='word_1_59' title='bbox 883 761 971 842; x_wconf 90' lang='lat' dir='ltr'><strong>aliqua</strong></span> <span class='ocrx_word' id='word_1_60' title='bbox 992 777 1076 848; x_wconf 87' lang='lat' dir='ltr'><strong>urget</strong></span> <span class='ocrx_word' id='word_1_61' title='bbox 1097 773 1256 840; x_wconf 68' lang='lat' dir='ltr'><strong>accessitis,</strong></span> 
     </span>
     <span class='ocr_line' id='line_1_8' title="bbox 135 837 1256 921; baseline 0.002 -21"><span class='ocrx_word' id='word_1_62' title='bbox 135 843 200 921; x_wconf 88' lang='lat' dir='ltr'><strong>quia</strong></span> <span class='ocrx_word' id='word_1_63' title='bbox 218 840 333 902; x_wconf 87' lang='lat' dir='ltr'><strong>liberius</strong></span> <span class='ocrx_word' id='word_1_64' title='bbox 353 842 385 902; x_wconf 92' lang='lat' dir='ltr'><strong>in</strong></span> <span class='ocrx_word' id='word_1_65' title='bbox 402 841 555 903; x_wconf 87' lang='lat' dir='ltr'><strong>solitudine</strong></span> <span class='ocrx_word' id='word_1_66' title='bbox 574 860 604 900; x_wconf 92' lang='lat' dir='ltr'><strong>se</strong></span> <span class='ocrx_word' id='word_1_67' title='bbox 624 839 745 901; x_wconf 86' lang='lat' dir='ltr'><strong>ellundit</strong></span> <span class='ocrx_word' id='word_1_68' title='bbox 763 839 861 898; x_wconf 89' lang='lat' dir='ltr'><strong>orandi</strong></span> <span class='ocrx_word' id='word_1_69' title='bbox 880 837 989 912; x_wconf 81' lang='lat' dir='ltr'><strong>servor,</strong></span> <span class='ocrx_word' id='word_1_70' title='bbox 1013 840 1094 901; x_wconf 92' lang='lat' dir='ltr'><strong>nobis</strong></span> <span class='ocrx_word' id='word_1_71' title='bbox 1120 839 1188 902; x_wconf 88' lang='lat' dir='ltr'><strong>utile</strong></span> <span class='ocrx_word' id='word_1_72' title='bbox 1213 852 1256 902; x_wconf 86' lang='lat' dir='ltr'><strong>est</strong></span> 
     </span>
     <span class='ocr_line' id='line_1_9' title="bbox 134 912 1255 1000; baseline -0.003 -21"><span class='ocrx_word' id='word_1_73' title='bbox 134 939 263 980; x_wconf 84' lang='lat' dir='ltr'><strong>seorsum</strong></span> <span class='ocrx_word' id='word_1_74' title='bbox 282 939 370 978; x_wconf 90' lang='lat' dir='ltr'><strong>orare.</strong></span> <span class='ocrx_word' id='word_1_75' title='bbox 409 917 521 996; x_wconf 86' lang='lat' dir='ltr'><strong>Quodsi</strong></span> <span class='ocrx_word' id='word_1_76' title='bbox 547 915 632 976; x_wconf 83' lang='lat' dir='ltr'><strong>Filius</strong></span> <span class='ocrx_word' id='word_1_77' title='bbox 656 915 712 976; x_wconf 90' lang='lat' dir='ltr'><strong>Dei</strong></span> <span class='ocrx_word' id='word_1_78' title='bbox 739 917 794 976; x_wconf 87' lang='lat' dir='ltr'><strong>hoe</strong></span> <span class='ocrx_word' id='word_1_79' title='bbox 818 912 1014 976; x_wconf 83' lang='lat' dir='ltr'><strong>adminiculum</strong></span> <span class='ocrx_word' id='word_1_80' title='bbox 1036 936 1097 974; x_wconf 91' lang='lat' dir='ltr'><strong>non</strong></span> <span class='ocrx_word' id='word_1_81' title='bbox 1120 917 1255 1000; x_wconf 79' lang='lat' dir='ltr'><strong>neglexit,</strong></span> 
     </span>
    </p>

    <p class='ocr_par' dir='ltr' id='par_1_3' title="bbox 33 989 1323 4421">
     <span class='ocr_line' id='line_1_10' title="bbox 155 989 1255 1074; baseline 0.002 -23"><span class='ocrx_word' id='word_1_82' title='bbox 155 992 196 1054; x_wconf 87' lang='lat' dir='ltr'><strong>lus</strong></span> <span class='ocrx_word' id='word_1_83' title='bbox 215 994 410 1074; x_wconf 77' lang='lat' dir='ltr'><strong>qnam&#39;insana</strong></span> <span class='ocrx_word' id='word_1_84' title='bbox 432 993 560 1074; x_wconf 88' lang='lat' dir='ltr'><strong>superbia</strong></span> <span class='ocrx_word' id='word_1_85' title='bbox 580 991 670 1066; x_wconf 81' lang='lat' dir='ltr'><strong>foret,</strong></span> <span class='ocrx_word' id='word_1_86' title='bbox 698 1004 757 1052; x_wconf 85' lang='lat' dir='ltr'><strong>n&#39;on</strong></span> <span class='ocrx_word' id='word_1_87' title='bbox 776 990 850 1050; x_wconf 89' lang='lat' dir='ltr'><strong>idem</strong></span> <span class='ocrx_word' id='word_1_88' title='bbox 868 989 900 1050; x_wconf 93' lang='lat' dir='ltr'><strong>in</strong></span> <span class='ocrx_word' id='word_1_89' title='bbox 917 1003 1000 1050; x_wconf 88' lang='lat' dir='ltr'><strong>usum</strong></span> <span class='ocrx_word' id='word_1_90' title='bbox 1020 1002 1146 1050; x_wconf 88' lang='lat' dir='ltr'><strong>nostrum</strong></span> <span class='ocrx_word' id='word_1_91' title='bbox 1163 1005 1255 1072; x_wconf 78' lang='lat' dir='ltr'><strong>trans-</strong></span> 
     </span>
     <span class='ocr_line' id='line_1_11' title="bbox 133 1015 1255 1162; baseline 0.001 -34"><span class='ocrx_word' id='word_1_92' title='bbox 133 1015 219 1132; x_wconf 72' lang='lat' dir='ltr'><strong>lerre.</strong></span> <span class='ocrx_word' id='word_1_93' title='bbox 257 1069 338 1131; x_wconf 82' lang='lat' dir='ltr'><strong>Adde</strong></span> <span class='ocrx_word' id='word_1_94' title='bbox 360 1071 437 1162; x_wconf 91' lang='lat' dir='ltr'><strong>qnod</strong></span> <span class='ocrx_word' id='word_1_95' title='bbox 455 1069 504 1129; x_wconf 94' lang='lat' dir='ltr'><strong>ubi</strong></span> <span class='ocrx_word' id='word_1_96' title='bbox 531 1068 606 1129; x_wconf 87' lang='lat' dir='ltr'><strong>solus</strong></span> <span class='ocrx_word' id='word_1_97' title='bbox 630 1069 708 1128; x_wconf 90' lang='lat' dir='ltr'><strong>Deus</strong></span> <span class='ocrx_word' id='word_1_98' title='bbox 731 1078 773 1128; x_wconf 88' lang='lat' dir='ltr'><strong>est</strong></span> <span class='ocrx_word' id='word_1_99' title='bbox 795 1065 914 1142; x_wconf 79' lang='lat' dir='ltr'><strong>arbiter,</strong></span> <span class='ocrx_word' id='word_1_100' title='bbox 949 1065 1013 1147; x_wconf 90' lang='lat' dir='ltr'><strong>quia</strong></span> <span class='ocrx_word' id='word_1_101' title='bbox 1038 1075 1107 1125; x_wconf 87' lang='lat' dir='ltr'><strong>tunc</strong></span> <span class='ocrx_word' id='word_1_102' title='bbox 1132 1067 1255 1129; x_wconf 85' lang='lat' dir='ltr'><strong>timenda</strong></span> 
     </span>
     <span class='ocr_line' id='line_1_12' title="bbox 132 1140 1256 1238; baseline 0 -34"><span class='ocrx_word' id='word_1_103' title='bbox 132 1161 194 1204; x_wconf 87' lang='lat' dir='ltr'><strong>non</strong></span> <span class='ocrx_word' id='word_1_104' title='bbox 219 1157 261 1205; x_wconf 89' lang='lat' dir='ltr'><strong>est</strong></span> <span class='ocrx_word' id='word_1_105' title='bbox 283 1145 412 1220; x_wconf 81' lang='lat' dir='ltr'><strong>ambitio,</strong></span> <span class='ocrx_word' id='word_1_106' title='bbox 443 1145 531 1226; x_wconf 86' lang='lat' dir='ltr'><strong>inagis</strong></span> <span class='ocrx_word' id='word_1_107' title='bbox 554 1142 728 1205; x_wconf 80' lang='lat' dir='ltr'><strong>familiariter</strong></span> <span class='ocrx_word' id='word_1_108' title='bbox 751 1163 813 1203; x_wconf 90' lang='lat' dir='ltr'><strong>sese</strong></span> <span class='ocrx_word' id='word_1_109' title='bbox 837 1141 958 1203; x_wconf 87' lang='lat' dir='ltr'><strong>denudat</strong></span> <span class='ocrx_word' id='word_1_110' title='bbox 980 1140 1068 1238; x_wconf 78' lang='lat' dir='ltr'><strong>fiqelis</strong></span> <span class='ocrx_word' id='word_1_111' title='bbox 1090 1141 1196 1219; x_wconf 89' lang='lat' dir='ltr'><strong>anima,</strong></span> <span class='ocrx_word' id='word_1_112' title='bbox 1225 1154 1256 1204; x_wconf 88' lang='lat' dir='ltr'><strong>et</strong></span> 
     </span>
     <span class='ocr_line' id='line_1_13' title="bbox 132 1217 1255 1304; baseline -0.002 -22"><span class='ocrx_word' id='word_1_113' title='bbox 132 1220 284 1302; x_wconf 84' lang='lat' dir='ltr'><strong>simplicius</strong></span> <span class='ocrx_word' id='word_1_114' title='bbox 304 1243 353 1282; x_wconf 88' lang='lat' dir='ltr'><strong>sua</strong></span> <span class='ocrx_word' id='word_1_115' title='bbox 371 1231 450 1296; x_wconf 83' lang='lat' dir='ltr'><strong>nota,</strong></span> <span class='ocrx_word' id='word_1_116' title='bbox 470 1220 604 1304; x_wconf 85' lang='lat' dir='ltr'><strong>gemitus,</strong></span> <span class='ocrx_word' id='word_1_117' title='bbox 630 1241 722 1292; x_wconf 88' lang='lat' dir='ltr'><strong>curas,</strong></span> <span class='ocrx_word' id='word_1_118' title='bbox 746 1239 882 1300; x_wconf 81' lang='lat' dir='ltr'><strong>pavores,</strong></span> <span class='ocrx_word' id='word_1_119' title='bbox 905 1237 969 1300; x_wconf 88' lang='lat' dir='ltr'><strong>spes</strong></span> <span class='ocrx_word' id='word_1_120' title='bbox 988 1230 1016 1279; x_wconf 92' lang='lat' dir='ltr'><strong>et</strong></span> <span class='ocrx_word' id='word_1_121' title='bbox 1034 1217 1133 1300; x_wconf 84' lang='lat' dir='ltr'><strong>gaudia</strong></span> <span class='ocrx_word' id='word_1_122' title='bbox 1151 1218 1181 1278; x_wconf 92' lang='lat' dir='ltr'><strong>in</strong></span> <span class='ocrx_word' id='word_1_123' title='bbox 1199 1219 1255 1280; x_wconf 80' lang='lat' dir='ltr'><strong>Det</strong></span> 
     </span>
     <span class='ocr_line' id='line_1_14' title="bbox 131 1293 1255 1392; baseline -0.003 -34"><span class='ocrx_word' id='word_1_124' title='bbox 131 1296 225 1358; x_wconf 80' lang='lat' dir='ltr'><strong>sinum</strong></span> <span class='ocrx_word' id='word_1_125' title='bbox 250 1307 393 1358; x_wconf 87' lang='lat' dir='ltr'><strong>exonerat.</strong></span> <span class='ocrx_word' id='word_1_126' title='bbox 436 1297 515 1357; x_wconf 89' lang='lat' dir='ltr'><strong>Deus</strong></span> <span class='ocrx_word' id='word_1_127' title='bbox 539 1308 633 1356; x_wconf 90' lang='lat' dir='ltr'><strong>autem</strong></span> <span class='ocrx_word' id='word_1_128' title='bbox 657 1295 757 1355; x_wconf 89' lang='lat' dir='ltr'><strong>multas</strong></span> <span class='ocrx_word' id='word_1_129' title='bbox 786 1293 902 1378; x_wconf 86' lang='lat' dir='ltr'><strong>ineptias</strong></span> <span class='ocrx_word' id='word_1_130' title='bbox 931 1293 986 1355; x_wconf 89' lang='lat' dir='ltr'><strong>suis</strong></span> <span class='ocrx_word' id='word_1_131' title='bbox 1009 1293 1163 1392; x_wconf 75' lang='lat' dir='ltr'><strong>permittit,</strong></span> <span class='ocrx_word' id='word_1_132' title='bbox 1189 1294 1255 1355; x_wconf 89' lang='lat' dir='ltr'><strong>dnm</strong></span> 
     </span>
     <span class='ocr_line' id='line_1_15' title="bbox 130 1371 1255 1452; baseline -0.004 -18"><span class='ocrx_word' id='word_1_133' title='bbox 130 1393 260 1434; x_wconf 88' lang='lat' dir='ltr'><strong>seorsum</strong></span> <span class='ocrx_word' id='word_1_134' title='bbox 286 1384 382 1444; x_wconf 82' lang='lat' dir='ltr'><strong>orant,</strong></span> <span class='ocrx_word' id='word_1_135' title='bbox 412 1393 482 1452; x_wconf 89' lang='lat' dir='ltr'><strong>quae</strong></span> <span class='ocrx_word' id='word_1_136' title='bbox 506 1371 681 1433; x_wconf 87' lang='lat' dir='ltr'><strong>inhumano</strong></span> <span class='ocrx_word' id='word_1_137' title='bbox 706 1381 861 1452; x_wconf 88' lang='lat' dir='ltr'><strong>conspectu</strong></span> <span class='ocrx_word' id='word_1_138' title='bbox 884 1382 1075 1432; x_wconf 84' lang='lat' dir='ltr'><strong>ostentatione</strong></span> <span class='ocrx_word' id='word_1_139' title='bbox 1098 1388 1157 1430; x_wconf 93' lang='lat' dir='ltr'><strong>non</strong></span> <span class='ocrx_word' id='word_1_140' title='bbox 1177 1389 1255 1432; x_wconf 90' lang='lat' dir='ltr'><strong>care-</strong></span> 
     </span>
     <span class='ocr_line' id='line_1_16' title="bbox 131 1446 1255 1530; baseline 0.001 -23"><span class='ocrx_word' id='word_1_141' title='bbox 131 1459 206 1508; x_wconf 82' lang='lat' dir='ltr'><strong>rent</strong></span> <span class='ocrx_word' id='word_1_142' title='bbox 245 1449 323 1530; x_wconf 84' lang='lat' dir='ltr'><strong>Ipso&#39;</strong></span> <span class='ocrx_word' id='word_1_143' title='bbox 336 1448 419 1507; x_wconf 88' lang='lat' dir='ltr'><strong>etiarn</strong></span> <span class='ocrx_word' id='word_1_144' title='bbox 445 1459 542 1530; x_wconf 89' lang='lat' dir='ltr'><strong>gestu,</strong></span> <span class='ocrx_word' id='word_1_145' title='bbox 595 1469 661 1506; x_wconf 92' lang='lat' dir='ltr'><strong>uum</strong></span> <span class='ocrx_word' id='word_1_146' title='bbox 685 1447 842 1508; x_wconf 87' lang='lat' dir='ltr'><strong>interram</strong></span> <span class='ocrx_word' id='word_1_147' title='bbox 866 1447 1002 1528; x_wconf 88' lang='lat' dir='ltr'><strong>procidit,</strong></span> <span class='ocrx_word' id='word_1_148' title='bbox 1025 1447 1134 1520; x_wconf 50' lang='lat' dir='ltr'><strong>¹seriam</strong></span> <span class='ocrx_word' id='word_1_149' title='bbox 1157 1446 1255 1508; x_wconf 84' lang='lat' dir='ltr'><strong>orandi</strong></span> 
     </span>
     <span class='ocr_line' id='line_1_17' title="bbox 130 1515 1255 1608; baseline -0.001 -23"><span class='ocrx_word' id='word_1_150' title='bbox 130 1523 338 1585; x_wconf 82' lang='lat' dir='ltr'><strong>vehementiam</strong></span> <span class='ocrx_word' id='word_1_151' title='bbox 357 1515 476 1584; x_wconf 71' lang='lat' dir='ltr'><strong>testatus</strong></span> <span class='ocrx_word' id='word_1_152' title='bbox 496 1535 547 1586; x_wconf 89' lang='lat' dir='ltr'><strong>est.</strong></span> <span class='ocrx_word' id='word_1_153' title='bbox 604 1527 657 1584; x_wconf 73' lang='lat' dir='ltr'><strong>Tniu</strong></span> <span class='ocrx_word' id='word_1_154' title='bbox 680 1525 733 1585; x_wconf 88' lang='lat' dir='ltr'><strong>etsi</strong></span> <span class='ocrx_word' id='word_1_155' title='bbox 751 1523 925 1608; x_wconf 77' lang='lat' dir='ltr'><strong>genuflexio,</strong></span> <span class='ocrx_word' id='word_1_156' title='bbox 942 1535 1074 1605; x_wconf 84' lang='lat' dir='ltr'><strong>tanquam</strong></span> <span class='ocrx_word' id='word_1_157' title='bbox 1092 1523 1209 1584; x_wconf 88' lang='lat' dir='ltr'><strong>honoris</strong></span> <span class='ocrx_word' id='word_1_158' title='bbox 1222 1543 1255 1584; x_wconf 87' lang='lat' dir='ltr'><strong>ac</strong></span> 
     </span>
     <span class='ocr_line' id='line_1_18' title="bbox 132 1598 1255 1680; baseline -0.002 -18"><span class='ocrx_word' id='word_1_159' title='bbox 132 1598 311 1662; x_wconf 79' lang='lat' dir='ltr'><strong>reverentiae</strong></span> <span class='ocrx_word' id='word_1_160' title='bbox 330 1598 502 1680; x_wconf 75' lang='lat' dir='ltr'><strong>symbolum,</strong></span> <span class='ocrx_word' id='word_1_161' title='bbox 521 1601 710 1660; x_wconf 88' lang='lat' dir='ltr'><strong>communiter</strong></span> <span class='ocrx_word' id='word_1_162' title='bbox 727 1599 858 1680; x_wconf 88' lang='lat' dir='ltr'><strong>precibus</strong></span> <span class='ocrx_word' id='word_1_163' title='bbox 877 1599 1000 1660; x_wconf 86' lang='lat' dir='ltr'><strong>adhiberi</strong></span> <span class='ocrx_word' id='word_1_164' title='bbox 1020 1599 1106 1676; x_wconf 89' lang='lat' dir='ltr'><strong>solet,</strong></span> <span class='ocrx_word' id='word_1_165' title='bbox 1127 1599 1255 1662; x_wconf 87' lang='lat' dir='ltr'><strong>Christus</strong></span> 
     </span>
     <span class='ocr_line' id='line_1_19' title="bbox 133 1675 1256 1760; baseline 0 -24"><span class='ocrx_word' id='word_1_166' title='bbox 133 1687 231 1736; x_wconf 88' lang='lat' dir='ltr'><strong>tamen</strong></span> <span class='ocrx_word' id='word_1_167' title='bbox 251 1675 414 1758; x_wconf 88' lang='lat' dir='ltr'><strong>suppliciter</strong></span> <span class='ocrx_word' id='word_1_168' title='bbox 437 1679 466 1734; x_wconf 91' lang='lat' dir='ltr'><strong>in</strong></span> <span class='ocrx_word' id='word_1_169' title='bbox 490 1688 565 1737; x_wconf 90' lang='lat' dir='ltr'><strong>terra</strong></span> <span class='ocrx_word' id='word_1_170' title='bbox 589 1677 720 1751; x_wconf 88' lang='lat' dir='ltr'><strong>iacendo,</strong></span> <span class='ocrx_word' id='word_1_171' title='bbox 750 1695 804 1755; x_wconf 88' lang='lat' dir='ltr'><strong>pro</strong></span> <span class='ocrx_word' id='word_1_172' title='bbox 822 1675 1013 1760; x_wconf 89' lang='lat' dir='ltr'><strong>magnitudine</strong></span> <span class='ocrx_word' id='word_1_173' title='bbox 1036 1675 1141 1738; x_wconf 90' lang='lat' dir='ltr'><strong>doloris</strong></span> <span class='ocrx_word' id='word_1_174' title='bbox 1160 1675 1256 1737; x_wconf 88' lang='lat' dir='ltr'><strong>suiad</strong></span> 
     </span>
     <span class='ocr_line' id='line_1_20' title="bbox 130 1749 1256 1834; baseline -0.002 -20"><span class='ocrx_word' id='word_1_175' title='bbox 130 1749 317 1814; x_wconf 86' lang='lat' dir='ltr'><strong>miserabilem</strong></span> <span class='ocrx_word' id='word_1_176' title='bbox 340 1751 464 1812; x_wconf 89' lang='lat' dir='ltr'><strong>habitum</strong></span> <span class='ocrx_word' id='word_1_177' title='bbox 483 1771 514 1812; x_wconf 91' lang='lat' dir='ltr'><strong>se</strong></span> <span class='ocrx_word' id='word_1_178' title='bbox 533 1751 675 1814; x_wconf 78' lang='lat' dir='ltr'><strong>formavit.</strong></span> <span class='ocrx_word' id='word_1_179' title='bbox 713 1752 808 1812; x_wconf 80' lang='lat' dir='ltr'><strong>Pater</strong></span> <span class='ocrx_word' id='word_1_180' title='bbox 826 1755 883 1822; x_wconf 78' lang='lat' dir='ltr'><strong>ml,</strong></span> <span class='ocrx_word' id='word_1_181' title='bbox 903 1756 932 1832; x_wconf 69' lang='lat' dir='ltr'><strong>si⁸</strong></span> <span class='ocrx_word' id='word_1_182' title='bbox 947 1755 1087 1834; x_wconf 81' lang='lat' dir='ltr'><strong>possibile</strong></span> <span class='ocrx_word' id='word_1_183' title='bbox 1105 1761 1160 1814; x_wconf 80' lang='lat' dir='ltr'><strong>est.</strong></span> <span class='ocrx_word' id='word_1_184' title='bbox 1181 1750 1256 1812; x_wconf 84' lang='lat' dir='ltr'><strong>Fru-</strong></span> 
     </span>
     <span class='ocr_line' id='line_1_21' title="bbox 131 1825 1255 1909; baseline 0.001 -22"><span class='ocrx_word' id='word_1_185' title='bbox 131 1837 189 1890; x_wconf 85' lang='lat' dir='ltr'><strong>stra</strong></span> <span class='ocrx_word' id='word_1_186' title='bbox 210 1827 339 1888; x_wconf 87' lang='lat' dir='ltr'><strong>lahorant</strong></span> <span class='ocrx_word' id='word_1_187' title='bbox 362 1826 472 1909; x_wconf 88' lang='lat' dir='ltr'><strong>quidam</strong></span> <span class='ocrx_word' id='word_1_188' title='bbox 488 1825 528 1888; x_wconf 85' lang='lat' dir='ltr'><strong>&#39;ut</strong></span> <span class='ocrx_word' id='word_1_189' title='bbox 552 1830 714 1904; x_wconf 77' lang='lat' dir='ltr'><strong>ostendant,</strong></span> <span class='ocrx_word' id='word_1_190' title='bbox 752 1847 812 1888; x_wconf 89' lang='lat' dir='ltr'><strong>non</strong></span> <span class='ocrx_word' id='word_1_191' title='bbox 840 1827 884 1888; x_wconf 86' lang='lat' dir='ltr'><strong>bic</strong></span> <span class='ocrx_word' id='word_1_192' title='bbox 909 1829 1102 1908; x_wconf 88' lang='lat' dir='ltr'><strong>precationem</strong></span> <span class='ocrx_word' id='word_1_193' title='bbox 1125 1827 1255 1904; x_wconf 88' lang='lat' dir='ltr'><strong>describi,</strong></span> 
     </span>
     <span class='ocr_line' id='line_1_22' title="bbox 131 1902 1254 1986; baseline 0.001 -20"><span class='ocrx_word' id='word_1_194' title='bbox 131 1903 182 1966; x_wconf 81' lang='lat' dir='ltr'><strong>red</strong></span> <span class='ocrx_word' id='word_1_195' title='bbox 221 1904 404 1965; x_wconf 88' lang='lat' dir='ltr'><strong>nerimoniam</strong></span> <span class='ocrx_word' id='word_1_196' title='bbox 428 1905 569 1966; x_wconf 85' lang='lat' dir='ltr'><strong>duntaxat.</strong></span> <span class='ocrx_word' id='word_1_197' title='bbox 607 1907 670 1986; x_wconf 84' lang='lat' dir='ltr'><strong>Ego</strong></span> <span class='ocrx_word' id='word_1_198' title='bbox 694 1923 765 1965; x_wconf 88' lang='lat' dir='ltr'><strong>vero</strong></span> <span class='ocrx_word' id='word_1_199' title='bbox 788 1902 900 1964; x_wconf 88' lang='lat' dir='ltr'><strong>tametsi</strong></span> <span class='ocrx_word' id='word_1_200' title='bbox 923 1904 1073 1986; x_wconf 85' lang='lat' dir='ltr'><strong>abruptum</strong></span> <span class='ocrx_word' id='word_1_201' title='bbox 1093 1903 1178 1966; x_wconf 84' lang='lat' dir='ltr'><strong>fuisse</strong></span> <span class='ocrx_word' id='word_1_202' title='bbox 1200 1925 1254 1967; x_wconf 88' lang='lat' dir='ltr'><strong>vo·</strong></span> 
     </span>
     <span class='ocr_line' id='line_1_23' title="bbox 129 1925 1276 2115; baseline 0.001 -74"><span class='ocrx_word' id='word_1_203' title='bbox 129 1991 192 2041; x_wconf 89' lang='lat' dir='ltr'><strong>tum</strong></span> <span class='ocrx_word' id='word_1_204' title='bbox 201 1925 316 2055; x_wconf 73' lang='lat' dir='ltr'><strong>lassor,</strong></span> <span class='ocrx_word' id='word_1_205' title='bbox 348 2001 407 2042; x_wconf 91' lang='lat' dir='ltr'><strong>non</strong></span> <span class='ocrx_word' id='word_1_206' title='bbox 430 1993 525 2042; x_wconf 87' lang='lat' dir='ltr'><strong>tamen</strong></span> <span class='ocrx_word' id='word_1_207' title='bbox 543 1981 642 2042; x_wconf 91' lang='lat' dir='ltr'><strong>dubito</strong></span> <span class='ocrx_word' id='word_1_208' title='bbox 662 1981 728 2062; x_wconf 89' lang='lat' dir='ltr'><strong>quin</strong></span> <span class='ocrx_word' id='word_1_209' title='bbox 746 1979 939 2115; x_wconf 71' lang='lat' dir='ltr'><strong>precationem</strong></span> <span class='ocrx_word' id='word_1_210' title='bbox 958 1979 1088 2042; x_wconf 85' lang='lat' dir='ltr'><strong>Christus</strong></span> <span class='ocrx_word' id='word_1_211' title='bbox 1108 2001 1276 2062; x_wconf 84' lang='lat' dir='ltr'><strong>concepe-.</strong></span> 
     </span>
     <span class='ocr_line' id='line_1_24' title="bbox 130 2055 1254 2140; baseline 0.001 -21"><span class='ocrx_word' id='word_1_212' title='bbox 130 2056 177 2119; x_wconf 81' lang='lat' dir='ltr'><strong>rit</strong></span> <span class='ocrx_word' id='word_1_213' title='bbox 215 2057 278 2118; x_wconf 87' lang='lat' dir='ltr'><strong>Nee</strong></span> <span class='ocrx_word' id='word_1_214' title='bbox 300 2055 396 2118; x_wconf 87' lang='lat' dir='ltr'><strong>obstat</strong></span> <span class='ocrx_word' id='word_1_215' title='bbox 417 2059 493 2138; x_wconf 91' lang='lat' dir='ltr'><strong>quod</strong></span> <span class='ocrx_word' id='word_1_216' title='bbox 517 2077 578 2118; x_wconf 89' lang='lat' dir='ltr'><strong>rein</strong></span> <span class='ocrx_word' id='word_1_217' title='bbox 602 2056 801 2140; x_wconf 89' lang='lat' dir='ltr'><strong>impossibieni</strong></span> <span class='ocrx_word' id='word_1_218' title='bbox 824 2056 877 2116; x_wconf 89' lang='lat' dir='ltr'><strong>sihi</strong></span> <span class='ocrx_word' id='word_1_219' title='bbox 906 2057 1024 2118; x_wconf 90' lang='lat' dir='ltr'><strong>concedi</strong></span> <span class='ocrx_word' id='word_1_220' title='bbox 1045 2058 1149 2138; x_wconf 86' lang='lat' dir='ltr'><strong>poscit,</strong></span> <span class='ocrx_word' id='word_1_221' title='bbox 1188 2058 1254 2138; x_wconf 89' lang='lat' dir='ltr'><strong>quia</strong></span> 
     </span>
     <span class='ocr_line' id='line_1_25' title="bbox 130 2131 1253 2218; baseline 0.002 -26"><span class='ocrx_word' id='word_1_222' title='bbox 130 2152 193 2193; x_wconf 91' lang='lat' dir='ltr'><strong>non</strong></span> <span class='ocrx_word' id='word_1_223' title='bbox 212 2153 324 2213; x_wconf 87' lang='lat' dir='ltr'><strong>semper</strong></span> <span class='ocrx_word' id='word_1_224' title='bbox 341 2131 461 2194; x_wconf 88' lang='lat' dir='ltr'><strong>fidelium</strong></span> <span class='ocrx_word' id='word_1_225' title='bbox 481 2153 580 2218; x_wconf 89' lang='lat' dir='ltr'><strong>preces</strong></span> <span class='ocrx_word' id='word_1_226' title='bbox 605 2133 742 2194; x_wconf 88' lang='lat' dir='ltr'><strong>continuo</strong></span> <span class='ocrx_word' id='word_1_227' title='bbox 768 2144 868 2193; x_wconf 90' lang='lat' dir='ltr'><strong>tenore</strong></span> <span class='ocrx_word' id='word_1_228' title='bbox 887 2133 921 2192; x_wconf 86' lang='lat' dir='ltr'><strong>ad</strong></span> <span class='ocrx_word' id='word_1_229' title='bbox 940 2132 1024 2192; x_wconf 88' lang='lat' dir='ltr'><strong>finem</strong></span> <span class='ocrx_word' id='word_1_230' title='bbox 1042 2154 1130 2213; x_wconf 88' lang='lat' dir='ltr'><strong>nsque</strong></span> <span class='ocrx_word' id='word_1_231' title='bbox 1149 2134 1253 2196; x_wconf 84' lang='lat' dir='ltr'><strong>fluunt:</strong></span> 
     </span>
     <span class='ocr_line' id='line_1_26' title="bbox 130 2208 1254 2294; baseline 0.002 -26"><span class='ocrx_word' id='word_1_232' title='bbox 130 2228 192 2268; x_wconf 93' lang='lat' dir='ltr'><strong>non</strong></span> <span class='ocrx_word' id='word_1_233' title='bbox 215 2229 328 2292; x_wconf 88' lang='lat' dir='ltr'><strong>semper</strong></span> <span class='ocrx_word' id='word_1_234' title='bbox 350 2208 492 2294; x_wconf 89' lang='lat' dir='ltr'><strong>aequabile</strong></span> <span class='ocrx_word' id='word_1_235' title='bbox 516 2220 770 2292; x_wconf 84' lang='lat' dir='ltr'><strong>temperamentum</strong></span> <span class='ocrx_word' id='word_1_236' title='bbox 793 2219 917 2283; x_wconf 81' lang='lat' dir='ltr'><strong>servant,</strong></span> <span class='ocrx_word' id='word_1_237' title='bbox 951 2227 1012 2269; x_wconf 88' lang='lat' dir='ltr'><strong>non</strong></span> <span class='ocrx_word' id='word_1_238' title='bbox 1035 2229 1146 2288; x_wconf 87' lang='lat' dir='ltr'><strong>semper</strong></span> <span class='ocrx_word' id='word_1_239' title='bbox 1170 2210 1254 2270; x_wconf 90' lang='lat' dir='ltr'><strong>etiam</strong></span> 
     </span>
     <span class='ocr_line' id='line_1_27' title="bbox 131 2281 1255 2368; baseline 0 -22"><span class='ocrx_word' id='word_1_240' title='bbox 131 2283 264 2346; x_wconf 90' lang='lat' dir='ltr'><strong>distincto</strong></span> <span class='ocrx_word' id='word_1_241' title='bbox 283 2281 383 2348; x_wconf 80' lang='lat' dir='ltr'><strong>or&#39;dine</strong></span> <span class='ocrx_word' id='word_1_242' title='bbox 402 2297 467 2346; x_wconf 89' lang='lat' dir='ltr'><strong>sunt</strong></span> <span class='ocrx_word' id='word_1_243' title='bbox 485 2285 666 2368; x_wconf 85' lang='lat' dir='ltr'><strong>compositae,</strong></span> <span class='ocrx_word' id='word_1_244' title='bbox 687 2283 868 2367; x_wconf 78' lang='lat' dir='ltr'><strong>quinpoti&#39;us</strong></span> <span class='ocrx_word' id='word_1_245' title='bbox 886 2283 1036 2366; x_wconf 87' lang='lat' dir='ltr'><strong>implicitae</strong></span> <span class='ocrx_word' id='word_1_246' title='bbox 1059 2297 1088 2344; x_wconf 89' lang='lat' dir='ltr'><strong>et</strong></span> <span class='ocrx_word' id='word_1_247' title='bbox 1107 2285 1255 2366; x_wconf 85' lang='lat' dir='ltr'><strong>perplexae</strong></span> 
     </span>
     <span class='ocr_line' id='line_1_28' title="bbox 131 2359 1253 2444; baseline 0.001 -22"><span class='ocrx_word' id='word_1_248' title='bbox 131 2359 179 2422; x_wconf 80' lang='lat' dir='ltr'><strong>uel</strong></span> <span class='ocrx_word' id='word_1_249' title='bbox 203 2362 361 2444; x_wconf 86' lang='lat' dir='ltr'><strong>confligunt</strong></span> <span class='ocrx_word' id='word_1_250' title='bbox 384 2383 491 2437; x_wconf 85' lang='lat' dir='ltr'><strong>secum,</strong></span> <span class='ocrx_word' id='word_1_251' title='bbox 527 2361 574 2425; x_wconf 83' lang='lat' dir='ltr'><strong>vel</strong></span> <span class='ocrx_word' id='word_1_252' title='bbox 597 2363 628 2422; x_wconf 91' lang='lat' dir='ltr'><strong>in</strong></span> <span class='ocrx_word' id='word_1_253' title='bbox 648 2361 742 2421; x_wconf 91' lang='lat' dir='ltr'><strong>medio</strong></span> <span class='ocrx_word' id='word_1_254' title='bbox 767 2381 851 2420; x_wconf 90' lang='lat' dir='ltr'><strong>cursu</strong></span> <span class='ocrx_word' id='word_1_255' title='bbox 876 2360 1041 2422; x_wconf 88' lang='lat' dir='ltr'><strong>subsistunt:</strong></span> <span class='ocrx_word' id='word_1_256' title='bbox 1072 2360 1152 2421; x_wconf 89' lang='lat' dir='ltr'><strong>sicuti</strong></span> <span class='ocrx_word' id='word_1_257' title='bbox 1176 2359 1253 2423; x_wconf 85' lang='lat' dir='ltr'><strong>navis</strong></span> 
     </span>
     <span class='ocr_line' id='line_1_29' title="bbox 128 2436 1254 2520; baseline 0.002 -24"><span class='ocrx_word' id='word_1_258' title='bbox 128 2437 260 2519; x_wconf 86' lang='lat' dir='ltr'><strong>procellis</strong></span> <span class='ocrx_word' id='word_1_259' title='bbox 282 2440 382 2502; x_wconf 64' lang='lat' dir='ltr'><strong>,iactata</strong></span> <span class='ocrx_word' id='word_1_260' title='bbox 406 2437 530 2520; x_wconf 56' lang='lat' dir='ltr'><strong>Quivis</strong></span> <span class='ocrx_word' id='word_1_261' title='bbox 554 2437 588 2498; x_wconf 87' lang='lat' dir='ltr'><strong>ad</strong></span> <span class='ocrx_word' id='word_1_262' title='bbox 611 2449 727 2520; x_wconf 89' lang='lat' dir='ltr'><strong>portum</strong></span> <span class='ocrx_word' id='word_1_263' title='bbox 749 2436 860 2510; x_wconf 89' lang='lat' dir='ltr'><strong>tendat,</strong></span> <span class='ocrx_word' id='word_1_264' title='bbox 893 2457 953 2497; x_wconf 92' lang='lat' dir='ltr'><strong>non</strong></span> <span class='ocrx_word' id='word_1_265' title='bbox 975 2447 1069 2496; x_wconf 89' lang='lat' dir='ltr'><strong>tamen</strong></span> <span class='ocrx_word' id='word_1_266' title='bbox 1091 2447 1202 2497; x_wconf 87' lang='lat' dir='ltr'><strong>rectum</strong></span> <span class='ocrx_word' id='word_1_267' title='bbox 1225 2448 1254 2498; x_wconf 86' lang='lat' dir='ltr'><strong>et</strong></span> 
     </span>
     <span class='ocr_line' id='line_1_30' title="bbox 129 2511 1253 2596; baseline 0.002 -24"><span class='ocrx_word' id='word_1_268' title='bbox 129 2511 302 2592; x_wconf 86' lang='lat' dir='ltr'><strong>aequabilem</strong></span> <span class='ocrx_word' id='word_1_269' title='bbox 321 2535 431 2573; x_wconf 90' lang='lat' dir='ltr'><strong>cursum</strong></span> <span class='ocrx_word' id='word_1_270' title='bbox 450 2527 549 2574; x_wconf 89' lang='lat' dir='ltr'><strong>tenere</strong></span> <span class='ocrx_word' id='word_1_271' title='bbox 567 2523 661 2596; x_wconf 87' lang='lat' dir='ltr'><strong>potest</strong></span> <span class='ocrx_word' id='word_1_272' title='bbox 678 2526 710 2574; x_wconf 90' lang='lat' dir='ltr'><strong>ut</strong></span> <span class='ocrx_word' id='word_1_273' title='bbox 728 2512 758 2572; x_wconf 92' lang='lat' dir='ltr'><strong>in</strong></span> <span class='ocrx_word' id='word_1_274' title='bbox 777 2511 847 2572; x_wconf 89' lang='lat' dir='ltr'><strong>mari</strong></span> <span class='ocrx_word' id='word_1_275' title='bbox 885 2511 973 2576; x_wconf 82' lang='lat' dir='ltr'><strong>nieto.</strong></span> <span class='ocrx_word' id='word_1_276' title='bbox 1002 2513 1170 2574; x_wconf 88' lang='lat' dir='ltr'><strong>Tenendum</strong></span> <span class='ocrx_word' id='word_1_277' title='bbox 1187 2513 1253 2596; x_wconf 86' lang='lat' dir='ltr'><strong>qni-</strong></span> 
     </span>
     <span class='ocr_line' id='line_1_31' title="bbox 130 2533 1252 2670; baseline 0.003 -24"><span class='ocrx_word' id='word_1_278' title='bbox 130 2587 196 2646; x_wconf 88' lang='lat' dir='ltr'><strong>dem</strong></span> <span class='ocrx_word' id='word_1_279' title='bbox 221 2599 262 2650; x_wconf 85' lang='lat' dir='ltr'><strong>est</strong></span> <span class='ocrx_word' id='word_1_280' title='bbox 284 2587 360 2668; x_wconf 90' lang='lat' dir='ltr'><strong>qnod</strong></span> <span class='ocrx_word' id='word_1_281' title='bbox 383 2607 475 2670; x_wconf 87' lang='lat' dir='ltr'><strong>nuper</strong></span> <span class='ocrx_word' id='word_1_282' title='bbox 497 2589 566 2664; x_wconf 88' lang='lat' dir='ltr'><strong>dixi,</strong></span> <span class='ocrx_word' id='word_1_283' title='bbox 604 2609 664 2648; x_wconf 94' lang='lat' dir='ltr'><strong>non</strong></span> <span class='ocrx_word' id='word_1_284' title='bbox 687 2589 772 2652; x_wconf 80' lang='lat' dir='ltr'><strong>lusisse</strong></span> <span class='ocrx_word' id='word_1_285' title='bbox 794 2533 971 2650; x_wconf 72' lang='lat' dir='ltr'><strong>turbidentos</strong></span> <span class='ocrx_word' id='word_1_286' title='bbox 995 2588 1101 2653; x_wconf 84' lang='lat' dir='ltr'><strong>Christi</strong></span> <span class='ocrx_word' id='word_1_287' title='bbox 1124 2589 1252 2664; x_wconf 83' lang='lat' dir='ltr'><strong>affectus,</strong></span> 
     </span>
     <span class='ocr_line' id='line_1_32' title="bbox 130 2661 1252 2758; baseline 0.004 -36"><span class='ocrx_word' id='word_1_288' title='bbox 130 2661 180 2744; x_wconf 83' lang='lat' dir='ltr'><strong>qui</strong></span> <span class='ocrx_word' id='word_1_289' title='bbox 198 2683 279 2723; x_wconf 89' lang='lat' dir='ltr'><strong>more</strong></span> <span class='ocrx_word' id='word_1_290' title='bbox 302 2674 403 2724; x_wconf 90' lang='lat' dir='ltr'><strong>nostro</strong></span> <span class='ocrx_word' id='word_1_291' title='bbox 431 2664 489 2725; x_wconf 92' lang='lat' dir='ltr'><strong>eius</strong></span> <span class='ocrx_word' id='word_1_292' title='bbox 512 2666 605 2725; x_wconf 88' lang='lat' dir='ltr'><strong>animo</strong></span> <span class='ocrx_word' id='word_1_293' title='bbox 630 2685 728 2758; x_wconf 90' lang='lat' dir='ltr'><strong>puram</strong></span> <span class='ocrx_word' id='word_1_294' title='bbox 752 2663 975 2725; x_wconf 85' lang='lat' dir='ltr'><strong>moderationem</strong></span> <span class='ocrx_word' id='word_1_295' title='bbox 1000 2669 1174 2725; x_wconf 66' lang='lat' dir='ltr'><strong>excuterent}</strong></span> <span class='ocrx_word' id='word_1_296' title='bbox 1203 2665 1252 2727; x_wconf 90' lang='lat' dir='ltr'><strong>sed</strong></span> 
     </span>
     <span class='ocr_line' id='line_1_33' title="bbox 130 2737 1251 2826; baseline 0.003 -28"><span class='ocrx_word' id='word_1_297' title='bbox 130 2750 265 2819; x_wconf 86' lang='lat' dir='ltr'><strong>quantum</strong></span> <span class='ocrx_word' id='word_1_298' title='bbox 284 2737 360 2800; x_wconf 82' lang='lat' dir='ltr'><strong>serre</strong></span> <span class='ocrx_word' id='word_1_299' title='bbox 378 2741 470 2821; x_wconf 89' lang='lat' dir='ltr'><strong>potuit</strong></span> <span class='ocrx_word' id='word_1_300' title='bbox 498 2761 562 2801; x_wconf 89' lang='lat' dir='ltr'><strong>sana</strong></span> <span class='ocrx_word' id='word_1_301' title='bbox 579 2752 609 2802; x_wconf 88' lang='lat' dir='ltr'><strong>et</strong></span> <span class='ocrx_word' id='word_1_302' title='bbox 628 2753 739 2826; x_wconf 84' lang='lat' dir='ltr'><strong>integra</strong></span> <span class='ocrx_word' id='word_1_303' title='bbox 763 2741 883 2802; x_wconf 92' lang='lat' dir='ltr'><strong>hominis</strong></span> <span class='ocrx_word' id='word_1_304' title='bbox 902 2753 1029 2816; x_wconf 78' lang='lat' dir='ltr'><strong>natura,¹</strong></span> <span class='ocrx_word' id='word_1_305' title='bbox 1045 2753 1121 2802; x_wconf 89' lang='lat' dir='ltr'><strong>metu</strong></span> <span class='ocrx_word' id='word_1_306' title='bbox 1140 2743 1251 2824; x_wconf 87' lang='lat' dir='ltr'><strong>percul-</strong></span> 
     </span>
     <span class='ocr_line' id='line_1_34' title="bbox 131 2809 1251 2893; baseline 0.001 -16"><span class='ocrx_word' id='word_1_307' title='bbox 131 2835 179 2877; x_wconf 86' lang='lat' dir='ltr'><strong>sus</strong></span> <span class='ocrx_word' id='word_1_308' title='bbox 204 2827 234 2875; x_wconf 89' lang='lat' dir='ltr'><strong>et</strong></span> <span class='ocrx_word' id='word_1_309' title='bbox 256 2813 393 2878; x_wconf 86' lang='lat' dir='ltr'><strong>anxietate</strong></span> <span class='ocrx_word' id='word_1_310' title='bbox 409 2809 583 2878; x_wconf 66' lang='lat' dir='ltr'><strong>&#39;constrictus</strong></span> <span class='ocrx_word' id='word_1_311' title='bbox 607 2817 679 2893; x_wconf 87' lang='lat' dir='ltr'><strong>fnit,</strong></span> <span class='ocrx_word' id='word_1_312' title='bbox 714 2829 749 2880; x_wconf 90' lang='lat' dir='ltr'><strong>ut</strong></span> <span class='ocrx_word' id='word_1_313' title='bbox 770 2837 886 2878; x_wconf 86' lang='lat' dir='ltr'><strong>necesse</strong></span> <span class='ocrx_word' id='word_1_314' title='bbox 908 2817 987 2891; x_wconf 78' lang='lat' dir='ltr'><strong>soret</strong></span> <span class='ocrx_word' id='word_1_315' title='bbox 1010 2815 1087 2878; x_wconf 89' lang='lat' dir='ltr'><strong>inter</strong></span> <span class='ocrx_word' id='word_1_316' title='bbox 1110 2817 1251 2889; x_wconf 86' lang='lat' dir='ltr'><strong>violentos</strong></span> 
     </span>
     <span class='ocr_line' id='line_1_35' title="bbox 129 2891 1323 2976; baseline 0 -24"><span class='ocrx_word' id='word_1_317' title='bbox 129 2892 317 2952; x_wconf 89' lang='lat' dir='ltr'><strong>tentationum</strong></span> <span class='ocrx_word' id='word_1_318' title='bbox 334 2893 436 2954; x_wconf 88' lang='lat' dir='ltr'><strong>fluctus</strong></span> <span class='ocrx_word' id='word_1_319' title='bbox 453 2891 566 2954; x_wconf 90' lang='lat' dir='ltr'><strong>alternis</strong></span> <span class='ocrx_word' id='word_1_320' title='bbox 585 2893 661 2955; x_wconf 87' lang='lat' dir='ltr'><strong>votis</strong></span> <span class='ocrx_word' id='word_1_321' title='bbox 677 2893 756 2976; x_wconf 82' lang='lat' dir='ltr'><strong>¹quasi</strong></span> <span class='ocrx_word' id='word_1_322' title='bbox 770 2893 906 2954; x_wconf 85' lang='lat' dir='ltr'><strong>vacillare.</strong></span> <span class='ocrx_word' id='word_1_323' title='bbox 937 2895 1016 2954; x_wconf 87' lang='lat' dir='ltr'><strong>llaec</strong></span> <span class='ocrx_word' id='word_1_324' title='bbox 1035 2895 1107 2954; x_wconf 91' lang='lat' dir='ltr'><strong>ratio</strong></span> <span class='ocrx_word' id='word_1_325' title='bbox 1127 2906 1178 2968; x_wconf 76' lang='lat' dir='ltr'><strong>est,</strong></span> <span class='ocrx_word' id='word_1_326' title='bbox 1201 2914 1252 2952; x_wconf 88' lang='lat' dir='ltr'><strong>cur</strong></span> <span class='ocrx_word' id='word_1_327' title='bbox 1321 2962 1323 2972; x_wconf 35' lang='grc' dir='ltr'>Ι</span> 
     </span>
     <span class='ocr_line' id='line_1_36' title="bbox 129 2969 1251 3056; baseline -0.001 -27"><span class='ocrx_word' id='word_1_328' title='bbox 129 2981 250 3029; x_wconf 90' lang='lat' dir='ltr'><strong>mortem</strong></span> <span class='ocrx_word' id='word_1_329' title='bbox 273 2969 437 3049; x_wconf 90' lang='lat' dir='ltr'><strong>deprecatus</strong></span> <span class='ocrx_word' id='word_1_330' title='bbox 466 2991 533 3029; x_wconf 84' lang='lat' dir='ltr'><strong>mox</strong></span> <span class='ocrx_word' id='word_1_331' title='bbox 558 2969 610 3030; x_wconf 89' lang='lat' dir='ltr'><strong>sihi</strong></span> <span class='ocrx_word' id='word_1_332' title='bbox 636 2969 747 3030; x_wconf 81' lang='lat' dir='ltr'><strong>frenum</strong></span> <span class='ocrx_word' id='word_1_333' title='bbox 770 2969 889 3044; x_wconf 73' lang='lat' dir='ltr'><strong>iniciat,</strong></span> <span class='ocrx_word' id='word_1_334' title='bbox 917 2969 1063 3049; x_wconf 82' lang='lat' dir='ltr'><strong>Patrisque</strong></span> <span class='ocrx_word' id='word_1_335' title='bbox 1081 2969 1201 3056; x_wconf 88' lang='lat' dir='ltr'><strong>imperio</strong></span> <span class='ocrx_word' id='word_1_336' title='bbox 1220 2989 1251 3028; x_wconf 90' lang='lat' dir='ltr'><strong>se</strong></span> 
     </span>
     <span class='ocr_line' id='line_1_37' title="bbox 128 3043 1250 3138; baseline -0.004 -30"><span class='ocrx_word' id='word_1_337' title='bbox 128 3043 278 3108; x_wconf 86' lang='lat' dir='ltr'><strong>subiiciens</strong></span> <span class='ocrx_word' id='word_1_338' title='bbox 306 3054 404 3116; x_wconf 81' lang='lat' dir='ltr'><strong>votum</strong></span> <span class='ocrx_word' id='word_1_339' title='bbox 433 3044 499 3106; x_wconf 88' lang='lat' dir='ltr'><strong>illud</strong></span> <span class='ocrx_word' id='word_1_340' title='bbox 527 3045 620 3106; x_wconf 89' lang='lat' dir='ltr'><strong>subito</strong></span> <span class='ocrx_word' id='word_1_341' title='bbox 651 3045 773 3138; x_wconf 87' lang='lat' dir='ltr'><strong>elapsum</strong></span> <span class='ocrx_word' id='word_1_342' title='bbox 801 3045 918 3127; x_wconf 84' lang='lat' dir='ltr'><strong>castiget</strong></span> <span class='ocrx_word' id='word_1_343' title='bbox 940 3065 977 3112; x_wconf 74' lang='lat' dir='ltr'><strong>ae,</strong></span> <span class='ocrx_word' id='word_1_344' title='bbox 1000 3053 1126 3105; x_wconf 86' lang='lat' dir='ltr'><strong>revocet.</strong></span> <span class='ocrx_word' id='word_1_345' title='bbox 1193 3044 1250 3106; x_wconf 88' lang='lat' dir='ltr'><strong>Sed</strong></span> 
     </span>
     <span class='ocr_line' id='line_1_38' title="bbox 33 3117 1251 3210; baseline -0.001 -29"><span class='ocrx_word' id='word_1_346' title='bbox 33 3155 36 3162; x_wconf 90' lang='lat'>·</span> <span class='ocrx_word' id='word_1_347' title='bbox 130 3127 285 3204; x_wconf 86' lang='lat' dir='ltr'><strong>quaeritur,</strong></span> <span class='ocrx_word' id='word_1_348' title='bbox 303 3121 447 3204; x_wconf 84' lang='lat' dir='ltr'><strong>quomodo</strong></span> <span class='ocrx_word' id='word_1_349' title='bbox 466 3134 612 3183; x_wconf 88' lang='lat' dir='ltr'><strong>aeternum</strong></span> <span class='ocrx_word' id='word_1_350' title='bbox 630 3124 720 3183; x_wconf 89' lang='lat' dir='ltr'><strong>Patris</strong></span> <span class='ocrx_word' id='word_1_351' title='bbox 739 3122 883 3182; x_wconf 90' lang='lat' dir='ltr'><strong>decretum</strong></span> <span class='ocrx_word' id='word_1_352' title='bbox 903 3119 1024 3182; x_wconf 91' lang='lat' dir='ltr'><strong>rescindi</strong></span> <span class='ocrx_word' id='word_1_353' title='bbox 1038 3117 1183 3210; x_wconf 70' lang='lat' dir='ltr'><strong>postulet,</strong></span> <span class='ocrx_word' id='word_1_354' title='bbox 1201 3142 1251 3180; x_wconf 87' lang='lat' dir='ltr'><strong>cu-</strong></span> 
     </span>
     <span class='ocr_line' id='line_1_39' title="bbox 128 3196 1250 3281; baseline -0.003 -22"><span class='ocrx_word' id='word_1_355' title='bbox 128 3197 171 3259; x_wconf 88' lang='lat' dir='ltr'><strong>ius</strong></span> <span class='ocrx_word' id='word_1_356' title='bbox 190 3198 305 3272; x_wconf 83' lang='lat' dir='ltr'><strong>minime</strong></span> <span class='ocrx_word' id='word_1_357' title='bbox 323 3198 435 3281; x_wconf 87' lang='lat' dir='ltr'><strong>ignarus</strong></span> <span class='ocrx_word' id='word_1_358' title='bbox 455 3210 522 3260; x_wconf 89' lang='lat' dir='ltr'><strong>erat.</strong></span> <span class='ocrx_word' id='word_1_359' title='bbox 559 3199 631 3260; x_wconf 89' lang='lat' dir='ltr'><strong>Nam</strong></span> <span class='ocrx_word' id='word_1_360' title='bbox 652 3197 704 3258; x_wconf 88' lang='lat' dir='ltr'><strong>etsi</strong></span> <span class='ocrx_word' id='word_1_361' title='bbox 729 3197 919 3278; x_wconf 90' lang='lat' dir='ltr'><strong>interponitur</strong></span> <span class='ocrx_word' id='word_1_362' title='bbox 942 3196 1082 3269; x_wconf 91' lang='lat' dir='ltr'><strong>conditio,</strong></span> <span class='ocrx_word' id='word_1_363' title='bbox 1110 3199 1139 3254; x_wconf 70' lang='grc' dir='ltr'><strong>εἰ</strong></span> <span class='ocrx_word' id='word_1_364' title='bbox 1152 3200 1250 3280; x_wconf 82' lang='lat' dir='ltr'><strong>possi-</strong></span> 
     </span>
     <span class='ocr_line' id='line_1_40' title="bbox 130 3271 1250 3348; baseline 0 -15"><span class='ocrx_word' id='word_1_365' title='bbox 130 3275 189 3334; x_wconf 79' lang='lat' dir='ltr'><strong>hr‘le</strong></span> <span class='ocrx_word' id='word_1_366' title='bbox 208 3285 268 3342; x_wconf 79' lang='lat' dir='ltr'><strong>est,</strong></span> <span class='ocrx_word' id='word_1_367' title='bbox 294 3273 351 3335; x_wconf 90' lang='lat' dir='ltr'><strong>hoc</strong></span> <span class='ocrx_word' id='word_1_368' title='bbox 376 3286 469 3336; x_wconf 87' lang='lat' dir='ltr'><strong>tamen</strong></span> <span class='ocrx_word' id='word_1_369' title='bbox 488 3275 637 3338; x_wconf 84' lang='lat' dir='ltr'><strong>absurdum</strong></span> <span class='ocrx_word' id='word_1_370' title='bbox 660 3271 934 3348; x_wconf 52' lang='lat' dir='ltr'><strong>instantioribus</strong></span> <span class='ocrx_word' id='word_1_371' title='bbox 957 3271 1014 3332; x_wconf 83' lang='lat' dir='ltr'><strong>Dei</strong></span> <span class='ocrx_word' id='word_1_372' title='bbox 1036 3271 1183 3332; x_wconf 89' lang='lat' dir='ltr'><strong>eonsilium</strong></span> <span class='ocrx_word' id='word_1_373' title='bbox 1208 3274 1250 3333; x_wconf 84' lang='lat' dir='ltr'><strong>la-</strong></span> 
     </span>
     <span class='ocr_line' id='line_1_41' title="bbox 131 3347 1249 3443; baseline 0.001 -34"><span class='ocrx_word' id='word_1_374' title='bbox 131 3370 206 3411; x_wconf 87' lang='lat' dir='ltr'><strong>cere.</strong></span> <span class='ocrx_word' id='word_1_375' title='bbox 246 3351 294 3414; x_wconf 86' lang='lat' dir='ltr'><strong>Sic</strong></span> <span class='ocrx_word' id='word_1_376' title='bbox 314 3351 389 3412; x_wconf 91' lang='lat' dir='ltr'><strong>enim</strong></span> <span class='ocrx_word' id='word_1_377' title='bbox 408 3351 520 3435; x_wconf 88' lang='lat' dir='ltr'><strong>penitus</strong></span> <span class='ocrx_word' id='word_1_378' title='bbox 539 3363 663 3412; x_wconf 87' lang='lat' dir='ltr'><strong>statuere</strong></span> <span class='ocrx_word' id='word_1_379' title='bbox 682 3349 829 3424; x_wconf 84' lang='lat' dir='ltr'><strong>convenit,</strong></span> <span class='ocrx_word' id='word_1_380' title='bbox 857 3347 920 3408; x_wconf 91' lang='lat' dir='ltr'><strong>fieri</strong></span> <span class='ocrx_word' id='word_1_381' title='bbox 943 3367 1002 3408; x_wconf 92' lang='lat' dir='ltr'><strong>non</strong></span> <span class='ocrx_word' id='word_1_382' title='bbox 1021 3366 1103 3443; x_wconf 86' lang='lat' dir='ltr'><strong>posse</strong></span> <span class='ocrx_word' id='word_1_383' title='bbox 1121 3360 1153 3409; x_wconf 88' lang='lat' dir='ltr'><strong>ut</strong></span> <span class='ocrx_word' id='word_1_384' title='bbox 1171 3351 1249 3412; x_wconf 88' lang='lat' dir='ltr'><strong>Deus</strong></span> 
     </span>
     <span class='ocr_line' id='line_1_42' title="bbox 131 3423 1250 3510; baseline 0.001 -26"><span class='ocrx_word' id='word_1_385' title='bbox 131 3423 276 3487; x_wconf 86' lang='lat' dir='ltr'><strong>consilium</strong></span> <span class='ocrx_word' id='word_1_386' title='bbox 295 3439 436 3490; x_wconf 81' lang='lat' dir='ltr'><strong>retractet.</strong></span> <span class='ocrx_word' id='word_1_387' title='bbox 475 3429 561 3510; x_wconf 76' lang='lat' dir='ltr'><strong>Apud</strong></span> <span class='ocrx_word' id='word_1_388' title='bbox 586 3429 713 3488; x_wconf 83' lang='lat' dir='ltr'><strong>Marcum</strong></span> <span class='ocrx_word' id='word_1_389' title='bbox 736 3445 806 3486; x_wconf 86' lang='lat' dir='ltr'><strong>vero</strong></span> <span class='ocrx_word' id='word_1_390' title='bbox 829 3423 939 3485; x_wconf 85' lang='lat' dir='ltr'><strong>videtur</strong></span> <span class='ocrx_word' id='word_1_391' title='bbox 963 3423 1091 3485; x_wconf 89' lang='lat' dir='ltr'><strong>Christus</strong></span> <span class='ocrx_word' id='word_1_392' title='bbox 1116 3425 1173 3487; x_wconf 88' lang='lat' dir='ltr'><strong>Dei</strong></span> <span class='ocrx_word' id='word_1_393' title='bbox 1196 3445 1250 3506; x_wconf 91' lang='lat' dir='ltr'><strong>po-</strong></span> 
     </span>
     <span class='ocr_line' id='line_1_43' title="bbox 131 3499 1250 3586; baseline 0 -26"><span class='ocrx_word' id='word_1_394' title='bbox 131 3499 248 3566; x_wconf 85' lang='lat' dir='ltr'><strong>tentiam</strong></span> <span class='ocrx_word' id='word_1_395' title='bbox 267 3503 382 3564; x_wconf 88' lang='lat' dir='ltr'><strong>decreto</strong></span> <span class='ocrx_word' id='word_1_396' title='bbox 402 3523 440 3586; x_wconf 92' lang='lat' dir='ltr'><strong>op</strong></span> <span class='ocrx_word' id='word_1_397' title='bbox 462 3524 563 3579; x_wconf 88' lang='lat' dir='ltr'><strong>onere,</strong></span> <span class='ocrx_word' id='word_1_398' title='bbox 580 3507 694 3575; x_wconf 72' lang='lat' dir='ltr'><strong>omnia,</strong></span> <span class='ocrx_word' id='word_1_399' title='bbox 712 3501 742 3561; x_wconf 92' lang='lat' dir='ltr'><strong>in</strong></span> <span class='ocrx_word' id='word_1_400' title='bbox 764 3504 818 3577; x_wconf 86' lang='lat' dir='ltr'><strong>uit,</strong></span> <span class='ocrx_word' id='word_1_401' title='bbox 841 3501 1069 3579; x_wconf 69' lang='lat' dir='ltr'><strong>turpissuma</strong></span> <span class='ocrx_word' id='word_1_402' title='bbox 1086 3515 1165 3564; x_wconf 84' lang='lat' dir='ltr'><strong>sunt.</strong></span> <span class='ocrx_word' id='word_1_403' title='bbox 1194 3505 1250 3563; x_wconf 80' lang='lat' dir='ltr'><strong>iht-</strong></span> 
     </span>
     <span class='ocr_line' id='line_1_44' title="bbox 131 3523 1249 3666; baseline 0.002 -30"><span class='ocrx_word' id='word_1_404' title='bbox 131 3575 179 3658; x_wconf 84' lang='lat' dir='ltr'><strong>qut</strong></span> <span class='ocrx_word' id='word_1_405' title='bbox 197 3597 217 3657; x_wconf 83' lang='lat' dir='ltr'><strong>p</strong></span> <span class='ocrx_word' id='word_1_406' title='bbox 270 3598 343 3640; x_wconf 83' lang='lat' dir='ltr'><strong>eram</strong></span> <span class='ocrx_word' id='word_1_407' title='bbox 362 3581 417 3640; x_wconf 88' lang='lat' dir='ltr'><strong>hue</strong></span> <span class='ocrx_word' id='word_1_408' title='bbox 430 3525 491 3664; x_wconf 18' lang='lat' dir='ltr'><strong>&#39;bet</strong></span> <span class='ocrx_word' id='word_1_409' title='bbox 510 3581 638 3666; x_wconf 90' lang='lat' dir='ltr'><strong>potentia</strong></span> <span class='ocrx_word' id='word_1_410' title='bbox 656 3523 829 3654; x_wconf 76' lang='lat' dir='ltr'><strong>extenditur,</strong></span> <span class='ocrx_word' id='word_1_411' title='bbox 852 3588 885 3638; x_wconf 88' lang='lat' dir='ltr'><strong>ut</strong></span> <span class='ocrx_word' id='word_1_412' title='bbox 908 3577 1019 3660; x_wconf 31' lang='lat' dir='ltr'><strong>varium,</strong></span> <span class='ocrx_word' id='word_1_413' title='bbox 1041 3589 1071 3639; x_wconf 89' lang='lat' dir='ltr'><strong>et</strong></span> <span class='ocrx_word' id='word_1_414' title='bbox 1087 3579 1249 3640; x_wconf 88' lang='lat' dir='ltr'><strong>mutabilem</strong></span> 
     </span>
     <span class='ocr_line' id='line_1_45' title="bbox 130 3651 1248 3741; baseline -0.004 -27"><span class='ocrx_word' id='word_1_415' title='bbox 130 3651 236 3714; x_wconf 83' lang='lat' dir='ltr'><strong>redden</strong></span> <span class='ocrx_word' id='word_1_416' title='bbox 256 3674 274 3712; x_wconf 96' lang='grc' dir='ltr'>ο</span> <span class='ocrx_word' id='word_1_417' title='bbox 292 3655 439 3716; x_wconf 84' lang='lat' dir='ltr'><strong>veritatem</strong></span> <span class='ocrx_word' id='word_1_418' title='bbox 459 3655 518 3716; x_wconf 87' lang='lat' dir='ltr'><strong>eius</strong></span> <span class='ocrx_word' id='word_1_419' title='bbox 537 3655 669 3718; x_wconf 85' lang='lat' dir='ltr'><strong>infirmet.</strong></span> <span class='ocrx_word' id='word_1_420' title='bbox 707 3654 890 3741; x_wconf 83' lang='lat' dir='ltr'><strong>llespondeo,</strong></span> <span class='ocrx_word' id='word_1_421' title='bbox 915 3653 983 3713; x_wconf 91' lang='lat' dir='ltr'><strong>nihil</strong></span> <span class='ocrx_word' id='word_1_422' title='bbox 1009 3673 1069 3715; x_wconf 92' lang='lat' dir='ltr'><strong>esse</strong></span> <span class='ocrx_word' id='word_1_423' title='bbox 1092 3654 1202 3716; x_wconf 87' lang='lat' dir='ltr'><strong>absurdi</strong></span> <span class='ocrx_word' id='word_1_424' title='bbox 1225 3651 1248 3710; x_wconf 88' lang='lat' dir='ltr'><strong>si</strong></span> 
     </span>
     <span class='ocr_line' id='line_1_46' title="bbox 133 3726 1247 3810; baseline -0.004 -23"><span class='ocrx_word' id='word_1_425' title='bbox 133 3726 278 3804; x_wconf 85' lang='lat' dir='ltr'><strong>Christus,</strong></span> <span class='ocrx_word' id='word_1_426' title='bbox 301 3749 335 3789; x_wconf 84' lang='lat' dir='ltr'><strong>ex</strong></span> <span class='ocrx_word' id='word_1_427' title='bbox 360 3732 503 3790; x_wconf 87' lang='lat' dir='ltr'><strong>communi</strong></span> <span class='ocrx_word' id='word_1_428' title='bbox 516 3732 631 3810; x_wconf 85' lang='lat' dir='ltr'><strong>,piorum</strong></span> <span class='ocrx_word' id='word_1_429' title='bbox 655 3751 749 3807; x_wconf 85' lang='lat' dir='ltr'><strong>more,</strong></span> <span class='ocrx_word' id='word_1_430' title='bbox 774 3729 877 3792; x_wconf 92' lang='lat' dir='ltr'><strong>omisso</strong></span> <span class='ocrx_word' id='word_1_431' title='bbox 902 3729 989 3791; x_wconf 67' lang='lat' dir='ltr'><strong>divini*</strong></span> <span class='ocrx_word' id='word_1_432' title='bbox 1010 3729 1118 3791; x_wconf 88' lang='lat' dir='ltr'><strong>consilii</strong></span> <span class='ocrx_word' id='word_1_433' title='bbox 1137 3726 1247 3800; x_wconf 88' lang='lat' dir='ltr'><strong>intuitu,</strong></span> 
     </span>
     <span class='ocr_line' id='line_1_47' title="bbox 131 3803 1248 3890; baseline -0.002 -26"><span class='ocrx_word' id='word_1_434' title='bbox 131 3803 297 3864; x_wconf 80' lang='lat' dir='ltr'><strong>desiderium</strong></span> <span class='ocrx_word' id='word_1_435' title='bbox 320 3827 400 3866; x_wconf 88' lang='lat' dir='ltr'><strong>snum</strong></span> <span class='ocrx_word' id='word_1_436' title='bbox 426 3809 649 3890; x_wconf 78' lang='lat' dir='ltr'><strong>qup.aestuabat&#39;</strong></span> <span class='ocrx_word' id='word_1_437' title='bbox 665 3808 695 3866; x_wconf 90' lang='lat' dir='ltr'><strong>in</strong></span> <span class='ocrx_word' id='word_1_438' title='bbox 714 3807 804 3867; x_wconf 89' lang='lat' dir='ltr'><strong>Patris</strong></span> <span class='ocrx_word' id='word_1_439' title='bbox 822 3805 912 3868; x_wconf 86' lang='lat' dir='ltr'><strong>sinum</strong></span> <span class='ocrx_word' id='word_1_440' title='bbox 937 3808 971 3866; x_wconf 88' lang='lat' dir='ltr'><strong>de</strong></span> <span class='ocrx_word' id='word_1_441' title='bbox 992 3806 1105 3867; x_wconf 88' lang='lat' dir='ltr'><strong>osuerit.</strong></span> <span class='ocrx_word' id='word_1_442' title='bbox 1145 3806 1248 3882; x_wconf 88' lang='lat' dir='ltr'><strong>Neque</strong></span> 
     </span>
     <span class='ocr_line' id='line_1_48' title="bbox 41 3879 1248 3968; baseline -0.005 -26"><span class='ocrx_word' id='word_1_443' title='bbox 41 3920 43 3928; x_wconf 78' lang='lat'><em>=</em></span> <span class='ocrx_word' id='word_1_444' title='bbox 132 3879 208 3942; x_wconf 88' lang='lat' dir='ltr'><strong>enim</strong></span> <span class='ocrx_word' id='word_1_445' title='bbox 226 3879 319 3942; x_wconf 88' lang='lat' dir='ltr'><strong>fideles</strong></span> <span class='ocrx_word' id='word_1_446' title='bbox 338 3881 367 3940; x_wconf 92' lang='lat' dir='ltr'><strong>in</strong></span> <span class='ocrx_word' id='word_1_447' title='bbox 385 3881 534 3944; x_wconf 75' lang='lat' dir='ltr'><strong>fundendis</strong></span> <span class='ocrx_word' id='word_1_448' title='bbox 550 3885 682 3964; x_wconf 87' lang='lat' dir='ltr'><strong>precibus</strong></span> <span class='ocrx_word' id='word_1_449' title='bbox 705 3903 818 3968; x_wconf 84' lang='lat' dir='ltr'><strong>semper</strong></span> <span class='ocrx_word' id='word_1_450' title='bbox 835 3883 872 3948; x_wconf 87' lang='lat' dir='ltr'><strong>ad</strong></span> <span class='ocrx_word' id='word_1_451' title='bbox 891 3903 977 3963; x_wconf 89' lang='lat' dir='ltr'><strong>specu</strong></span> <span class='ocrx_word' id='word_1_452' title='bbox 1002 3881 1056 3940; x_wconf 91' lang='lat' dir='ltr'><strong>nda</strong></span> <span class='ocrx_word' id='word_1_453' title='bbox 1074 3879 1131 3940; x_wconf 90' lang='lat' dir='ltr'><strong>Dei</strong></span> <span class='ocrx_word' id='word_1_454' title='bbox 1149 3895 1248 3941; x_wconf 88' lang='lat' dir='ltr'><strong>areana</strong></span> 
     </span>
     <span class='ocr_line' id='line_1_49' title="bbox 132 3953 1248 4046; baseline -0.005 -28"><span class='ocrx_word' id='word_1_455' title='bbox 132 3957 340 4031; x_wconf 82' lang='lat' dir='ltr'><strong>conscendunt,</strong></span> <span class='ocrx_word' id='word_1_456' title='bbox 364 3957 409 4017; x_wconf 88' lang='lat' dir='ltr'><strong>vel</strong></span> <span class='ocrx_word' id='word_1_457' title='bbox 426 3959 559 4036; x_wconf 84' lang='lat' dir='ltr'><strong>tanquam</strong></span> <span class='ocrx_word' id='word_1_458' title='bbox 585 3959 615 4018; x_wconf 93' lang='lat' dir='ltr'><strong>in</strong></span> <span class='ocrx_word' id='word_1_459' title='bbox 638 3958 697 4020; x_wconf 79' lang='lat' dir='ltr'><strong>otio</strong></span> <span class='ocrx_word' id='word_1_460' title='bbox 717 3959 890 4046; x_wconf 87' lang='lat' dir='ltr'><strong>expendunt,</strong></span> <span class='ocrx_word' id='word_1_461' title='bbox 917 3957 982 4037; x_wconf 87' lang='lat' dir='ltr'><strong>quid</strong></span> <span class='ocrx_word' id='word_1_462' title='bbox 1006 3957 1079 4015; x_wconf 83' lang='lat' dir='ltr'><strong>lactu</strong></span> <span class='ocrx_word' id='word_1_463' title='bbox 1102 3957 1138 4018; x_wconf 85' lang='lat' dir='ltr'><strong>sit</strong></span> <span class='ocrx_word' id='word_1_464' title='bbox 1178 3953 1248 4013; x_wconf 91' lang='lat' dir='ltr'><strong>ossi-</strong></span> 
     </span>
     <span class='ocr_line' id='line_1_50' title="bbox 131 4031 1248 4114; baseline -0.004 -19"><span class='ocrx_word' id='word_1_465' title='bbox 131 4031 203 4108; x_wconf 88' lang='lat' dir='ltr'><strong>bile,</strong></span> <span class='ocrx_word' id='word_1_466' title='bbox 230 4033 282 4100; x_wconf 86' lang='lat' dir='ltr'><strong>sed</strong></span> <span class='ocrx_word' id='word_1_467' title='bbox 305 4045 438 4094; x_wconf 84' lang='lat' dir='ltr'><strong>votorum</strong></span> <span class='ocrx_word' id='word_1_468' title='bbox 461 4031 574 4093; x_wconf 82' lang='lat' dir='ltr'><strong>fervore</strong></span> <span class='ocrx_word' id='word_1_469' title='bbox 603 4035 745 4100; x_wconf 84' lang='lat' dir='ltr'><strong>interdum</strong></span> <span class='ocrx_word' id='word_1_470' title='bbox 772 4033 876 4094; x_wconf 87' lang='lat' dir='ltr'><strong>celeres</strong></span> <span class='ocrx_word' id='word_1_471' title='bbox 899 4031 1037 4114; x_wconf 82' lang='lat' dir='ltr'><strong>feruntur.</strong></span> <span class='ocrx_word' id='word_1_472' title='bbox 1080 4031 1127 4092; x_wconf 80' lang='lat' dir='ltr'><strong>sic</strong></span> <span class='ocrx_word' id='word_1_473' title='bbox 1185 4047 1248 4090; x_wconf 82' lang='lat' dir='ltr'><strong>oses</strong></span> 
     </span>
     <span class='ocr_line' id='line_1_51' title="bbox 153 4105 1247 4184; baseline -0.005 -16"><span class='ocrx_word' id='word_1_474' title='bbox 153 4109 204 4168; x_wconf 89' lang='lat' dir='ltr'><strong>etit</strong></span> <span class='ocrx_word' id='word_1_475' title='bbox 229 4107 315 4170; x_wconf 90' lang='lat' dir='ltr'><strong>deleri</strong></span> <span class='ocrx_word' id='word_1_476' title='bbox 337 4109 373 4168; x_wconf 89' lang='lat' dir='ltr'><strong>de</strong></span> <span class='ocrx_word' id='word_1_477' title='bbox 395 4108 478 4169; x_wconf 78' lang='lat' dir='ltr'><strong>hbro&#39;</strong></span> <span class='ocrx_word' id='word_1_478' title='bbox 493 4107 580 4169; x_wconf 88' lang='lat' dir='ltr'><strong>vitae:</strong></span> <span class='ocrx_word' id='word_1_479' title='bbox 599 4109 639 4172; x_wconf 90' lang='lat' dir='ltr'><strong>sic</strong></span> <span class='ocrx_word' id='word_1_480' title='bbox 652 4111 758 4170; x_wconf 86' lang='lat' dir='ltr'><strong>&#39;Paulus</strong></span> <span class='ocrx_word' id='word_1_481' title='bbox 777 4129 796 4168; x_wconf 92' lang='lat' dir='ltr'><strong>o</strong></span> <span class='ocrx_word' id='word_1_482' title='bbox 817 4109 884 4169; x_wconf 86' lang='lat' dir='ltr'><strong>tavit</strong></span> <span class='ocrx_word' id='word_1_483' title='bbox 901 4107 1045 4166; x_wconf 86' lang='lat' dir='ltr'><strong>anathema</strong></span> <span class='ocrx_word' id='word_1_484' title='bbox 1063 4105 1124 4168; x_wconf 85' lang='lat' dir='ltr'><strong>lieri</strong></span> <span class='ocrx_word' id='word_1_485' title='bbox 1143 4107 1247 4184; x_wconf 86' lang='lat' dir='ltr'><strong>(Exod.</strong></span> 
     </span>
     <span class='ocr_line' id='line_1_52' title="bbox 153 4180 1248 4272; baseline -0.004 -26"><span class='ocrx_word' id='word_1_486' title='bbox 153 4183 411 4260; x_wconf 69' lang='grc' dir='ltr'><strong>λ,33.1ὶοὴι.9,3).</strong></span> <span class='ocrx_word' id='word_1_487' title='bbox 428 4184 783 4272; x_wconf 80' lang='lat' dir='ltr'><strong>Nonluitigitorhaecme</strong></span> <span class='ocrx_word' id='word_1_488' title='bbox 804 4195 868 4244; x_wconf 87' lang='lat' dir='ltr'><strong>itata</strong></span> <span class='ocrx_word' id='word_1_489' title='bbox 883 4180 988 4242; x_wconf 85' lang='lat' dir='ltr'><strong>Christi</strong></span> <span class='ocrx_word' id='word_1_490' title='bbox 999 4183 1100 4257; x_wconf 82' lang='lat' dir='ltr'><strong>oratio,</strong></span> <span class='ocrx_word' id='word_1_491' title='bbox 1109 4185 1157 4245; x_wconf 90' lang='lat' dir='ltr'><strong>sed</strong></span> <span class='ocrx_word' id='word_1_492' title='bbox 1167 4181 1208 4245; x_wconf 82' lang='lat' dir='ltr'><strong>vis</strong></span> <span class='ocrx_word' id='word_1_493' title='bbox 1219 4193 1248 4242; x_wconf 86' lang='lat' dir='ltr'><strong>et</strong></span> 
     </span>
     <span class='ocr_line' id='line_1_53' title="bbox 133 4255 1250 4343; baseline -0.002 -21"><span class='ocrx_word' id='word_1_494' title='bbox 133 4262 254 4343; x_wconf 87' lang='lat' dir='ltr'><strong>impetus</strong></span> <span class='ocrx_word' id='word_1_495' title='bbox 278 4261 384 4330; x_wconf 85' lang='lat' dir='ltr'><strong>doloris</strong></span> <span class='ocrx_word' id='word_1_496' title='bbox 406 4261 525 4342; x_wconf 81' lang='lat' dir='ltr'><strong>subitam</strong></span> <span class='ocrx_word' id='word_1_497' title='bbox 548 4262 574 4320; x_wconf 92' lang='lat' dir='ltr'><strong>ei</strong></span> <span class='ocrx_word' id='word_1_498' title='bbox 597 4281 699 4328; x_wconf 86' lang='lat' dir='ltr'><strong>vocem</strong></span> <span class='ocrx_word' id='word_1_499' title='bbox 714 4261 855 4336; x_wconf 72' lang='lat' dir='ltr'><strong>extorsit,</strong></span> <span class='ocrx_word' id='word_1_500' title='bbox 889 4256 933 4342; x_wconf 86' lang='lat' dir='ltr'><strong>cui¹</strong></span> <span class='ocrx_word' id='word_1_501' title='bbox 963 4255 1058 4319; x_wconf 86' lang='lat' dir='ltr'><strong>statim</strong></span> <span class='ocrx_word' id='word_1_502' title='bbox 1081 4260 1171 4321; x_wconf 88' lang='lat' dir='ltr'><strong>addita</strong></span> <span class='ocrx_word' id='word_1_503' title='bbox 1193 4257 1250 4320; x_wconf 86' lang='lat' dir='ltr'><strong>suit</strong></span> 
     </span>
     <span class='ocr_line' id='line_1_54' title="bbox 134 4331 1249 4421; baseline 0 -23"><span class='ocrx_word' id='word_1_504' title='bbox 134 4337 285 4403; x_wconf 87' lang='lat' dir='ltr'><strong>correctio.</strong></span> <span class='ocrx_word' id='word_1_505' title='bbox 323 4339 427 4404; x_wconf 75' lang='lat' dir='ltr'><strong>uadem</strong></span> <span class='ocrx_word' id='word_1_506' title='bbox 446 4338 632 4403; x_wconf 62' lang='lat' dir='ltr'><strong>*detenentia</strong></span> <span class='ocrx_word' id='word_1_507' title='bbox 653 4344 829 4421; x_wconf 70' lang='lat' dir='ltr'><strong>praesentem</strong></span> <span class='ocrx_word' id='word_1_508' title='bbox 857 4331 987 4397; x_wconf 66' lang='lat' dir='ltr'><strong>coetum</strong></span> <span class='ocrx_word' id='word_1_509' title='bbox 1009 4331 1116 4399; x_wconf 86' lang='lat' dir='ltr'><strong>decreti</strong></span> <span class='ocrx_word' id='word_1_510' title='bbox 1140 4357 1249 4400; x_wconf 83' lang='lat' dir='ltr'><strong>memo-</strong></span> 
     </span>
    </p>
   </div>
   <div class='ocr_carea' id='block_1_3' title="bbox 0 0 1420 4772">
    <p class='ocr_par' dir='ltr' id='par_1_4' title="bbox 0 0 1420 4772">
     <span class='ocr_line' id='line_1_55' title="bbox 0 0 1420 4772; baseline 0 1"><span class='ocrx_word' id='word_1_511' title='bbox 0 0 1420 4772; x_wconf 95' lang='lat' dir='ltr'><strong> </strong></span> 
     </span>
    </p>
   </div>
  </div>
 </body>
</html>
