2804 4762
311 195 313 198 Ι
420 180 502 300 (168.
541 223 587 284 De
605 233 725 308 argento
747 221 835 286 serr’n
852 221 1043 299 nudent·
1136 182 1140 186 -
1212 229 1269 298 18⁴1

137 395 203 436 rum
223 376 341 438 suornm
364 381 495 460 partem,
512 365 545 436 ul
562 393 745 456 quaecunque
762 373 857 436 intulit
874 375 973 438 damam
991 373 1073 437 simul
1092 389 1283 458 compensate.

136 453 216 513 unde
241 452 413 538 colligimus,
432 474 502 532 quas
521 451 682 533 possidebat
699 452 823 526 divitias,
845 474 905 516 non
926 473 959 514 ex
976 451 1076 514 illicito
1095 465 1210 532 quaestu
1228 453 1269 514 illi

159 527 314 589 rovenissc.
357 531 401 590 Ita
420 527 558 589 Zachaeus
572 549 639 596 non
661 529 748 588 modo
771 527 929 591 satisfacere
948 540 1058 611 paratus
1079 541 1134 605 est,
1159 531 1268 610 siquid

137 549 238 664 irande
257 604 378 681 abstulit,
397 607 445 666 sed
462 605 564 674 iustum
582 603 780 685 patrimonium
799 625 863 666 curn
880 605 1051 687 pauperibus
1064 608 1267 668 communione:

136 700 197 760 quo
221 701 253 741 se
277 682 411 757 ostendit,
439 701 473 743 ex
496 680 562 760 lupo
589 701 757 760 conversum
777 701 916 744 essenon
934 683 1025 744 solum
1045 681 1074 742 in
1094 703 1192 760 ovem,
1216 684 1266 745 sed

138 755 225 816 etiam
244 757 275 817 in
293 770 440 837 pastorem.
479 759 517 818 Et
534 768 649 838 peccata
668 758 779 836 (aridem
795 755 851 816 iam
871 759 987 820 admissa
1005 759 1165 842 corrigehs,
1188 759 1266 822 malis

138 831 247 893 artibus
265 835 293 892 io
312 834 436 894 sutorum
455 845 569 913 tempus
586 833 745 907 renuntiat,
772 831 856 892 sicuti
872 831 928 895 hoc
939 827 1078 914 imprimis
1097 857 1113 894 a
1131 835 1186 896 suis
1207 837 1267 898 exi-

141 907 299 990 gitDeus,
324 922 358 970 ut
380 911 414 970 ab
439 910 519 971 omni
545 927 619 968 noxa
639 909 808 971 abstineant
867 909 1021 972 Cauterium
1047 911 1188 974 Zachaeus
1212 933 1268 974 sno

116 1005 118 1010 ·
141 984 268 1065 exemplo
290 987 456 1067 necessitate
479 985 547 1046 alios
571 984 687 1046 minime
710 982 876 1059 obstrinxit,
898 998 932 1046 nt
948 1007 980 1048 se
998 986 1109 1062 dimidia
1124 987 1267 1050 bonorum
1310 1011 1313 1018 ·

141 1081 254 1120 suonam
273 1076 351 1143 parte
370 1063 527 1136 denudent,
553 1059 603 1121 sed
621 1071 731 1120 tantum
750 1061 873 1122 tenenda
892 1071 935 1125 est
951 1059 1060 1142 regula,
1085 1083 1166 1140 quam
1183 1071 1266 1144 prae*-

140 1136 394 1272 scrribitnllominus,
414 1150 448 1200 nt
462 1157 519 1202 nos
540 1147 569 1196 et
589 1147 688 1200 nostra
709 1135 805 1198 omnia
824 1157 1024 1220 consecremus
1033 1137 1065 1200 in
1078 1151 1188 1200 sanctos
1202 1163 1266 1222 usus

139 1231 171 1272 ac
198 1234 213 1273 e
236 1216 338 1276 rtimos.

210 1233 239 1354 ξ.
282 1293 379 1354 Hodie
401 1293 488 1352 salus
509 1289 580 1348 huic
602 1288 711 1348 ἅοιηιιί.
770 1286 899 1352 Christus
922 1287 1117 1352 testimonium
1140 1289 1268 1360 Zachaeo

136 1363 266 1444 reddens,
285 1367 355 1428 nihil
375 1367 407 1427 in
431 1387 466 1432 eo
486 1363 571 1425 foisse
588 1363 747 1424 simulatum
765 1364 943 1444 pronuntiat:
970 1385 1063 1445 neque
1082 1379 1176 1428 tamen
1195 1367 1269 1428 saln-

134 1441 173 1501 tis
198 1463 308 1504 causam
332 1443 423 1512 honis,
441 1441 573 1523 operibus
598 1440 716 1501 Zachaei
739 1441 866 1517 ascribit,
894 1443 944 1504 sed
967 1443 1030 1526 quia
1048 1445 1198 1505 conversio
1223 1443 1289 1506 illa·

136 1522 249 1578 certhm
273 1531 334 1580 emt
352 1519 461 1580 divinae
480 1516 774 1600 adoptionis‘pignus,
799 1518 902 1578 merito
920 1519 987 1590 inde
1006 1517 1069 1579 coll·
1092 1519 1127 1594 't,
1152 1520 1268 1582 domum

14 1627 19 1636 ·
83 1618 91 1624 ·
134 1591 213 1652 illam
236 1593 331 1656 salutis
355 1617 415 1658 esse
432 1595 581 1656 haeredem
602 1605 632 1654 et
650 1594 707 1654 hoc
725 1595 841 1685 quoqub
859 1594 945 1658 verba
962 1615 1074 1657 sonan.
1112 1597 1186 1658 Nam
1205 1597 1269 1678 quia
1357 1669 1363 1674 ,

136 1669 279 1731 Zachaeus
299 1691 371 1733 onus
390 1663 427 1733 sit
445 1693 479 1734 ex
498 1669 628 1732 Abrahae
645 1670 715 1745 filiis,
734 1672 928 1742 ratiocinatur,
946 1671 1129 1735 salvam'esse
1143 1675 1203 1736 eius
1215 1673 1269 1733 do-

121 1759 223 1810 mum.
263 1749 355 1810 Porro
375 1760 407 1808 ut
425 1747 486 1828 quis
506 1758 652 1810 censeatur
670 1747 746 1808 inter
766 1747 896 1808 Abrahae
914 1747 1001 1819 filios,
1021 1749 1106 1810 fidem
1126 1750 1185 1812 eius
1203 1749 1268 1810 imi-

133 1831 215 1883 tetur
238 1844 354 1890 necesse
376 1836 429 1887 est:
460 1824 520 1885 imo
544 1822 751 1906 banellaudem
770 1825 916 1906 Scriptura
933 1825 998 1888 fidei
1018 1825 1135 1917 proprie
1157 1827 1268 1910 tribuit,

133 1899 213 1981 quod
229 1921 378 1983 germanos
397 1901 527 1962 Abrahae
545 1900 617 1960 filios
636 1900 671 1960 ab
691 1901 833 1962 extraneis
848 1901 998 1964 discernat.
1040 1905 1166 1966 Sciamus
1187 1923 1271 1986 ergo,

135 1997 198 2038 eam
220 1978 370 2062 praecipue
390 1978 420 2040 in
439 1978 565 2038 Zachaeo
588 1975 704 2053 laudari,
730 1978 808 2038 cuius
827 1977 916 2062 gratia
935 1978 1039 2040 iactum
1061 1993 1116 2055 est,
1140 1989 1173 2040 ut
1191 1979 1268 2041 bona

157 2071 249 2132 noque
273 2053 360 2133 opera
384 2057 449 2116 Deo
472 2053 624 2133 plac‘erdnt.
668 2055 825 2115 Necfvero
848 2054 964 2116 dhblrun
989 2067 1046 2129 est,
1072 2058 1140 2135 quin
1160 2055 1271 2118 Christi

134 2072 265 2191 doctrina
285 2131 404 2194 Zachaei
429 2129 647 2192 conversionem
669 2129 862 2210 praecesserit.
919 2131 971 2192 Illa
995 2131 1083 2222 igitur
1101 2131 1154 2192 fult
1172 2132 1269 2195 salutis

137 2203 236 2288 origo,
267 2209 362 2268 audire
384 2207 529 2286 Christum
552 2206 588 2266 de
633 2207 732 2266 ratuiia
755 2205 811 2266 Dei
835 2203 1040 2282 misericordia,
1063 2209 1099 2268 de
1122 2209 1269 2268 hominum

136 2283 281 2364 cum'ipso
301 2283 544 2354 reconciliatione,
562 2281 599 2340 de
612 2226 755 2342 hcclesiae
773 2279 868 2340 redem
890 2281 971 2342 tione
989 2283 1181 2358 disserentem,
1199 2283 1269 2342 fide·
1288 2277 1295 2294 '

134 2377 191 2438 que
215 2358 287 2420 hanc
306 2351 465 2421 doctriham
485 2355 626 2436 amplecti.
670 2357 835 2432 Qniafotuoe
888 2357 975 2416 raecis
993 2354 1137 2436 masculini
1156 2358 1270 2438 generis

134 2445 187 2508 est,
206 2434 333 2496 bifariam
353 2435 505 2514 exponitur
523 2432 570 2492 hic
589 2431 677 2494 loeus.
718 2433 808 2494 Vetus
832 2431 972 2512 interpres
992 2432 1027 2492 ad
1045 2432 1203 2494 Zachaeum
1221 2440 1270 2496 r'e-

134 2509 214 2570 tulit:
243 2512 320 2589 quod
338 2511 406 2580 mihi
426 2509 509 2570 etiam
527 2509 617 2642 mapis
635 2507 736 2590 placet.
775 2510 909 2586 Erasmus
928 2519 1042 2570 vertere
1060 2507 1169 2584 maluit,
1193 2511 1270 2644 pund
1295 2563 1301 2576 ,

135 2585 196 2664 ipsa
215 2584 315 2645 domus
333 2583 388 2645 filia
408 2595 481 2644 esset
499 2582 577 2654 Abra
597 2605 641 2644 ae:
681 2583 738 2644 nod
756 2583 867 2644 tametsi
884 2605 944 2644 non
962 2581 1072 2662 refello,
1091 2585 1127 2646 de
1142 2587 1196 2646 Zac
1216 2607 1268 2647 aeo

136 2673 233 2721 tamen
256 2661 346 2740 aptius
371 2661 475 2740 erponi
498 2659 629 2720 arbitror.
697 2681 741 2720 arn
801 2660 825 2721 'a
846 2661 939 2735 Deus,
962 2661 1029 2720 dum
1045 2662 1270 2741 patremfamilias

136 2736 265 2818 adoptat,
288 2737 344 2796 toti
365 2737 448 2800 etiam
468 2737 527 2798 eius
546 2735 644 2800 domui
660 2757 691 2800 se
709 2737 739 2798 in
758 2682 852 2800 papum
873 2736 937 2800 iore
954 2739 1109 2818 promittit,
1139 2740 1202 2802 iure
1224 2741 1292 2816 sat.

135 2813 179 2874 lus
198 2834 214 2872 a
235 2813 326 2894 capite
343 2814 502 2874 extenditur
520 2814 555 2874 ad
573 2825 665 2874 totum
685 2835 805 2900 corpus,
831 2814 981 2878 Caeterum
994 2814 1130 2896 particula
1146 2828 1189 2878 unt
1207 2838 1269 2880 em-
1340 2835 1348 2870 ’-

133 2890 246 2973 phalica
272 2901 322 2952 est.
374 2889 521 2972 Significat
545 2889 620 2951 enim
646 2890 787 2966 Christus,
814 2889 971 2952 Zachaeum
993 2910 1054 2952 non
1073 2893 1166 2954 minus
1186 2913 1269 2968 quam
1385 2893 1389 2901 “

134 2966 205 3028 alios
222 2967 356 3042 Iudaeos,
384 2967 433 3047 qui
457 2965 578 3047 superbe
596 2967 673 3026 illum
693 2967 919 3042 exsecrabantur,
944 2967 1075 3028 Abrahae
1093 2989 1153 3028 esse
1171 2964 1268 3028 filium.

73 3037 81 3058 ¹
133 3047 176 3103 Ac
194 3063 233 3104 ne
249 3043 380 3124 superior
397 3043 455 3104 vita
471 3043 580 3102 ianmm
600 3043 693 3104 salutis
707 3043 739 3113 ei
757 3044 884 3106 videatur
903 3042 1042 3119 clausisse,
1060 3043 1095 3103 ab
1111 3042 1268 3104 officiosuo

134 3119 334 3195 ratiocinatur,
360 3117 430 3178 nihil
449 3119 480 3180 in
499 3117 551 3179 hac
568 3120 727 3180 mutatIone
746 3139 819 3195 esse,
838 3115 915 3201 quod
933 3139 1101 3200 quemqnam
1119 3117 1269 3183 offendere

135 3195 247 3274 debeat,
266 3196 331 3278 quia
345 3195 444 3264 missus
461 3216 479 3256 a
496 3197 584 3258 Patre
594 3195 689 3258 ¹inerit
707 3196 741 3262 ad
760 3197 923 3273 servmtos,
940 3196 990 3276 qui
1005 3193 1109 3277 perditi
1126 3207 1202 3262 sunt.
1237 3215 1240 3224 ⁴

222 3503 328 3586 (168.)
370 3503 543 3573 Μ-ΑΤΤΗ.
566 3503 668 3570 XXV.
713 3503 764 3580 lt.
797 3503 887 3588 strue
913 3502 996 3571 enim
1016 3502 1116 3580 hemo
1139 3503 1269 3594 quidam.

132 3627 271 3693 peregre
283 3599 505 3693 'proficiscens
518 3609 652 3674 ‘vocavit
672 3613 784 3672 serios
805 3629 893 3687 auos,
915 3617 946 3673 et
961 3606 1089 3680 tradidit
1104 3607 1168 3677 illis
1180 3607 1278 3676 bona.

136 3727 207 3774 stra:
251 3705 303 3776 15.
335 3710 377 3778 Et
401 3709 477 3776 huic
498 3707 626 3798 quidem
648 3707 738 3780 dedit
757 3714 903 3798 quinquo
923 3707 1053 3789 talenta,
1080 3710 1148 3784 atii,
1163 3709 1269 3778 antem
1297 3751 1301 3767 ‹

136 3809 220 3886 duo,
249 3809 304 3874 alii
325 3831 403 3875 vero
425 3831 538 3892 uatum,
560 3815 733 3900 unicuique
755 3811 933 3885 renuardum
952 3807 1268 3900 propriamfaculta·

96 3969 101 3978 .
136 3922 214 3990 tem,
243 3921 274 3976 et
294 3911 459 3999 proiectus
483 3923 531 3980 eat
552 3917 668 3982 statim:
718 3913 769 3982 16.
795 3915 884 3984 Abiit
903 3925 1021 3992 autem,
1049 3915 1105 4000 qui
1126 3913 1268 3998 quinque

134 4015 255 4082 talenta
276 4025 456 4101 acceperat,
476 4026 509 4080 et
529 4021 779 4106 negotiatorem
800 4041 858 4105 per
875 4037 930 4098 ea,
957 4026 996 4084 et
1010 4011 1149 4080 coniecit
1169 4009 1268 4082 altem

136 4121 280 4206 quinque
302 4115 430 4210 talenta,
474 4117 524 4187 17,
547 4119 699 4188 Similiter
719 4131 752 4186 et
773 4120 913 4206 qnidoo
929 4123 1104 4204 acceperat,
1125 4113 1266 4180 lucratus

130 4229 185 4312 ,eat
200 4223 323 4308 etipse
344 4219 444 4290 attera
466 4219 542 4288 duo.
580 4223 631 4288 18.
655 4223 723 4310 Qui
735 4235 838 4291 antem
849 4239 950 4288 unum
961 4227 1132 4301 acceperat,
1153 4214 1266 4283 abiens

138 4323 219 4392 toth
239 4326 275 4395 in
296 4335 420 4406 terram,
441 4336 475 4394 et
492 4322 664 4396 abscondit
685 4323 851 4414 pecuniam
874 4317 996 4388 domui
1017 4317 1077 4388 sui·
1121 4319 1172 4384 19.
1188 4321 1266 4386 Post
1304 4314 1313 4328 ”
