2796 4774
189 167 265 284 *did
378 193 381 200 Δ
418 215 530 282 sect.
551 215 631 278 m.
669 231 796 280 cutssrr
814 231 924 282 eassto
944 183 1098 283 rr'ttons.

207 389 279 464 qnae
302 367 561 462 adpoepiteptiam
583 321 775 461 adducitssli
795 369 865 434 Cor.
890 371 925 444 7,
950 366 1015 443 lo)=
1041 389 1140 461 aaran
1168 369 1277 462 siquis
1296 370 1326 431 in

207 467 271 600 ιὸιο
294 445 390 508 Ιιιιιιιιι
412 456 558 530 impingat,
587 445 657 506 usbsl
680 466 708 508 er
731 447 857 538 proderat
881 446 1015 508 confusus
1038 457 1068 508 et
1089 446 1216 507 miormrs
1235 447 1327 509 dolor.

242 521 290 582 uin
308 521 401 602 potius
419 521 470 584 bac
489 519 558 582 iusta
576 521 699 583 uindicta
717 522 817 603 impios
836 521 946 583 tandem
985 522 1138 602 erseqnitur
1156 523 1250 599 Deus,
1278 526 1327 603 qui

207 599 340 660 indicium
359 599 417 659 eius
437 597 640 659 contumaciter
656 610 835 680 spreverunt,
857 597 933 678 quod
952 543 1071 658 dinnao
1089 599 1148 658 sine
1166 619 1216 680 spe
1234 599 1326 660 solatii

206 674 371 740 acciendos
388 673 482 736 tradit.
520 675 598 735 Vera
616 674 787 754 poenitentia
805 686 848 735 est
864 673 971 754 peccati
989 673 1168 753 displicentia,
1187 689 1325 756 concepta

208 771 243 812 ex
261 761 340 810 metu
358 761 388 811 et
405 749 564 812 reverentia
581 749 650 824 Dei,
682 771 752 832 quiae
771 749 852 812 simul
872 769 996 812 amorem
1016 762 1046 811 et
1063 750 1228 812 desiderium
1246 752 1327 812 insti-

206 825 285 888 titiae
306 846 341 886 cx
359 825 508 910 regignit
547 825 596 888 Ab
619 826 675 888 boc
696 825 802 890 aiiectu
825 824 923 908 procul
940 825 1042 888 absunt
1065 826 1157 910 impii:
1187 841 1326 918 cuperent

207 901 285 964 euin
307 899 414 962 nullum
431 901 565 984 peccandi
584 901 676 964 facere
693 902 794 978 finem,
811 901 869 963 imo
887 913 1018 982 quantum
1038 901 1067 961 in
1087 923 1118 964 se
1138 913 1194 978 est,
1219 903 1274 964 srbi
1293 925 1325 965 ac

207 977 273 1040 Deo
292 975 408 1041 illudere
426 988 577 1042 conatur:
596 977 646 1040 sed
663 979 765 1041 inritos
781 989 810 1040 ct
826 978 999 1042 calcitrantes
1019 997 1107 1040 coeco
1126 978 1246 1042 borrore
1262 991 1326 1041 tor-

208 1061 277 1134 quet
299 1055 484 1129 conscientia,
510 1065 544 1114 ut
567 1065 713 1135 peccatum
734 1077 815 1116 suum
839 1054 963 1135 qsramvis
980 1075 1041 1114 non
1065 1055 1192 1130 oderint,
1229 1067 1324 1116 tamen

134 1137 139 1161 ⁸
208 1151 274 1192 cnm
292 1130 392 1192 dolore
410 1143 440 1193 ct
456 1130 595 1192 anxietate
612 1129 665 1190 sibi
683 1151 769 1214 grave
788 1143 818 1192 ct
831 1130 980 1192 molestum
999 1147 1060 1192 esse
1081 1131 1209 1192 sentiant.
1248 1133 1324 1192 Hinc

207 1205 240 1268 fit
257 1217 290 1268 ut
307 1205 411 1270 inutilis
430 1206 466 1268 sit
481 1227 580 1269 eorum
599 1205 693 1268 dolor:
713 1208 854 1299 quianon
872 1206 1022 1270 liberaliter
1038 1226 1069 1268 se
1087 1208 1121 1268 ad
1139 1207 1234 1267 Deum
1252 1217 1322 1270 'con-

208 1295 338 1359 vertunt,
370 1303 462 1364 neque
481 1283 564 1346 ctiam
631 1283 704 1344 irant
725 1305 755 1342 ιιι
775 1282 886 1359 melius,
914 1283 963 1344 sed
979 1301 1081 1363 prauae
1097 1303 1162 1346 strae
1182 1283 1322 1364 cupiditati

207 1357 282 1421 affixi
303 1359 334 1420 in
358 1370 517 1434 tormento,
554 1379 591 1438 qu
656 1358 784 1444 elingere
811 1379 871 1420 non
894 1369 1027 1440 possunt,
1061 1358 1217 1420 tabescunt.
1256 1361 1322 1421 lloc

208 1435 310 1510 modo,
340 1445 372 1496 ut
394 1457 487 1516 nuper
509 1433 576 1508 dixi,
606 1455 705 1497 eorum
728 1435 945 1498 obstinationem
968 1435 1212 1496 ulcisciturlleos.
1251 1437 1321 1495 Nam

151 1547 154 1556 »
174 1523 185 1536 ”
208 1511 262 1574 etsi
281 1511 386 1574 electos
402 1531 468 1572 suos
486 1511 594 1574 duriter
611 1512 749 1594 castigaus
769 1511 938 1573 reluctantes
961 1511 997 1571 ad
1019 1532 1050 1572 se
1066 1511 1173 1586 trabit,
1206 1511 1321 1573 vulnera

207 1599 303 1648 umen
326 1604 397 1666 quae
420 1587 521 1646 inflixit
545 1599 707 1667 opportune
726 1599 811 1663 sanat,
828 1599 860 1648 ut
877 1597 979 1667 sponte
996 1587 1031 1647 ad
1050 1608 1112 1648 eum
1131 1587 1255 1665 veniant,
1274 1611 1320 1648 cu·

180 1705 188 1721 ,
208 1663 252 1725 ios
270 1685 304 1726 se
321 1684 404 1722 mauu
421 1663 532 1744 percuti
549 1676 714 1756 agnoscunt,
734 1677 762 1728 et
780 1664 858 1726 cuius
875 1663 917 1724 ira
933 1673 1085 1724 terrentur.
1121 1663 1236 1726 Priores
1254 1683 1322 1746 crgo

208 1739 269 1802 sine
288 1739 395 1820 peccati
415 1739 481 1799 odio
501 1739 556 1800 Dei
574 1739 706 1802 rudicium
726 1761 786 1800 non
806 1741 897 1800 minus
916 1738 1051 1838 ingiam,
1079 1759 1162 1818 quam
1180 1751 1322 1800 metuunt:

208 1814 354 1951 &egreditr
377 1814 523 1948 incprabili
545 1815 627 1950 pla‘pa
637 1817 788 1952 epolloedrati
809 1825 1025 1954 liemnffim
1046 1835 1111 1950 suos
1134 1815 1275 1951 dolopes.ti
1291 1815 1321 1875 Si

256 1911 292 1948 ns
338 1909 416 1948 mom
440 1910 524 1950 onem
547 1911 582 1951 au
600 1913 636 1953 uss
707 1915 724 1950 u
744 1915 771 1954 as
833 1913 900 1954 ocus
976 1913 1011 1952 uc
1040 1911 1086 1952 era
1158 1911 1253 1952 emen
1276 1913 1321 1952 ae:

207 1965 257 2028 sed
275 1964 408 2044 quoniam
425 1965 460 2025 ab
480 1986 516 2027 eo
536 1979 648 2028 contem
669 1979 696 2028 ta
714 1937 844 2030 sutriam
862 1967 983 2052 benigna
1000 1969 1034 2027 ad
1052 1911 1166 2028 :studia
1184 1968 1317 2042 invitatio,

207 2040 237 2100 in
256 2039 376 2102 Satanae
397 2041 587 2126 magisterium
605 1987 737 2119 traditur,
764 2045 898 2125 quicum
917 2045 946 2104 in
970 2043 1190 2124 desperationem
1214 2043 1318 2140 praeci-

207 2117 287 2200 pitet.
326 2115 478 2204 Caeterum
505 2117 629 2181 sirecte
652 2121 687 2182 de
710 2121 884 2214 poenitentia
906 2120 1043 2184 docerent
1064 2119 1192 2199 Papistae
1212 2143 1243 2181 ιιι
1267 2119 1318 2180 suis

207 2193 330 2270 scholis,
349 2196 379 2254 iu
397 2195 466 2256 luda
485 2196 556 2258 nihil
577 2197 726 2260 desiderari
740 2209 854 2279 posset,
881 2197 911 2256 in
929 2215 1012 2277 quem
1029 2205 1088 2256 tota
1107 2216 1207 2257 corum
1224 2196 1317 2256 defini-

157 2273 165 2284 '
206 2271 249 2334 tio
269 2271 416 2354 competit.
454 2272 510 2332 Hic
531 2273 606 2334 enim
624 2274 749 2337 cernitur
768 2287 796 2336 et
816 2273 908 2334 cordis
925 2271 1067 2346 contritio,
1086 2281 1115 2331 et
1133 2273 1190 2332 oris
1208 2271 1318 2332 conses-
1365 2305 1366 2352 l

207 2348 265 2424 sio,
294 2359 324 2409 et
347 2348 441 2430 operis
467 2349 632 2426 satisfactio,
655 2361 689 2412 ut
706 2351 867 2430 loquuntur.
904 2349 988 2409 Unde
1007 2347 1159 2430 colligimus
1176 2347 1236 2410 illos
1254 2359 1316 2406 tan-

205 2435 267 2486 tum
285 2426 421 2487 corticem
437 2425 573 2508 arripere:
591 2428 655 2508 quia
673 2427 819 2502 omittunt,
839 2424 914 2505 quod
931 2424 1109 2506 praecipuum
1126 2433 1196 2499 erat,
1222 2423 1316 2484 bomi-
1364 2493 1365 2508 ἶ

205 2501 249 2562 nis
268 2502 303 2560 ad
320 2501 415 2562 Deum
434 2505 664 2580 conversionem,
690 2505 757 2565 dum
781 2502 889 2587 pudore
910 2513 940 2562 et
961 2512 1040 2562 metu
1062 2499 1163 2563 fractus
1184 2512 1314 2582 peccator
1364 2515 1365 2530 t

205 2573 258 2638 sibi
278 2578 434 2650 renuntiat,
454 2590 486 2638 ot
502 2601 532 2642 se
550 2580 658 2642 addicat
676 2580 706 2640 in
724 2579 889 2658 obsequium
906 2577 1033 2638 iustitiae.
1364 2537 1365 2617 l

279 2654 308 2712 t.
347 2652 430 2730 Quid
446 2655 489 2712 ad
505 2660 575 2716 nos?
612 2655 669 2718 Hic
686 2655 852 2717 describitur
868 2653 1044 2716 sacerdotnm
1060 2663 1158 2736 stupor
1176 2663 1206 2714 ct
1219 2673 1315 2716 recor-

162 2771 164 2778 .
205 2724 264 2800 dis,
290 2725 543 2810 dumulormidabili
562 2732 648 2793 Indae
667 2731 794 2812 exemplo
812 2729 959 2804 admoniti,
986 2749 1045 2790 non
1064 2739 1159 2790 tamen
1177 2730 1211 2790 ad
1228 2751 1258 2790 sc
1276 2729 1315 2809 ip·
1363 2733 1364 2744 ¹

205 2819 253 2862 sos
272 2801 399 2864 redeunt.
439 2806 545 2867 Fateor
571 2808 696 2886 quidem,
716 2809 798 2868 'sicut
823 2807 985 2888 hypocritae
1005 2805 1058 2866 sibi
1081 2805 1198 2868 blandiri
1217 2805 1314 2876 solent,

206 2875 330 2941 colorem
349 2875 402 2939 illis
421 2877 505 2942 foisse
527 2881 559 2942 in
581 2895 731 2964 promptu,
761 2901 825 2963 quo*
841 2903 918 2944 suam
941 2903 1048 2943 caussam
1074 2894 1102 2942 et
1119 2881 1204 2942 Iudae
1222 2881 1314 2942 distin-

247 2965 341 3018 erent:
359 2953 422 3036 quia
440 2955 552 3018 sceleris
570 2958 662 3022 socios
681 2979 711 3021 se
730 2979 788 3020 non
806 2957 949 3041 putabant,
968 2957 1034 3018 licet
1050 2957 1127 3019 abusi
1144 2969 1236 3020 essent
1252 2977 1314 3038 pro·
1362 3035 1363 3040 η

205 2973 303 3095 ditonis
328 3031 451 3126 perfidia.
509 3035 597 3116 Atqui
619 3035 702 3098 Iudas
726 3055 787 3096 non
810 3033 895 3096 modo
919 3055 949 3096 se
972 3033 1075 3094 latetur
1099 3053 1240 3115 peccasse,
1269 3030 1314 3093 sed
1362 3083 1363 3090 ,

172 3115 173 3122 ’
207 3107 314 3172 Christi
331 3109 522 3172 rnnoceutiam
564 3113 696 3176 raedicat:
732 3113 808 3174 unde
830 3111 966 3192 sequitur,
993 3111 1101 3172 bomini
1117 3109 1315 3190 iusto-exitium
1362 3099 1363 3141 l

205 3185 334 3274 molitos,
361 3187 481 3268 ideoque
489 3132 621 3279 'neddriae
643 3189 732 3252 caedis
756 3207 911 3280 represso
948 3187 1012 3248 Nec
1036 3185 1238 3279 verotdubinm
1264 3195 1313 3258 est,

198 3261 516 3402 surdescens
536 3262 1314 3420 retesti:recrescere:
1361 3363 1362 3403 ,

204 3431 267 3470 mus
285 3411 447 3489 sceleratos,
475 3361 641 3507 quiliuscum
659 3416 760 3498 aliquid
777 3415 859 3476 nobis
878 3435 1027 3476 commune
1045 3427 1099 3490 est,
1122 3414 1240 3478 totidem
1260 3431 1313 3475 esse

204 3485 240 3578 ad
257 3485 457 3578 poenitentiam
478 3495 669 3566 incitamenta,
697 3514 817 3572 quornm
835 3490 967 3574 neglectu
985 3491 1092 3572 culpam
1108 3491 1250 3570 duplicant
1267 3489 1314 3551 ob·

205 3574 307 3626 sunau.
346 3563 514 3626 Tenendum
533 3570 616 3629 etiam
638 3580 692 3642 est,
713 3568 794 3628 unius
812 3567 1050 3630 scelere-minime
1066 3565 1173 3629 absolvi
1191 3589 1239 3628 eos
1258 3589 1313 3630 om·
1360 3631 1361 3636 1

205 3661 273 3716 nes,
296 3636 344 3718 qui
367 3657 397 3699 se
415 3641 514 3718 quovis
533 3643 619 3704 ruodo
642 3643 842 3724 implicuerint:
881 3643 969 3704 multo
989 3663 1057 3705 vero
1075 3643 1168 3704 minus
1184 3643 1314 3724 prolicere
1360 3637 1361 3665 ¹

205 3715 317 3851 asclepis
332 3727 472 3794 auctores,
491 3719 539 3798 qui
555 3740 586 3779 sc
604 3741 620 3781 a
640 3721 771 3782 ministris
789 3722 844 3783 suis
861 3719 1029 3805 disiungunt,
1048 3742 1086 3782 ue
1105 3721 1221 3782 eandem
1238 3719 1313 3781 susti·

204 3813 278 3854 nean
330 3811 439 3852 oenam.
1299 3806 1302 3814 ¹
1359 3823 1360 3856 ι

277 3813 327 3932 5.Ρ
344 3871 464 3950 Laqueo
482 3891 515 3931 se
533 3875 694 3952 suspendit.
733 3874 799 3934 Hoc
822 3871 915 3953 pretio
939 3872 1036 3935 vendit
1058 3873 1143 3934 Satan
1167 3869 1311 3942 illecebras,
1359 3873 1360 3927 l

205 3946 306 4024 quibus
323 3944 425 4028 impios
442 3943 476 4008 ad
494 3959 604 4030 tempus
624 3949 776 4024 demulcet,
794 3947 870 4029 quod
887 3949 948 4009 illos
967 3949 997 4008 in
1015 3947 1141 4010 fauorem
1159 3948 1258 4023 uertit,
1286 3955 1311 4004 ut

205 4021 463 4158 ltlltlstlllt
481 4023 912 4162 ¹¹¹il‘i,⁸²¹',¹r³¹³⁸i¹¹¹li¹¹¹,iu¹¹⁰¹¹
930 4025 998 4162 up
1014 4047 1096 4106 ‘lm
1114 4027 1312 4160 “tlttl

167 4149 178 4158 ἡ
204 4167 320 4258 salntem
338 4193 420 4250 quam
438 4122 848 4256 Cirisrumsprogddtearatfipse
864 4122 979 4256 {diffie
1000 4123 1174 4261 ιξιιὲὶιιῖἰιιιιιιιιι
1186 4197 1237 4256 per
1253 4175 1312 4234 alios
1358 4125 1359 4189 l

207 4240 263 4325 lpus
281 4242 394 4333 lucebat:
413 4271 466 4308 nec
485 4252 572 4311 modo
592 4271 622 4310 se
640 4251 730 4330 privat
750 4269 848 4311 eornm
867 4273 927 4328 usu,
944 4223 993 4312 sed
1011 4276 1075 4315 cum
1093 4251 1225 4334 sacrilega
1242 4272 1313 4310 mor-

208 4319 244 4368 i¹⁸
264 4314 368 4406 Cbrrstr
389 4326 520 4384 mercede
543 4326 627 4388 vitam
652 4345 765 4406 quoque
788 4347 865 4389 snam
888 4327 1010 4407 proiicit
1053 4331 1095 4390 lta
1119 4327 1243 4406 φιιιιιιίι
1259 4347 1313 4388 ma·
