2828 4774
802 4 808 45 l

170 197 237 262 dtu
387 193 496 258 SECT.
515 189 597 256 m.
636 207 762 256 omnus
780 205 891 258 masao
911 207 952 254 er
964 207 1068 256 ⁴raons.

172 351 232 414 ties
249 347 378 412 Sabbato
395 343 475 408 conti
514 363 563 404 nm
582 355 643 404 erat
661 343 780 419 Pascha,
815 365 884 406 noas
907 353 1016 408 unum
1034 343 1118 406 leriae
1138 342 1226 406 luisse
1247 365 1316 407 ser·
1375 244 1389 403 i

178 437 265 499 ratas,
284 423 371 504 idque
388 443 404 482 a
421 419 483 482 Rab
504 419 558 481 inis
576 419 664 481 luisse
684 420 853 480 institutum.
884 421 971 484 Unde
992 421 1132 502 sequitur,
1153 420 1317 500 Christum,

179 523 266 586 quum
286 497 444 561 dbeederet
466 515 482 556 a
501 497 644 556 communi
662 515 756 570 more,
775 497 845 558 nibil
864 509 987 560 tentasse
1006 509 1119 580 practer
1137 497 1262 580 Legem.

171 579 174 588 “
254 579 300 641 18
328 577 375 634 Ite
397 576 430 632 iu
451 573 553 632 urbem
576 573 619 631 ud
641 575 795 652 quendam.
847 573 1004 636 Matthaeus
1028 585 1138 636 certum
1162 574 1316 636 hominen

177 653 323 742 designata·
340 649 441 730 reliqui
461 647 519 742 duo
541 647 642 740 missos
662 648 752 739 fuisse·
765 649 915 742 discipulos
940 663 1055 742 narrant
1073 649 1151 732 quasi
1169 651 1204 710 ad
1224 651 1317 735 igno·

174 723 1317 892 tt?stt.,llltllatt'llal{tlllllltllllltritt}5petit:

178 883 218 942 ito
235 879 386 955 miraculo,
414 897 478 938 eum
506 876 763 953 tommosam,
791 879 840 959 qni
858 890 926 940 lunc
947 879 1057 960 agnitus
1077 878 1166 940 suita
1185 878 1316 962 discipu-

177 955 223 1018 lis:
247 953 436 1036 nequeenim
455 953 571 1016 dubium
594 965 649 1030 est,
674 966 820 1034 postquam
844 954 959 1016 domum
983 955 1137 1030 venerunt,
1161 969 1316 1050 repertum

177 1033 213 1094 ab
232 1031 286 1094 lllls
309 1031 392 1094 luisse
415 1051 504 1091 nuum
526 1031 644 1112 aliquem
668 1053 702 1090 ex
726 1033 783 1092 suis
812 1029 998 1092 familiaribus.
1035 1031 1109 1092 Nam
1130 1043 1158 1092 et
1178 1032 1316 1094 Lbristus

177 1109 218 1170 illi
236 1129 291 1191 pro
310 1127 362 1172 tuo
381 1109 442 1170 iure
460 1106 589 1183 mandat,
607 1119 640 1166 ut
658 1105 711 1168 sibi
729 1129 761 1168 ac
781 1107 836 1168 suis
852 1108 903 1168 bos
924 1108 1004 1167 itium
1021 1119 1116 1188 paret,
1140 1107 1315 1192 magistrum

178 1209 209 1250 se
228 1184 391 1261 nominans,
415 1195 445 1246 et
462 1184 510 1245 ille
528 1183 658 1277 protinus
677 1183 851 1266 obsequitur.
933 1196 1040 1248 etenum
1083 1184 1187 1244 uamvis
1212 1185 1315 1246 bomi-

179 1285 246 1326 nem
265 1272 361 1344 posset
383 1283 436 1323 suo
460 1281 576 1321 nomme
602 1260 773 1340 exprimere,
796 1260 930 1322 miraculo
950 1269 1047 1320 tamen
1091 1260 1221 1341 'scipulos
1242 1282 1313 1322 suos

172 1340 302 1420 diripere
324 1337 359 1399 ad
383 1358 448 1398 eum
472 1336 581 1397 maluit:
611 1349 643 1394 ut
668 1357 753 1417 quum
777 1337 947 1398 exinanitum
971 1335 1053 1418 paulo
1076 1349 1144 1418 post
1167 1337 1312 1414 viderent,

171 1415 235 1477 -boc
262 1428 355 1478 tamen
380 1414 550 1475 documento
578 1413 691 1474 sullulta
715 1413 725 1472 i
746 1433 841 1474 sorum
868 1413 936 1474 fides
962 1423 1057 1473 staret.
1102 1413 1203 1492 Neque
1230 1413 1312 1474 enim
1393 1425 1394 1430 ’

174 1492 249 1574 baec
272 1492 343 1552 levis
361 1501 422 1550 erat
441 1489 635 1562 confirmatio,
667 1436 744 1626 quod
761 1490 855 1582 paucis
878 1501 945 1550 aute
972 1489 1048 1550 boris
1071 1510 1153 1568 quam
1171 1489 1207 1550 ad
1227 1511 1312 1550 mor·

172 1579 238 1630 -tem
256 1577 421 1648 raperetur„
435 1565 530 1626 Deum
549 1585 580 1626 se
598 1565 673 1624 mani
687 1577 747 1626 esto
767 1565 870 1627 indicio
889 1577 1007 1626 testatus
1025 1563 1130 1641 fuerat,
1148 1578 1181 1626 ut
1199 1567 1311 1628 scirent

178 1665 244 1706 non
259 1643 423 1704 necessitate
445 1643 535 1734 ipsum
555 1640 635 1723 cogi,
671 1641 720 1703 sed
744 1653 846 1734 sponte
870 1643 980 1703 cedere.
1012 1640 1188 1734 ¹Quanquam
1210 1655 1311 1704 autem

160 1721 208 1800 'in
226 1720 289 1799 ipso
307 1717 524 1810 perturbationis
536 1729 693 1810 ’momento'
710 1718 782 1809 nibil
798 1718 876 1779 forte
895 1718 950 1780 boc
970 1718 1010 1780 eis
1028 1717 1149 1812 prosunt,
1168 1720 1311 1810 memoria

90 1861 93 1868 ·
175 1792 1310 1958 ιιιιιιιιιιιιιιιιιιιιιιι

118 1961 122 1965 “
170 1945 296 2034 ·Cbristo
315 1944 436 2004 Deitatrs
454 1943 573 2026 gloriam
592 1965 751 2026 appanusse
768 1947 821 2006 sub
841 1945 931 2026 ipsum
951 1947 1050 2008 mortis
1068 1958 1125 2008 tem
1146 1970 1186 2008 us.
1219 1951 1309 2008 Tem-

218 2043 234 2080 s
254 2041 350 2080 meum
363 2041 455 2114 prope
472 2031 527 2080 est.
549 2020 718 2100 Quanquam
737 2022 793 2082 rite
813 2043 846 2084 ex
858 2023 940 2104 Legis
954 2034 1111 2104 praecepto
1127 1969 1235 2086 bostra
1254 2047 1308 2086 ce·

189 2099 314 2171 ebraret‚
343 2097 452 2188 videtur
474 2108 570 2157 tamen
590 2097 720 2159 consulto
747 2100 819 2159 banc
842 2119 952 2160 causam
970 2099 1126 2173 adducere,
1152 2112 1185 2160 ut
1205 2121 1306 2180 moro7

179 2173 266 2238 sitatis
285 2172 394 2255 culpam
412 2173 506 2236 diluat.
543 2173 607 2234 Sibi
626 2193 697 2256 ergo
717 2174 866 2252 festinandi
885 2195 993 2238 causam
1014 2195 1072 2238 esse
1091 2176 1171 2251 dicit,
1191 2177 1306 2270 quomi-

179 2273 232 2314 nus
250 2271 280 2312 sc
298 2262 431 2332 receptae
448 2249 645 2312 consuetudini
665 2253 877 2330 accommodet,
896 2251 960 2331 quia
978 2253 1013 2312 ad
1032 2251 1120 2314 maius
1138 2253 1304 2314 sacraficium

155 2391 157 2400 ,
180 2339 306 2389 vocetur.
344 2327 463 2391 Interim
482 2338 589 2402 tamen,
608 2339 641 2387 nt
659 2327 790 2405 diximus,
809 2328 839 2389 in
859 2329 1018 2390 ceremonia
1036 2327 1105 2388 nibil
1124 2343 1216 2390 norat.
1237 2331 1302 2392 To-

177 2405 231 2470 lies
249 2423 319 2467 vero
340 2401 475 2481 inculcat,
493 2403 595 2485 propin
635 2427 683 2464 um
702 2425 762 2467 esse
781 2405 881 2466 mortis
899 2416 1024 2486 tempus,
1043 2417 1076 2465 ut
1093 2405 1183 2468 sciant
1199 2417 1300 2487 sponte
1394 2416 1395 2440 ¹

76 2589 79 2596 «
177 2481 600 2618 ltttlt⁰tttt.tl.³ttt
616 2479 1079 2620 ttrttttllltbltltl.
1093 2481 1302 2632 lttlsttl
1394 2555 1395 2592 ψ

113 2721 116 2728 ,
177 2643 211 2766 pt
229 2632 355 2765 qnoql'pc
378 2632 437 2766 ipsa
460 2631 596 2767 implebpt
619 2655 688 2769 ¹quiq
708 2601 851 2724 vcte’ribap
875 2633 974 2728 figuris
996 2633 1200 2770 contemne„
1227 2635 1301 2696 Nam

94 2783 97 2790 ¹
178 2727 285 2872 diui,
302 2727 565 2874 slllffliebmn‘
583 2723 1301 2864 ltt‘ttttlstlltatltltltl

94 2916 97 2930 ,
170 2869 210 2918 ut
228 2869 359 2938 antiquae
379 2857 552 2918 bberatronrs
572 2872 665 2922 essent
683 2881 836 2937 memores,
855 2862 904 2924 sed
923 2874 956 2922 ut
975 2862 1096 2924 suturam
1122 2865 1166 2941 (et
1207 2866 1301 2926 uidem
1394 2935 1395 2940 η

218 2934 335 3008 tionem)
355 2953 378 3024 a·
392 2932 508 2994 Christo
526 2957 539 2994 s
560 2949 683 2996 ararent
719 2937 785 2998 linc
803 2951 912 3030 spectat
930 2939 1009 3000 Pauli
1026 2940 1166 3001 sententia
1184 2886 1299 3017 dbCor.
1394 2953 1395 2964 ¹

177 2957 289 3090 bil),
308 3009 452 3074 Christum
472 2957 577 3070 Pascba
596 3024 724 3072 nostrum
744 3035 805 3076 esse
823 3014 1011 3092 immolatum,
1031 3027 1085 3076 etc.

255 3093 300 3152 la.
319 3090 462 3150 Fecerunt
479 3089 558 3150 sicut
580 3090 762 3151 iniunxerat.
803 3090 892 3167 Quod
909 3089 1034 3172 discipuli
1051 3103 1183 3228 prompto
1201 3090 1300 3152 animo

178 3161 388 3253 obtemperant,
420 3163 451 3224 in
479 3185 514 3225 eo
543 3167 665 3226 notanda
688 3180 731 3228 est
752 3165 800 3262 pia
827 3187 926 3228 eornm
944 3166 1079 3230 docilitas.
1146 3185 1298 3228 occurrere

178 3241 827 3380 ιι,ιιιιιιιιι
847 3245 979 3382 ιιι
994 3243 1299 3394 :asseculae

72 3425 75 3432 .
177 3409 265 3526 quum
281 3339 387 3452 sciderat
404 3393 504 3472 passim
524 3341 689 3456 nonpmodo
704 3342 915 3477 cbniemprnmi
926 3395 976 3457 sed
991 3396 1074 3458 etiam
1093 3339 1209 3461 morbum
1226 3415 1298 3464 etae-
1394 3415 1395 3424 ¹

204 3474 265 3543 tqur
284 3485 343 3525 non
361 3469 442 3528 anxie
461 3469 607 3549 inquirunt
625 3473 661 3532 de
679 3483 795 3545 eventu,
819 3469 869 3532 sed
887 3471 1006 3553 imperio
1025 3471 1134 3550 placide
1152 3471 1298 3534 obediunt.

177 3541 278 3620 Atque,
291 3539 360 3601 baec
378 3543 460 3604 nobis
479 3545 575 3627 regula
595 3549 716 3607 tenenda
735 3559 792 3622 est,
825 3547 849 3607 si
867 3547 951 3609 fidem
968 3559 1095 3610 nostram
1113 3547 1228 3630 probari
1247 3569 1298 3608 cu·

177 3615 283 3701 pimus,
308 3628 339 3677 ut
357 3617 418 3677 solo
442 3633 593 3702 praecepto
613 3623 740 3683 contenti
768 3633 933 3706 pergamus,
955 3645 1012 3718 quo
1035 3625 1116 3686 Deus
1139 3622 1232 3703 iubet,
1265 3642 1299 3688 ue

177 3704 321 3775 sperantes
339 3714 421 3772 quem
440 3696 580 3774 promittit
597 3711 767 3774 successum,
786 3721 822 3760 nc
842 3700 926 3762 simus
944 3699 1027 3762 rumis
1043 3701 1164 3763 solliciti.
1190 3719 1192 3726 ·

173 3845 176 3849 ι
252 3772 299 3832 20·
325 3773 360 3834 V
357 3792 455 3848 aspere
477 3783 578 3833 nutem
596 3773 686 3848 fusto
709 3777 867 3836 discubuit.
914 3778 982 3840 Non
1005 3787 1038 3837 ut
1061 3776 1159 3840 ederet
1183 3775 1298 3850 Pascha,

136 3860 141 3870 ’
177 3845 254 3925 qnod
278 3849 377 3908 stando
397 3845 457 3910 lieri
476 3848 603 3930 oportuit
628 3851 715 3927 (sicut
738 3852 876 3927 viatores,¹
902 3855 969 3928 dum
987 3863 1155 3934 properant,
1181 3853 1297 3914 calceati

174 3933 204 3982 et
222 3944 286 3984 cum
304 3921 404 3986 baculo
424 3923 516 3998 solent
532 3924 634 4006 raptim
645 3928 890 4007 cibumsumere),
908 3931 956 3992 sed
966 3941 1081 4011 peraeto
1096 3928 1220 3992 sollenni
1230 3929 1295 4002 rius,

174 4009 205 4058 ut
222 4012 372 4075 coenaret,
397 3999 566 4063 discubuisse
585 4002 767 4084 interpretor.
805 4005 876 4068 Ideo
900 4005 999 4068 dicunt
1019 4005 1229 4088 Evangelistae,
1245 4027 1295 4064 oe·

172 4075 371 4216 apsrrqutlp:
396 4077 458 4158 quia
480 4077 572 4160 primo
591 4099 710 4160 vespere
730 4082 887 4146 mactabant
904 4103 1022 4166 agnum,
1045 4093 1075 4144 et
1101 4101 1215 4144 carnem
1235 4079 1294 4144 dut

172 4167 258 4210 asum
279 4171 295 4212 e
316 4175 331 4214 e
351 4166 408 4215 ant.
