2790 4764
162 211 220 274 116
444 201 553 266 SECT.
574 205 638 266 XV.
683 220 770 268 usus
790 221 831 266 rr
851 221 1019 268 arsamum.

163 366 195 430 8.
222 360 333 447 Quum
358 377 437 424 vero
465 355 670 424 sustulissent
696 357 811 425 oculos
837 380 930 440 snos,
963 359 1121 426 neminem
1146 354 1295 449 viderunt

163 466 227 533 nisi
247 461 353 532 solum
373 462 488 526 Iesum.
695 461 697 466 ’
1162 479 1164 488 “

164 649 168 658 ’
246 665 389 735 MARC.
410 663 465 730 IX.
516 665 546 728 2.
573 665 622 728 Ac
641 673 715 752 post
737 661 807 728 dies
829 685 885 730 ser
904 667 1036 731 assumit
1055 667 1146 733 Iesus
1167 667 1294 733 Petrum

163 784 197 840 et
215 767 369 838 Iacobum
396 779 428 834 et
448 769 618 846 loannem,
645 775 677 832 et
703 763 856 831 subducit
881 787 938 832 eos
965 769 999 832 in
1027 780 1167 834 montem
1193 769 1295 836 excel·

162 897 240 953 sum,
259 891 409 938 seorsum
432 868 537 948 solos,
560 879 591 935 et
612 868 854 934 transformatus
876 869 936 935 init
957 891 1064 936 coram
1086 873 1160 938 illis.
1203 875 1233 938 3.
1254 873 1295 936 Et

160 979 347 1044 vestimenta
372 973 458 1038 illins
484 973 567 1038 lacta
594 981 670 1038 sunt
697 969 879 1060 splendida,
911 973 1049 1039 candida
1075 974 1171 1040 valde
1195 975 1295 1040 voluti

160 1085 228 1160 nir,
262 1098 358 1166 quam
385 1072 527 1156 „candida
554 1073 660 1140 lacere
692 1093 760 1139 non
792 1085 900 1162 potest
928 1075 1008 1142 lullo
1040 1097 1138 1164 super
1167 1087 1292 1144 terram.

161 1185 192 1250 4.
212 1181 255 1250 Et
275 1189 465 1268 conspectus
487 1187 535 1242 est
556 1175 619 1242 illis
636 1175 724 1242 Elias
741 1197 813 1242 cum
831 1178 940 1252 Mose,
961 1165 1305 1268 colloquebanturque

160 1265 234 1354 cium
254 1286 337 1350 lesu.
389 1282 421 1346 ὅ.
451 1281 495 1346 Et
514 1277 714 1366 respondens
735 1281 849 1346 Petrus
871 1279 948 1346 dixit
967 1281 1057 1360 Iesu,
1083 1281 1204 1360 Rabbi,
1232 1282 1294 1349 bo-

66 1408 68 1428 *
159 1383 236 1456 nu'ur
254 1396 305 1454 e'st
319 1405 383 1462 nos
398 1383 451 1448 hio
465 1403 550 1448 esse:
573 1393 604 1448 et
618 1381 769 1448 faciamus
789 1370 1083 1464 tria'tabernacula,
1105 1384 1166 1450 tibi
1183 1407 1291 1464 unum,

158 1503 190 1560 et
210 1489 300 1557 Mosi
320 1509 432 1566 unum,
460 1495 492 1551 et
512 1483 604 1550 Eliae
625 1473 733 1550 uuum.
775 1486 806 1550 6.
827 1479 913 1551 Non*
928 1489 1014 1552 enim
1034 1498 1183 1580 noverat,
1214 1489 1293 1576 quid

157 1595 357 1682 loqueretur:
385 1598 474 1656 erant
500 1589 584 1652 enim
612 1587 815 1676 expavefacti.
866 1587 896 1654 7.
928 1591 971 1654 Et
996 1591 1080 1655 lacta
1108 1601 1157 1658 cst
1180 1591 1293 1672 nubes,
1374 1581 1375 1584 ¹

158 1719 241 1784 quac
263 1689 467 1761 obumbravit
487 1689 576 1769 illos,
594 1685 634 1754 'et
654 1691 742 1756 venit
762 1711 826 1754 vox
847 1711 865 1754 e
886 1689 986 1770 nube,
1014 1691 1141 1775 dicens,
1163 1695 1224 1759 llic
1245 1704 1293 1760 est

155 1799 259 1864 Filius
280 1817 371 1884 meus
393 1793 543 1874 dilectus,
565 1795 671 1878 ipsum
693 1791 807 1885 audite.
843 1793 874 1857 8.
896 1793 939 1860 Et
959 1805 1091 1880 repente
1114 1817 1211 1882 quum
1224 1798 1292 1860 *cir-

156 1899 419 1988 cumspexissent,
445 1916 514 1964 non
540 1894 676 1983 amplius
701 1892 850 1960 viderunt
878 1914 1074 1982 quenquam,
1105 1895 1165 1964 sed
1186 1899 1292 1964 lesum

155 2001 262 2082 solum
283 2021 402 2067 secum.

162 2190 170 2213 “
241 2207 343 2276 LUC.
365 2207 418 2272 IX.
461 2203 514 2268 28
541 2201 675 2268 Factum
701 2191 750 2266 est
772 2210 876 2270 autem
902 2210 977 2288 post
997 2200 1196 2268 haecverba
1222 2204 1291 2269 iere
1374 2207 1375 2270 l

153 2309 269 2379 diebus
297 2319 386 2389 octo,
416 2318 447 2374 et
475 2307 647 2394 assumpsit
667 2305 796 2369 Petrum
821 2314 856 2368 et
885 2303 1036 2368 loannem
1066 2314 1099 2368 et
1123 2285 1289 2393 iacobum,

154 2425 187 2481 et
209 2412 353 2482 ascendit
373 2415 407 2478 in
429 2419 578 2490 montem,
600 2419 636 2473 nt
658 2416 772 2474 oraret.
804 2407 866 2472 29..
879 2405 922 2482 Et
943 2405 1024 2470 facta
1045 2417 1101 2483 est,
1125 2405 1200 2472 dum
1215 2431 1290 2474 ora·
1374 2429 1375 2434 ¹

122 2511 127 2522 ’
151 2525 216 2594 ret,
237 2519 361 2602 species
383 2513 491 2580 vultus
514 2494 581 2578 eius
603 2509 679 2589 alia,
702 2519 734 2575 et
753 2513 891 2576 vestitus·
908 2497 978 2574 eius
1001 2507 1155 2576 candidus
1180 2533 1289 2620 acfre-
1374 2503 1375 2532 ¹

152 2615 289 2701 fulgens.
343 2615 396 2680 30.
429 2615 472 2680 Et
500 2636 582 2679 ecce.
601 2613 667 2678 duo
696 2615 758 2676 viri
785 2610 1003 2699 loquebantur
1029 2632 1102 2678 cum
1127 2611 1288 2700 illo,·qui

153 2727 243 2783 erant
268 2717 384 2782 Moses
413 2725 445 2781 et
470 2715 573 2783 Elias:
617 2715 669 2780 31.
698 2712 767 2798 Qui
792 2715 854 2778 visi
881 2716 916 2778 iu
939 2715 1112 2793 maiestate,
1139 2715 1288 2782 dicebant
1374 2725 1375 2790 Τ

152 2839 316 2892 excessum
338 2820 416 2895 eius,
436 2837 533 2902 quem
555 2815 773 2902 completurus
796 2825 863 2880 erat
882 2801 1127 2902 Hierosolymis.
1160 2819 1213 2886 32.
1227 2819 1286 2884 Pe-

149 2933 219 2990 trur
235 2941 323 2999 vero,
347 2921 455 3005 etqui
476 2939 548 2983 cum
569 2917 630 2984 illo
649 2925 747 2996 erant,
768 2919 897 3002 gravati
910 2925 1001 2982 erant
1020 2940 1147 2986 somno:
1174 2911 1285 3009 exper-

149 3027 231 3090 recti
252 3033 356 3088 autem
377 3020 529 3087 viderunt
550 3023 742 3086 maiestatem
765 3021 843 3100 eius,
866 3029 897 3084 et
919 3019 1121 3102 duosrviros,
1143 3025 1199 3110 qui
1221 3035 1286 3100 gra:

147 3123 227 3190 bant
247 3147 319 3190 cum
339 3122 408 3192 illo.
446 3123 498 3188 33.
520 3123 562 3188 Et
582 3116 699 3188 factum
721 3131 782 3202 est,
804 3143 902 3209 quum
925 3121 1128 3190 discederent
1149 3127 1189 3192 ab
1212 3127 1295 3208 illo,

94 3281 99 3306 ,
148 3229 194 3292 ait
215 3225 328 3294 Petrus
351 3223 393 3292 ad
413 3223 526 3306 lesnm',
548 3225 757 3310 Praeceptor,
768 3223 891 3289 bonum
913 3235 962 3289 est
981 3247 1042 3290 nos
1064 3227 1115 3292 hic
1138 3250 1220 3294 esse:
1251 3227 1284 3296 et

147 3325 300 3394 faciamus
321 3333 388 3394 tria*
401 3327 614 3408 tabernacula,
635 3348 736 3394 unum
757 3326 825 3408 tibi,
847 3337 879 3392 et
899 3349 999 3392 unum
1015 3325 1113 3411 Mosi,
1134 3337 1166 3396 'et
1183 3353 1283 3398 unum

145 3427 252 3510 Elias,
274 3433 423 3522 nesciens
445 3431 523 3518 quid
545 3430 673 3496 diceret.
723 3431 775 3496 at.
802 3431 891 3496 Haec
912 3437 1016 3494 autem
1037 3429 1095 3498 illo
1117 3432 1281 3520 loquente,
1374 3471 1375 3528 ἐ

145 3531 228 3596 lacta
249 3542 298 3598 est
317 3531 436 3613 nubes,
458 3542 489 3598 et
511 3530 716 3598 obumbravit
738 3553 809 3599 eos:
840 3535 1014 3601 timuerunt
1034 3543 1138 3600 antem
1159 3538 1282 3603 intran-
1374 3565 1375 3588 2

144 3632 234 3702 tibus
253 3633 317 3708 illis
338 3635 373 3699 in
393 3635 521 3701 nubem.
565 3636 618 3701 35.
648 3636 691 3701 Et
716 3657 780 3704 vox
803 3633 885 3708 taeta
912 3645 960 3702 est
987 3633 1028 3734 de
1049 3636 1136 3702 nube
1155 3638 1279 3721 dicens,

142 3735 205 3802 ldie
220 3745 269 3804 est
283 3735 386 3802 Filius
406 3757 496 3802 meus
517 3736 662 3824 dilectus,
684 3740 789 3826 ipsum
808 3737 924 3808 ardue.
958 3738 1012 3804 26.
1033 3739 1076 3805 Et
1093 3739 1168 3806 dum
1186 3740 1281 3808 fieret

143 3857 219 3920 vor,
244 3829 391 3906 inventus
414 3849 462 3906 est
482 3841 574 3908 Iesus
595 3840 694 3910 solus.
764 3897 770 3910 .
829 3833 839 3854 ⁴
1140 3856 1143 3861 “
1277 3847 1279 3850 ’

217 4025 316 4089 Primo
339 4028 494 4091 videndum
518 4039 574 4104 est,
603 4047 661 4109 quo
685 4027 803 4090 consilio
827 4027 957 4091 Christus
983 4028 1136 4104 coelestem
1156 4030 1276 4112 gloriam

102 4169 107 4184 ἱ
142 4095 176 4184 ad
194 4097 282 4164 breve
300 4117 411 4194 tempus
429 4105 567 4180 induerit,
587 4116 618 4172 et
637 4117 695 4166 tres
715 4105 806 4166 solun
827 4125 861 4164 ex
881 4105 938 4164 suis
959 4106 1101 4188 discipulis
1119 4119 1205 4170 testes
1224 4113 1275 4170 ad·
1374 4109 1375 4122 ¹

141 4164 264 4236 lubuerit
281 4181 316 4244 ad
336 4181 392 4245 boc
411 4181 609 4265 spectaculum.
650 4181 739 4257 Quod
757 4179 885 4242 sentiunt
903 4181 1015 4261 quidam
1035 4184 1135 4260 fecisse
1153 4183 1185 4244 in
1207 4207 1274 4246 eum

140 4238 289 4338 finemut
307 4271 407 4322 contra
424 4255 626 4333 tentationem,
646 4277 718 4338 quae
736 4257 891 4318 instabata
909 4269 1004 4319 morte
1020 4281 1082 4335 sna,
1104 4281 1152 4322 eos
1175 4264 1272 4324 mnni-

139 4325 193 4389 Μ,
212 4325 281 4386 uuhi
299 4353 359 4394 non
377 4349 420 4398 est
437 4331 597 4420 probabile:
616 4355 682 4398 uam
702 4335 752 4416 uir
771 4335 873 4397 eodem
891 4335 1016 4397 remedio
1036 4335 1104 4399 alios
1120 4338 1272 4426 privasset,
1374 4359 1375 4364 ¹

958 4583 967 4601 s
996 4541 1010 4602 l
