2830 4772
180 219 241 290 att
275 283 281 294 ,
336 183 450 286 Stet.
467 217 565 306 ml.
606 197 860 282 emesenorum
879 229 1154 282 menmamonss.

182 373 261 516 πᾶ
282 371 378 436 medio
401 377 532 456 tempore
559 369 636 431 inter
663 369 757 460 altaris
785 380 815 430 et
837 367 937 452 templi
958 367 1181 433 aedificationem
1202 371 1325 437 occisus
1395 371 1397 404 ¹

233 453 279 514 rit.
315 452 363 512 lle
386 450 476 514 altero
498 459 592 508 autem
615 445 748 508 Zacharia
770 446 883 508 loiadae
904 445 964 508 filio
984 468 1062 510 saera
1080 447 1196 510 historia
1215 451 1323 528 refert,

224 527 261 589 od
279 525 427 620 huic-loco
446 525 553 615 optime
572 525 700 613 quadrat:
720 543 823 656 nempe
836 545 921 602 quum
937 535 1003 604 post
1019 537 1139 614 mortem
1153 527 1239 606 patris
1255 529 1321 589 eius

182 606 269 697 impia
291 625 370 696 pegus
391 613 422 662 et
441 601 540 682 popuh
562 600 782 690 delectioneoco
801 619 865 690 apsa
889 611 963 660 esset
980 621 1048 661 vera
1066 599 1183 692 religio,
1205 603 1320 682 Spiritu

182 682 241 744 Der
259 679 343 773 fuisse
356 680 499 770 indutum,
519 688 558 766 ut·
570 675 707 766 publicam
726 674 910 735 idololatriam
929 696 1030 736 severe
1048 690 1211 758 corriperet,
1233 679 1319 774 ideo:

183 779 240 898 ἷζε
259 779 289 816 m
311 768 383 816 atrro
401 753 500 834 templi
518 753 603 814 tonse
622 752 778 832 lapidatum.
817 750 978 812 hbsurdum
998 773 1069 813 vero
1086 774 1146 814 non
1166 767 1223 831 est,
1243 769 1317 850 patra

116 837 126 916 ‚¹
220 833 296 894 iadae
321 831 540 896 honoriscausa
563 829 724 908 impositum
750 825 837 888 luisse
861 828 1011 889 barachiae
1036 849 1210 910 cognomen:
1240 835 1315 913 quia,

86 959 89 966 ,
184 932 270 994 quum
292 920 354 970 tota
376 907 434 968 vita
456 906 518 992 veri
542 902 631 966 cultus
656 905 753 983 suisset
776 915 911 979 assertor,
941 903 1044 965 merito
1068 906 1231 969 benedictus
1256 911 1316 970 Dei

184 985 294 1049 censeri
314 984 419 1046 debuit
447 983 516 1043 Sive
534 993 626 1042 autem
645 980 798 1042 binominis
817 981 903 1042 fuerit
921 981 1024 1057 Ioiada,
1047 982 1105 1043 sire
1124 984 1258 1046 mendum
1277 987 1316 1047 sit

89 1093 91 1106 ·
184 1064 194 1080 '
233 1081 307 1125 voce
326 1061 422 1138 (sicuti
440 1061 550 1122 Hieron
572 1079 632 1118 mus
652 1057 817 1132 existimat),
840 1057 877 1118 de
896 1079 929 1118 re
948 1069 1026 1118 certe
1048 1055 1123 1119 nulla
1142 1071 1183 1120 est
1202 1061 1316 1124 dubita-

182 1152 235 1214 tm,
255 1137 323 1231 guin
338 1137 465 1202 Christus
480 1080 641 1216 sacrilegam
661 1133 736 1193 illam
751 1134 900 1196 Zachariae
918 1133 1113 1214 lapidationem
1132 1147 1220 1212 notet,
1241 1160 1317 1218 quae

182 1216 315 1278 scribrtur
333 1215 372 1276 11.
394 1214 504 1276 Chron.
523 1213 571 1285 24,
590 1213 637 1271 22
686 1210 904 1272 circumstantia
919 1209 976 1271 loci
994 1211 1117 1274 criminis
1136 1217 1314 1284 atrocitatem

181 1305 281 1378 auget,
304 1291 381 1373 quod
404 1289 511 1351 scilicet
531 1286 629 1369 templi
652 1287 826 1348 sanctitatem
848 1287 963 1347 reveriti
986 1307 1046 1352 non
1066 1287 1179 1348 luerint.
1214 1291 1313 1353 Porro

180 1371 322 1449 templum
339 1367 386 1428 bic
404 1365 523 1426 sumitur
541 1383 594 1445 pro
613 1363 694 1437 atrio,
713 1375 746 1422 ut
764 1362 823 1424 aliis
842 1361 921 1444 locis.
948 1363 1024 1424 HuIc
1062 1366 1229 1444 ropinquum
1249 1381 1314 1429 erat

180 1446 268 1508 altare
286 1443 521 1514 holocaustorum,
544 1451 584 1499 ut'
595 1439 725 1500 sacerdos
740 1437 771 1499 in
791 1451 944 1518 conspectu
961 1460 1019 1532 pop
1076 1441 1200 1502 victimas
1218 1440 1314 1502 offer-

180 1535 236 1585 ret.
280 1521 410 1602 Apparet
432 1518 518 1600 igitur
541 1515 624 1577 nimis
646 1535 776 1576 vesanam
800 1515 885 1610 ΜΨ
908 1515 1027 1591 rabiem,
1055 1535 1139 1596 quam
1163 1517 1256 1580 altaris
1279 1531 1312 1582 et

180 1597 279 1692 templi
297 1607 463 1674 conspectus
483 1590 580 1654 sedare
593 1611 653 1652 non
665 1593 770 1674 potuit,
788 1591 856 1674 qn'n
874 1614 983 1653 sacrum
1002 1591 1095 1654 locum
1114 1593 1238 1657 nefando
1256 1596 1333 1660 bo-'

180 1676 295 1738 miudio
314 1672 410 1734 Iudaei
428 1669 584 1734 foedarent
880 1693 884 1702 ·
1133 1683 1139 1691 “

255 1755 304 1817 37.
332 1747 506 1817 Ierusalem,
526 1745 699 1806 quenum.
719 1744 772 1806 llis
802 1743 896 1806 verbis
910 1741 1014 1805 ,clarius
1032 1745 1208 1808 demonstrat
1227 1747 1314 1811 Chri-

180 1837 252 1904 reus,
279 1847 362 1920 quam
380 1825 480 1889 iustam
499 1821 599 1884 babeat
619 1821 838 1882 excandescendi
857 1841 983 1896 causam,
1007 1823 1083 1958 puod
1101 1823 1312 1906 Hierosolyma,

180 1926 264 1986 qnam
279 1905 333 1966 sabi
347 1903 425 1962 Deus
443 1901 473 1960 in
492 1919 602 1960 sacrum
622 1909 650 1958 et
668 1898 746 1978 quasi
765 1897 889 1958 coeleste
907 1897 1009 1958 domici
1021 1919 1079 1958 rum
1098 1898 1229 1982 elegerat,
1247 1923 1311 1963 uon

178 1982 267 2042 modo
286 1978 430 2062 indignam
448 1997 479 2040 se
493 1975 672 2067 praestiterat
690 1985 770 2033 tanto
790 1975 926 2047 honore,
940 1974 989 2034 sed
1009 1975 1100 2054 (quasi
1119 1975 1250 2056 spelunea
1265 1977 1310 2038 la-
1396 2011 1397 2024 κ

179 2069 296 2120 tronum
315 2054 402 2130 esset)
421 2052 576 2114 hauriendo
591 2049 797 2144 Prophetarum
816 2049 944 2133 sanguini
962 2049 1050 2134 longo
1069 2073 1122 2112 usu
1140 2068 1308 2126 assueverat.
1396 2079 1397 2112 l

178 2133 327 2196 Patbetice
346 2151 417 2214 ergo
435 2123 570 2191 exclamat
589 2125 717 2190 Christus
736 2126 771 2186 ad
790 2139 900 2187 tantum
919 2139 1095 2208 portentum,
1117 2127 1194 2208 quod
1212 2143 1312 2196 sancta
1396 2131 1397 2182 l

178 2211 237 2272 Dei
261 2211 357 2272 civitas
382 2227 418 2269 eo
443 2205 580 2267 amentiae
604 2203 714 2286 delapsa
740 2213 815 2279 erat,
845 2216 877 2264 ut
899 2202 1045 2264 salvificans
1069 2205 1123 2265 Dei
1146 2205 1323 2268 doctrinam*
1396 2199 1397 2268 l

178 2286 388 2370 Prophetarum
406 2283 542 2367 sanguine
558 2281 668 2375 pridem
688 2279 865 2362 exstinguere
884 2291 985 2340 conata
1005 2292 1081 2341 esset
1131 2279 1226 2369 Atque
1247 2284 1305 2344 huc
1396 2279 1397 2341 i

178 2377 288 2448 spectat
305 2359 589 2446 repetitio-uomitus,
628 2355 672 2416 uia
689 2357 751 2416 tam'
763 2355 925 2440 prodigiosa
944 2367 974 2416 et
993 2353 1158 2417 incredibilis
1174 2358 1301 2436 impietas
1322 2407 1324 2410 .

37 2461 39 2470 ’
134 2493 141 2500 .
177 2443 369 2504 detestatione
391 2457 452 2499 non
474 2435 584 2519 vulgari
606 2379 691 2516 digna
714 2445 782 2494 erat
819 2433 881 2493 Nec
906 2451 976 2494 vero
1001 2432 1147 2525 exprobrat
1171 2431 1302 2495 Christus

176 2541 262 2580 unam
281 2529 391 2578 tantum
409 2513 456 2577 vel
473 2513 588 2574 alteram
609 2509 731 2585 caedem,
749 2507 799 2570 sed
816 2509 869 2571 hac
883 2511 1086 2570 consuetudine
1097 2509 1228 2574 imbutam
1242 2515 1303 2572 esse

177 2596 278 2654 urbem
297 2591 374 2668 dicit,
392 2602 425 2649 ut
443 2589 607 2669 Prophetas,
627 2597 768 2722 ‹ppotquot
785 2586 944 2662 mittuntur,
962 2586 1094 2648 occidere
1111 2608 1171 2647 non
1184 2587 1304 2662 desinat.

176 2665 357 2748 Participium
386 2665 463 2726 enim
490 2665 555 2725 loco
579 2663 637 2746 epit
658 2663 697 2724 eti
721 2661 844 2744 positum
869 2673 923 2722 est:
955 2661 1011 2722 acsi
1035 2663 1150 2725 dixisset
1171 2663 1306 2742 Christus,

176 2747 241 2822 Tu,
265 2764 336 2823 quae
354 2741 443 2801 fidelis
461 2741 542 2802 verbi
560 2740 617 2802 Dei
637 2751 745 2811 custos,
771 2738 899 2800 coelestis
917 2735 1069 2822 sapientiae
1089 2741 1237 2823 magistra,
1263 2741 1306 2800 lu·
1333 2798 1339 2806 ,

177 2841 263 2883 cerna
281 2817 387 2891 mundi,
410 2816 475 2876 sons
493 2829 589 2877 rectae
607 2815 763 2889 doctrinae,
781 2816 861 2876 sedes
879 2811 965 2874 divini
985 2815 1084 2889 cultus,
1103 2817 1168 2878 fidei
1187 2817 1307 2879 stobe*

177 2897 300 2975 dientiae
319 2912 398 2955 exem
419 2890 460 2952 lar
479 2913 540 2953 esse
558 2891 703 2967 debueras,
722 2891 928 2980 Prophetarum
948 2911 976 2951 es
996 2891 1181 2966 interfectrix,
1200 2905 1233 2951 ut
1249 2894 1305 2954 iam

175 2975 302 3049 habitum
320 2913 459 3052 quendam
478 2969 649 3029 contraxeris
668 2989 698 3028 sa
759 2967 811 3028 'ms
831 2967 1088 3028 eorum‘sorbendi.
1120 2967 1195 3040 Hinc
1213 2969 1304 3048 igitur

175 3065 274 3136 patet,
293 3048 372 3112 omni
394 3064 501 3130 genere
522 3043 692 3125 probrorum
700 2987 802 3106 nbilam
826 3045 940 3128 dignos,
964 3044 1013 3123 qui
1038 3043 1094 3104 Dei
1116 3044 1302 3124 sanctuarium

175 3143 234 3191 mm
254 3128 337 3190 bede
355 3123 580 3208 profanaverant
614 3119 793 3201 ¹Quanquam
817 3123 900 3180 ctiam
923 3117 1004 3180 simul
1028 3119 1131 3181 Christi
1154 3119 1301 3181 consilium

175 3206 246 3278 init,
268 3203 397 3265 scandalo
434 3198 491 3259 uod
508 3215 600 3279 prope
617 3196 738 3258 instabat
759 3209 924 3272 occurrere,
947 3216 984 3278 ne
1002 3194 1105 3269 fideles,
1131 3217 1216 3274 quum
1237 3215 1303 3258 eum

146 3284 149 3295 ’
173 3279 293 3362 indigne
312 3278 405 3342 occidi
413 3222 638 3354 'llierosolymae
657 3274 797 3349 viderent,
822 3274 878 3334 tale
901 3272 1083 3354 spectaculum
1105 3292 1154 3330 sua
1173 3271 1303 3336 novitate

171 3357 314 3418 ruebant.
363 3356 417 3416 His
438 3351 513 3416 enim
532 3349 625 3410 verbis
644 3350 699 3410 iam
718 3351 853 3419 admoniti
872 3349 997 3424 fuerunt,
1020 3345 1086 3406 nibil
1107 3347 1213 3407 mirum
1233 3371 1301 3428 esse,

176 3433 201 3498 si
219 3431 286 3492 urbs
304 3431 458 3514 iugulandis
477 3425 523 3489 vel
541 3424 692 3506 lapidandis
705 3427 852 3506 Prophetis
866 3439 971 3488 assueta
988 3445 1066 3485 suum
1079 3423 1302 3517 Redemptorem

176 3507 328 3572 crudeliter
336 3507 487 3568 occideret.
508 3503 660 3568 Caeterum
670 3503 865 3583 hincapparet,
876 3513 1008 3582 quantum
1018 3501 1143 3562 tribuere
1153 3499 1224 3565 locis
1234 3525 1302 3564 cou-

174 3585 279 3652 veniat.
308 3582 419 3644 Nullam
431 3592 509 3644 certe
517 3579 615 3640 mundi
624 3579 724 3640 urbem
735 3578 981 3660 aequehplendidis
991 3577 1087 3662 elogiis
1098 3579 1300 3656 ornavitDeus,

175 3662 221 3727 vel
230 3675 288 3722 tam
298 3659 452 3720 honorilice
462 3655 572 3718 extulitr
591 3656 715 3737 videmus
728 3667 837 3730 tamen,
858 3675 915 3748 quo
929 3676 959 3716 se
969 3653 1192 3736 praecipitaverit
1201 3678 1249 3716 soa
1256 3657 1300 3716 in-

124 3787 126 3792 -
175 3736 356 3825 gratitudine.
374 3733 511 3798 Conferat
519 3752 595 3794 nunc
604 3734 678 3814 Papa
688 3731 826 3792 latrocinii
835 3754 877 3792 sua
886 3732 981 3792 sedem
990 3751 1053 3792 cum
1063 3742 1156 3791 sancta
1167 3729 1211 3790 illa
1221 3733 1298 3792 urbe:

174 3814 316 3898 quid‘pari
327 3811 476 3873 bonore'di
499 3831 565 3870 num
577 3807 718 3900 reperiet?
749 3808 859 3870 lactant
869 3808 952 3868 nobis
964 3805 1129 3868 mercenarii
1142 3807 1200 3867 eius
1210 3807 1299 3866 adula-

174 3905 268 3967 tores,
286 3891 370 3951 fidem
387 3887 442 3948 illic
462 3829 529 3948 olim
548 3886 678 3978 viguisse.
718 3883 805 3960 Quod
823 3897 856 3944 ut
874 3903 973 3944 rerum
993 3905 1053 3947 esse
1072 3885 1184 3957 demus,
1207 3883 1231 3942 si
1249 3884 1299 3942 ho-

173 3971 221 4032 die
257 3977 351 4028 onstat
368 3964 472 4046 perlida
490 3961 651 4024 deiectione
670 3960 816 4020 alienatam
833 3968 897 4020 ‘esse
916 3981 932 4018 a
952 3959 1078 4032 Christo,
1101 3971 1130 4019 et
1150 3959 1298 4018 innumeris

173 3992 323 4127 sacrilegiis
346 4043 494 4115 refertam,
523 4058 606 4117 quam
629 4038 713 4098 stulte
736 4035 876 4097 honorem
920 4036 1033 4096 rimatus
1055 4034 1082 4095 ei
1106 4033 1219 4094 affixum
1242 4055 1298 4096 esse

173 4118 368 4180 contendunt?
405 4118 465 4176 Nos
483 4133 552 4177 vero
592 4113 664 4172 otius
686 4111 825 4172 discamus
841 4133 876 4172 ex
894 4057 950 4171 hoc
968 4109 1143 4172 memorabili
1163 4111 1296 4192 exemplo,

172 4204 215 4254 ut·
231 4195 347 4273 quisque
374 4192 452 4252 locus
478 4133 630 4249 maiorlbus
653 4188 710 4246 Dei
737 4187 879 4248 beneficiis
908 4187 939 4246 in
968 4186 1087 4246 sublime
1113 4199 1229 4250 evectus
1249 4198 1297 4262 est,
1392 4239 1393 4250 ,

27 4273 29 4282 ’
115 4293 117 4300 ’
174 4269 301 4346 adeoque
322 4287 339 4326 a
362 4265 504 4328 communi
526 4266 603 4320 sorte
628 4271 785 4338 exemptus,
809 4260 831 4322 si
855 4263 1025 4343 degeneret,
1050 4281 1110 4320 non
1134 4263 1222 4322 modo
1245 4263 1296 4322 suis

105 4353 111 4368 ⁸
141 4341 346 4404 '‘omamenfis
368 4339 496 4420 spoliari,
516 4333 569 4398 aetl'
589 4353 625 4396 eo
647 4335 735 4416 magis
753 4335 929 4416 {probrosum
953 4353 1014 4398 esse
1034 4348 1068 4397 et
1094 4339 1296 4415 exsecrabilem,
