2790 4764
188 403 246 468 est,
272 392 309 455 de
326 393 497 476 Apostolatn
517 393 655 467 disserere
674 393 801 460 Christos
822 395 937 481 incipit,
959 398 1038 461 cuius
1058 394 1176 482 dignitas
1194 407 1318 458 ornatur
1385 389 1386 452 l

187 468 292 550 duplici
310 472 451 534 cncondo.
470 471 549 536 Dicit
567 472 643 536 euim
661 471 795 562 Christus,
814 473 961 558 Evangelii
980 473 1121 538 ministros
1130 473 1319 610 Ιίεὲαἰιοε-

186 545 281 608 lorum
299 569 360 608 esse
377 547 454 628 quasi
476 548 622 621 ianitores,
652 569 717 630 qma
735 547 826 610 claves
845 549 906 610 eius
923 562 1049 633 gestent:
1083 571 1169 612 secun
1188 569 1206 610 ο
1225 549 1316 624 addit,

184 633 329 706 potestate
346 621 450 706 ligandi
469 635 499 686 et
516 623 643 686 solvendi
660 645 720 686 esse
757 624 893 699 raeditos,
911 627 1038 705 quaesit
1056 627 1086 686 in
1105 626 1190 687 coelis
1203 625 1317 686 efficax.

190 701 327 764 eloctum
346 699 497 760 similitudo
516 701 657 762 concinne
675 701 710 760 ad
728 647 849 762 discendi
867 723 969 762 munus
987 713 1113 782 aptatur,
1140 703 1221 764 sicuti
1240 703 1320 782 apud

112 843 114 848 ,
187 775 297 836 Lucana
322 775 392 852 (11,
414 773 478 854 52)
499 776 567 837 dicit
585 775 728 852 Christus,
754 775 870 843 Scribas
894 789 925 838 ct
943 777 1119 853 Pharisaeos,
1146 778 1210 859 quia
1228 777 1321 860 Legis

188 862 270 912 ornat
292 849 476 934 interpretes,
503 851 608 916 hahere
632 853 759 915 similiter
778 853 886 915 clavem
903 853 986 937 regni
1007 853 1163 916 coelomm.
1188 853 1321 916 scimus
1384 859 1386 876 ¹

140 957 144 965 =
187 927 274 1002 enirn,
292 949 354 990 uon
373 927 454 990 aliter
471 929 545 990 vitae
563 930 673 991 iactum
691 929 774 992 nobis
792 929 895 1012 aperiri
913 952 995 1010 quam
1012 929 1070 991 Dei
1087 931 1187 992 verbo.
1227 932 1322 994 Unde

187 1005 321 1085 sepultus,
345 1005 403 1070 eius
421 997 556 1092 ministris
577 1005 684 1068 clavem
703 1005 828 1068 velutin
846 1005 1058 1076 manumtradi.
1084 1006 1145 1082 Qui
1159 1006 1249 1068 claves
1261 1029 1324 1066 nu·
1385 1013 1386 1084 l

186 1088 270 1144 mero
288 1081 389 1176 plurali
405 1081 470 1142 ideo
488 1083 576 1147 dictas
592 1093 709 1164 putant,
721 1084 799 1166 pud
812 1081 958 1166 Apostolis
976 1103 1036 1144 non
1048 1081 1198 1164 aperiendi
1216 1083 1324 1156 modo,

186 1157 239 1222 sed
261 1171 345 1222 otum
370 1156 521 1240 clutdendij
537 1159 696 1220 iniunctum
714 1158 801 1220 luerit
819 1159 993 1242 mandatnm,
1016 1179 1077 1219 non
1095 1158 1157 1219 sine
1175 1158 1324 1238 probabili

188 1233 289 1298 colore
311 1233 477 1315 loquuntur:
506 1235 531 1297 si
553 1235 615 1316 quis
633 1247 730 1318 umen
748 1235 841 1297 minus
859 1255 891 1298 ar
930 1247 960 1296 te
977 1234 1109 1317 accipiat,
1132 1234 1241 1294 fruatur
1260 1256 1323 1296 suo
1385 1239 1386 1296 l

186 1333 281 1374 sensu.
325 1311 494 1388 Quaeritur,
519 1332 570 1375 cnr
586 1332 617 1375 se
634 1313 723 1374 Petro
742 1313 872 1373 datmm
919 1311 1030 1372 ominus
1048 1311 1210 1392 promittat,
1235 1310 1328 1390 quod
1385 1389 1386 1392 Ἴ

186 1387 265 1526 prius
287 1388 362 1450 visus
386 1398 447 1462 erat
468 1387 577 1450 dedisse
600 1387 772 1472 Apostolum
795 1389 927 1450 creando.
964 1390 1073 1449 Verum
1096 1387 1166 1448 haec
1184 1387 1322 1466 quaestio

207 1465 298 1526 ecimo
323 1463 414 1545 capite
435 1461 529 1528 soluta
548 1463 616 1540 tuit,
645 1463 696 1526 ubi
718 1463 787 1540 dixi,
821 1464 970 1526 duodecim
992 1463 1159 1527 illos-initio
1178 1484 1240 1528 uon
1259 1463 1322 1531 nisi

185 1539 373 1623 temporarios
392 1539 478 1602 fuisse
495 1560 665 1621 praecones:
681 1539 720 1602 ita
738 1541 773 1602 ad
792 1539 937 1607 Christum
954 1539 1062 1604 reversi
1080 1539 1235 1603 vocadonis
1248 1560 1321 1600 suae

186 1639 299 1680 cursum
318 1615 508 1678 confecerant
545 1617 698 1694 Postquam
716 1623 846 1678 antem¹a
863 1614 985 1678 mortuis
1001 1612 1156 1679 resurrexit
1175 1615 1320 1688 Christus,
1385 1683 1386 1686 Ἴ

184 1703 255 1754 tunc
274 1704 432 1774 coeperunt
448 1691 559 1756 institui
577 1692 712 1756 ordinarii
729 1691 873 1753 Ecclesiae
893 1692 1041 1754 doctores:
1060 1692 1117 1754 hoc
1135 1703 1267 1772 respectu
1285 1691 1320 1750 in
1385 1701 1386 1706 ’

184 1769 312 1830 futurum
329 1780 441 1848 tempus
459 1765 607 1842 confertur
624 1767 672 1833 hie
691 1767 795 1828 honor.
835 1769 987 1846 Quicquid
1003 1772 1156 1849 ligustris.
1184 1769 1319 1829 Secunda

189 243 247 308 1⁰8
265 211 277 230 ’
440 241 574 314 ,θΕῦἜ
593 231 659 349 xit.
696 257 785 308 rasus
803 257 845 306 rr
863 205 1032 310 annuum.

86 1909 91 1920 x
185 1845 349 1927 metaphora
372 1843 418 1906 vel
440 1843 597 1934 similitudo·
611 1843 727 1924 proprie
745 1845 780 1903 ad
798 1841 950 1904 notandam
969 1847 1151 1924 peccatorum
1170 1843 1319 1906 remissio-
1385 1877 1386 1880 ¹

139 1973 141 1978 .
184 1941 253 1983 nem
276 1920 359 1984 valet.
397 1920 526 1982 Chrisnrs
552 1940 643 1994 emm,
669 1939 720 1983 suo
746 1919 901 2002 Evangelio
925 1939 979 1980 nos
1004 1921 1039 1982 ab
1063 1923 1195 1985 aeternae
1212 1917 1318 1980 mortis

184 2005 266 2058 reatu
296 1997 431 2070 liberans,
466 1995 669 2060 maledictionis
694 1994 825 2076 laqueos,
863 1993 963 2074 quihus
990 2006 1123 2060 tenemur
1155 1995 1317 2070 constricti,
1385 2049 1386 2054 ,

30 2043 43 2062 .
110 2090 114 2098 “
184 2073 276 2136 solvit
316 2075 398 2156 Ergo
417 2071 564 2156 Evangelii
581 2071 740 2134 doctrinam
766 2073 914 2142 soluendis
931 2072 1036 2148 nostris
1054 2071 1172 2134 vinculis
1187 2071 1319 2132 destina-
1385 2069 1386 2096 l

184 2161 243 2213 tam
263 2171 324 2213 esse
341 2161 469 2222 testatur,
488 2160 521 2214 ut
539 2169 613 2210 voce
632 2169 665 2208 ac
683 2148 847 2208 testimonio
866 2148 1013 2209 hominurn
1033 2147 1064 2208 in
1081 2159 1158 2208 terra
1176 2147 1318 2208 solutius

184 2227 245 2318 ipsa
263 2228 348 2290 etiam
365 2227 395 2287 in
415 2225 497 2288 coelo
516 2223 667 2288 solvamur.
694 2224 753 2286 Sed
769 2224 833 2304 qrtia
851 2223 984 2304 permulti
1002 2245 1064 2284 uon
1081 2223 1168 2284 modo
1183 2222 1317 2300 oblatam

184 2303 383 2365 liberationem
404 2301 490 2383 impio
512 2301 738 2379 respuunt‚·sed
752 2322 804 2360 sua
823 2299 998 2362 contumacia
1017 2299 1132 2382 gravius
1147 2297 1200 2359 sibi
1217 2320 1319 2360 arces·
1385 2333 1386 2336 ¹

148 2375 153 2392 ’
185 2392 252 2444 sunt
274 2380 421 2455 iudicium,
449 2377 572 2462 ligandi
593 2378 676 2438 etiam
700 2375 816 2436 facultas
834 2377 1043 2436 acmandatum
1062 2373 1208 2458 Evangelii
1226 2374 1318 2456 mini·
1385 2367 1386 2424 l

185 2457 249 2520 stris
273 2457 365 2520 datur.
409 2455 578 2536 Quanquam
599 2453 756 2514 notandum
775 2464 832 2527 est,
854 2454 912 2512 hoo
931 2451 1086 2534 Evangelio
1104 2473 1165 2514 esse
1182 2451 1324 2512 acciden-¹
1385 2457 1386 2476 *

185 2533 251 2609 tale,
271 2546 302 2594 et
320 2534 397 2614 quasi
415 2545 529 2616 praeter
548 2543 689 2592 naturam:
708 2529 798 2590 ,sicuti
818 2540 847 2592 et
865 2527 966 2609 Paulus
980 2529 1078 2604 docet,
1098 2549 1185 2608 quum
1200 2527 1236 2588 de
1249 2529 1316 2590 vin-

186 2609 262 2670 dicta
285 2609 437 2684 disserens,
463 2629 545 2688 quam
568 2627 599 2670 se
618 2607 802 2688 inpromptu
820 2605 926 2666 habere
944 2603 1013 2666 dicit
1031 2616 1132 2671 contra
1150 2625 1249 2667 omnes
1267 2605 1316 2674 in·
1385 2665 1386 2674 ,

185 2681 316 2744 credulos
334 2695 366 2744 et
383 2684 516 2759 rebelles,
543 2683 681 2744 continuo
722 2693 767 2742 ost
784 2681 925 2764 adiungit,
943 2681 1003 2743 Ubi
1021 2679 1136 2762 impleta
1154 2679 1241 2748 luerit
1259 2680 1316 2740 oh·
1385 2685 1386 2698 ¹

186 2757 308 2818 odientia
324 2772 425 2820 ,verua
451 2760 512 2830 (ΙΙ.
533 2760 602 2822 Cor.
624 2761 670 2833 10,
711 2759 749 2831 .).
782 2757 854 2816 ¹illisi
874 2758 951 2818 enim
969 2778 1018 2818 sua
1036 2759 1117 2838 culpa
1134 2777 1166 2818 re
1186 2757 1249 2816 robi
1266 2755 1320 2823 ¹vi·-

184 2843 243 2894 tana
261 2833 292 2892 in
310 2844 432 2894 mortem
452 2845 662 2907 converterent,
680 2829 866 2913 Evangeliurn
885 2835 1014 2913 potentia
1024 2835 1078 2894 Dei
1096 2779 1315 2896 omnibuscsset

175 2909 217 2993 ,5¹¹
241 2908 370 2974 salutem:
405 2909 469 3001 quia
492 2921 588 2970 tamur
614 2929 649 2970 eo
673 2907 768 2970 audito
792 2907 946 2970 multorum
964 2910 1094 2990 impietas
1109 2907 1314 2990 palamerum-

82 3039 85 3045 .
185 3008 257 3069 pens
275 2987 345 3048 iram
365 2985 528 3071 Dermagis
547 2994 694 3066 provocat,
712 2982 814 3044 talibus
831 2985 1012 3047 mortiferum
1031 3005 1092 3049 esse
1111 2985 1170 3046 eius
1194 2985 1313 3046 odorem

185 3084 302 3126 necesse
327 3074 379 3124 est.
421 3061 537 3122 Surmna
562 3059 630 3122 haec
657 3071 715 3135 est,
761 3059 819 3120 uod
841 3061 978 3123 certiores
1001 3060 1120 3124 reddere
1138 3060 1315 3122 suos‘voluit

175 3139 318 3206 ‚Christus
341 3139 377 3200 de
399 3135 488 3200 salute
511 3136 563 3196 sibi
585 3135 616 3196 in
627 3081 798 3222 ‘Evangdio
828 3137 976 3216 promissa,
1005 3148 1039 3198 ut
1062 3144 1123 3198 eam
1141 3157 1202 3197 non
1219 3137 1337 3198 minus'
1385 3113 1386 3182 l

99 3214 105 3228 ⁸
175 3235 285 3277 *secure
310 3225 485 3296 exspectent,
511 3211 640 3292 quamsi
662 3213 723 3292 ipse
746 3211 825 3273 testis
844 3233 860 3272 e
879 3211 961 3274 coelo
980 3213 1176 3284 descenderet:
1200 3233 1314 3274 rursum
1356 3281 1359 3290 ,

186 3309 270 3366 vero,
283 3291 421 3352 *incutere
439 3301 580 3350 terrorem
600 3289 858 3370 contemptoribus,
882 3311 919 3352 ne
938 3311 968 3350 se
987 3290 1102 3372 impune
1120 3289 1211 3350 Verbi
1228 3289 1315 3352 mini-

123 3371 129 3388 '
185 3363 250 3425 stris
277 3366 393 3427 illudere
420 3376 529 3446 putent.
589 3365 723 3441 Quorum
751 3378 902 3445 utrumque
931 3365 1012 3428 valde
1035 3365 1223 3428 necessarium
1246 3364 1313 3426 luit:
1385 3425 1386 3430 ,

185 3461 251 3502 nam
269 3441 334 3521 qnia
352 3443 382 3502 in
401 3442 472 3502 vasis
489 3439 621 3502 fictilibus
640 3439 723 3502 nobis
741 3441 966 3522 incomparabilis
984 3443 1059 3505 vitae
1077 3443 1222 3504 thesaurus
1243 3463 1315 3523 pro·

108 3581 109 3588 ,
184 3517 302 3596 ponitur
322 3517 380 3592 (Il.
401 3518 469 3578 Cor.
489 3521 517 3590 4,
537 3517 595 3594 7.),
620 3517 748 3578 nisi'hoc
767 3519 853 3578 modo
872 3520 977 3581 sancita
995 3519 1093 3580 tusses
1110 3531 1242 3582 aeternae
1259 3519 1314 3578 do-

185 3592 293 3662 ctrinae
313 3593 472 3667 auctoritas,
495 3592 609 3686 singulis
628 3593 689 3654 lere
700 3594 851 3656 momentis
863 3593 1016 3658 labasceret
1026 3596 1084 3657 eius
1092 3595 1168 3656 fides.
1188 3595 1313 3656 Rursum

183 3681 243 3730 tam
266 3669 397 3728 audacter
441 3679 600 3730 rotervmnt
622 3669 714 3752 impii,
744 3670 808 3764 qrria
830 3671 977 3756 negotium
996 3673 1048 3738 sihi
1067 3693 1131 3732 curn
1153 3670 1313 3749 hominibus

186 3767 247 3807 esse
267 3754 375 3829 putant
413 3689 585 3806 Eronuntiat
602 3767 672 3828 ergo
693 3745 831 3820 Christus,
849 3749 975 3840 patefieri
993 3747 1140 3830 Evangelii
1157 3747 1311 3827 praeconio
1330 3787 1341 3796 -

184 3821 216 3882 in
235 3835 320 3898 terra,
340 3817 421 3902 quale
443 3818 568 3898 lutcuum
586 3823 623 3884 sit
641 3821 763 3896 coeleste
774 3823 830 3884 Dei
848 3823 989 3900 iudicium,
1009 3847 1063 3886 nec
1082 3823 1193 3888 aliunde
1211 3835 1313 3904 poten-

184 3899 248 3958 dam
274 3918 336 3959 esse
360 3897 434 3958 vitae
457 3907 506 3964 aut
527 3900 628 3960 mortis
652 3899 858 3962 certitudinem.
902 3903 1021 3982 hlagnus
1040 3900 1086 3960 hic
1104 3900 1213 3980 honor,
1237 3899 1312 3980 qnod

142 3984 146 3989 '
185 3975 241 4034 Dei
267 3973 447 4056 interpretes
461 3993 555 4038 sumus
579 3978 615 4036 ad
637 3977 792 4036 testandam
810 3974 916 4036 mundo
935 3997 1013 4043 suam
1033 3976 1159 4066 salptem.
1180 3977 1313 4037 ·Sunnna

185 4049 333 4133 Evangelii
352 4050 492 4124 maiestas,
517 4051 593 4130 quod
611 4061 725 4112 mutuae
742 4053 819 4112 inter
838 4055 933 4114 Deum
952 4064 981 4115 et
999 4055 1128 4118 honunes
1145 4051 1312 4112 reconcilia-

185 4123 271 4188 tionis
290 4125 394 4210 legatio
415 4147 474 4188 esse
493 4127 604 4189 dicitur.
634 4127 706 4190 hlira
718 4129 847 4207 'denique
864 4130 918 4220 piis
937 4129 1035 4192 animis
1053 4128 1217 4202 consolatio,
1237 4127 1313 4206 quod
1385 4147 1386 4152 ¹

185 4209 277 4287 ratum
305 4225 403 4274 coram
425 4205 490 4266 Deo
516 4225 575 4277 esse
600 4203 695 4266 scium
719 4205 831 4279 allatrun
854 4205 907 4266 sthi
929 4207 964 4267 ab
988 4205 1179 4270 homuncione
1201 4203 1313 4264 mortali
1385 4267 1386 4280 ¹

171 4268 278 4347 ⁴salutis
309 4275 449 4348 nuntium.
491 4279 614 4342 Interea
633 4281 810 4347 subsannent·
831 4281 922 4364 impii,
950 4292 982 4342 ut
1005 4282 1133 4356 libuerit,
1159 4301 1232 4360 quae
1256 4279 1339 4342 Deix
1385 4301 1386 4308 ¹

185 4345 318 4414 mandata
336 4358 513 4434 praedicatur
527 4357 845 4428 nordhamtonam
861 4361 983 4438 undem,
1001 4380 1084 4440 quam
1102 4379 1170 4426 vere
1187 4378 1221 4424 ac
1239 4355 1313 4420 serio
1385 4421 1386 4430 ,
