2830 4772
234 349 237 360 Ἰ
281 259 516 340 -<rta·-183.··
534 209 851 340 herisiPharisacorum
867 253 1062 376 reprobatio.)
1143 255 1149 265 “
1195 259 1252 326 ttl

116 367 416 503 igttor‘hoc'obtiqpo,
435 399 605 472 inistraivos
622 408 728 501 iactare
746 420 874 488 sanqtum
891 431 991 494 genus,
1010 432 1097 493 qutun
1110 408 1254 548 orpginem

116 489 231 550 trahatis
250 489 397 567 ab·i1npns
416 497 450 548 et
462 485 586 549 scelestis
604 487 738 568 patribust
765 486 811 547 Ite
829 507 914 562 nunc,
936 499 966 548 et
981 489 1081 550 restris
1100 509 1147 548 sce
1158 487 1253 551 errhus

118 565 267 626 obtendite
297 585 397 625 eorum
424 563 570 646 pietatem,
597 583 718 642 quorum
742 583 840 625 manus
864 563 1141 655 innoxiosanguiue
1165 563 1253 626 scisse

89 682 96 688 -
117 641 238 722 pollutas
258 640 393 704 fatemini.
430 638 519 720 Atqui
537 639 631 731 longe·
646 639 757 722 grauius
777 640 886 704 crimen
904 639 1026 718 accedit,
1042 641 1120 778 quod
1138 640 1252 722 sterile·
1324 680 1326 688 ι

118 737 189 800 gum
211 716 339 778 furorem
362 728 485 798 patrum,
510 737 593 796 quem
623 737 652 776 m
675 727 855 795 mortuorum
869 711 1017 796 'sepulcris
1060 717 1191 793 arnnatis,
1207 716 1252 778 vin

119 792 207 854 caede
225 793 355 856 vivorum
373 789 527 852 imitamini.
567 791 666 865 Quare
683 793 797 852 tandem
813 791 965 866 concludit,
985 812 1035 854 eos
1051 793 1103 853 bac
1120 793 1152 856 in
1169 803 1252 874 parte

117 890 135 930 a
154 869 280 950 patribus
297 889 358 931 non
378 888 439 930 esse
457 867 628 949 degeneres,
657 867 713 927 acsi
733 867 852 944 diceret,
874 884 935 928 non
954 867 1054 948 incipit
1072 887 1140 952 gens
1157 881 1251 933 restra

118 967 197 1006 nunc
220 945 335 1022 demum
357 943 464 1008 saevire
484 943 515 1003 in
539 943 595 1004 Dei
618 943 787 1024 Prophetas:
815 945 883 1005 haec
907 943 982 1005 enim
1001 955 1084 1006 vetus
1107 955 1148 1004 est
1165 945 1251 1008 disci-

117 1019 202 1104 plina,
221 1019 267 1082 hio
285 1041 347 1085 mos
365 1042 381 1080 a
400 1018 525 1101 patribus
539 1019 665 1093 traditus,
684 1020 804 1100 deniqne
822 1021 892 1082 haec
910 1018 1098 1106 agendiuatio
1113 1018 1192 1083 vohis
1205 1032 1250 1084 est

83 1125 88 1132 ·
118 1097 197 1178 quasi
216 1097 321 1159 inolita.
369 1097 522 1163 Caeterum
540 1115 600 1154 non
618 1094 699 1156 iubet
717 1115 766 1156 eos
785 1096 880 1162 lacere
898 1097 975 1178 qnod
993 1095 1114 1172 iaciunt,
1136 1106 1170 1156 ut
1186 1117 1252 1158 san-

118 1185 181 1236 ctos
200 1175 331 1239 doctores
348 1171 527 1246 interficiant,
545 1169 595 1232 sed
612 1170 732 1253 figurate
750 1171 889 1262 significat
907 1193 966 1249 eos,
985 1171 1170 1234 haereditario
1189 1170 1252 1232 iure

116 1249 196 1312 insur
217 1271 266 1313 ere
290 1261 390 1312 contra
412 1247 469 1310 Dei
491 1267 602 1322 servos,
631 1267 664 1308 ac
687 1247 805 1310 dandam
831 1249 884 1309 illis
909 1270 970 1312 esse
994 1247 1137 1311 licentiam
1158 1264 1252 1384 oppu7
1280 1283 1283 1294 κ

139 1271 246 1389 modae
260 1326 386 1407 pietatis:
405 1323 468 1405 qnia
487 1323 543 1386 hoc
562 1321 649 1384 modo
669 1322 796 1404 implent,
815 1325 890 1406 quud
909 1326 1117 1407 deestpatrnm
1137 1343 1184 1385 sce
1196 1323 1252 1384 eri-

117 1345 179 1479 bus,
199 1413 229 1478 et
247 1423 330 1482 quam
348 1399 389 1461 illi
408 1399 585 1480 exorsi,sunt
602 1398 689 1460 telam
706 1401 863 1464 absolvunt.
892 1401 947 1464 His
965 1398 1172 1480 auternrerhis
1190 1419 1252 1462 non
1353 1425 1356 1434 ¹

116 1490 228 1540 tantum
245 1475 412 1558 pronuntiat
429 1475 504 1556 ipsos
523 1496 584 1536 esse
602 1476 774 1557 desperatos,
792 1477 885 1560 etqui
903 1475 938 1539 ad
956 1498 1052 1541 sanam
1066 1487 1191 1539 mentem
1204 1495 1253 1539 re-

116 1555 216 1622 uocari
234 1563 390 1634 nequeant,
404 1553 462 1612 sed
480 1551 619 1632 simplices
639 1554 785 1628 admonet,
804 1575 865 1614 non
884 1573 946 1618 esse
964 1554 1083 1634 mirum,
1100 1551 1126 1622 ti
1143 1551 1179 1616 ah
1197 1551 1252 1614 hu·

100 1631 284 1693 'micidarum
302 1627 365 1708 liliis
383 1626 455 1691 mal'e
473 1639 632 1696 tractentur
649 1629 706 1690 Dei
724 1631 894 1710 Psophetae.

138 1753 141 1763 .
193 1707 241 1768 33.
279 1706 438 1787 Progenies
456 1709 634 1782 viperarum.
673 1705 825 1784 Postquam
844 1705 970 1768 ostendit
989 1703 1127 1782 Christus,
1148 1703 1253 1768 scribas

117 1803 178 1843 non
196 1783 284 1843 modo
303 1781 435 1844 scelestos
453 1801 514 1842 esse
532 1781 595 1863 piae
607 1781 758 1856 ¹doetrinae
781 1781 877 1844 hostes
901 1793 931 1859 et
953 1782 1076 1862 perfidos
1099 1793 1254 1864 corrupto·

116 1881 164 1924 res
182 1857 270 1921 divini
289 1857 395 1934 cultus,
411 1859 460 1919 sed
478 1857 638 1919 mortiferas
657 1879 770 1939 qnoque
788 1859 930 1920 Ecclesiae
946 1871 1056 1952 pestes,
1073 1857 1161 1921 linem
1175 1863 1253 1920 'con-

118 1936 194 2001 cioni
212 1955 278 1997 suae
296 1934 419 1998 facturus
437 1934 527 1998 acrius
545 1934 576 1994 in
595 1954 645 1996 eos
665 1934 855 1998 excandescit:
879 1937 966 1997 sicutr
989 1955 1107 1998 necesse
1132 1947 1175 1996 est
1198 1935 1253 2018 ty„-

86 2021 93 2034 ’
116 2012 234 2096 poscitis
252 2010 506 2074 violenterexcuti
524 2010 737 2092 constantias,
763 2024 792 2074 et
810 2011 888 2093 qnasi
905 2011 1009 2093 raptari
1031 2011 1067 2072 ad
1084 2011 1141 2073 Dei
1159 2011 1253 2072 tribn-

100 2081 176 2164 'nal,
204 2099 237 2148 nt
258 2099 428 2150 terreantur.
479 2087 649 2167 Quanquam
671 2110 732 2150 non
754 2101 867 2150 tantum
890 2108 939 2150 eos
966 2087 1096 2150 Christus
1120 2088 1253 2171 respexit,

114 2163 167 2254 sed
184 2163 241 2226 t'oti
259 2187 297 2246 po
337 2164 367 2227 lo
385 2163 476 2227 voluit
493 2163 622 2226 incutere
639 2177 790 2239 terrorem,
808 2177 841 2226 ut
853 2185 871 2228 e
884 2163 968 2226 simili
981 2163 1068 2228 exitio
1083 2161 1137 2226 sibi
1153 2185 1253 2225 omncs
1318 2210 1320 2218 .

117 2252 259 2302 caverent
324 2261 393 2302 orro
418 2261 500 2321 quam
523 2241 592 2300 dura
617 2252 646 2302 et
666 2234 849 2305 intolerabilis
871 2240 959 2302 fuerit
981 2241 1145 2304 reverendis
1162 2239 1254 2322 magi-

117 2317 180 2380 stris
205 2311 274 2378 haec
289 2318 451 2378 morborum
475 2316 619 2396 asperitas,
642 2313 709 2378 bine
733 2309 970 2400 colligerelicet,
995 2315 1071 2396 quod
1090 2315 1144 2376 iam
1163 2316 1272 2398 longo·
1367 2339 1370 2346 ¹

43 2447 45 2450 .
116 2416 171 2454 usu
191 2395 289 2476 pacata
313 2393 368 2454 illis
392 2403 453 2454 erat
476 2391 646 2464 dominatio,
670 2404 704 2452 ut
722 2415 813 2459 nemo
836 2403 936 2460 eontm
958 2391 1106 2453 mmsiure
1127 2391 1253 2452 auderet.

117 2471 181 2531 Nec
200 2469 316 2530 dubium
335 2480 392 2543 est,
413 2468 482 2548 quin
500 2467 640 2530 multis³d
673 2467 785 2530 licuerit
807 2480 865 2530 tam
883 2467 984 2530 acerba
1004 2467 1112 2532 Christi
1131 2467 1257 2544 libertae,

116 2545 176 2607 imo
195 2557 343 2626 protervus
363 2555 394 2604 et
411 2545 599 2638 intemperans
615 2544 651 2604 ha
673 2545 728 2606 itus
746 2545 847 2622 fuerit,
873 2546 950 2626 quod
970 2543 1007 2606 de
1027 2543 1129 2606 ordine
1147 2543 1260 2609 scribon

116 2643 180 2684 rum
199 2633 258 2681 tam
275 2620 414 2701 probrose
432 2619 659 2712 loqprtanderet:
683 2621 765 2684 sicuti
783 2621 868 2683 hodie
885 2621 969 2684 multi
987 2621 1117 2684 homines
1137 2619 1250 2684 delicati

1 2791 2 2800 ἵ
116 2695 188 2761 nihil
216 2697 252 2758 de
269 2693 358 2770 ,clero
387 2693 478 2778 papalr
503 2695 629 2790 asperius
654 2695 711 2758 dici
738 2698 887 2760 sustinent.
935 2697 994 2760 Sed
1017 2699 1081 2779 quia
1105 2697 1253 2782 negotium

119 2771 236 2836 Christo
261 2783 321 2864 erat
346 2794 410 2864 cum
433 2773 560 2858 pessimus
583 2771 754 2855 hypocritis,
777 2775 827 2854 qui
840 2795 910 2864 'non
932 2773 1022 2836 modo
1041 2775 1171 2914 {ximo
1196 2771 1254 2836 Dei

117 2861 286 2930 contemptu
306 2849 404 2923 rnllatr,
425 2849 571 2939 etsupina
591 2850 759 2912 confidentia
778 2851 849 2912 ehrir
869 2862 959 2928 crant,
978 2851 1028 2912 sed
1089 2849 1254 2943 gushomi·

116 2948 187 2987 num
206 2925 411 2995 fascinaverant
428 2948 487 2987 surs
503 2919 669 3008 praestigiis,
688 2947 804 2992 necesse
824 2927 921 2990 hahuit
940 2927 1134 2990 vehementius
1153 2937 1254 2986 contre
1279 2955 1300 2983 ,-

116 3004 127 3062 i
147 3023 193 3094 sos
215 3001 293 3094 insur
309 3021 372 3093 ere.
409 3003 511 3093 ‘locat
535 3023 605 3093 ergp
629 3015 777 3083 serpentes
801 3016 858 3095 tam
882 3017 984 3066 natura
1004 3025 1088 3093 quam
1111 2999 1253 3092 moribus:

132 3021 460 3220 pmdqfvrndrctpmtqllps
478 3079 639 3214 plenuntsat,
662 3101 761 3161 quam,
780 3078 963 3144 animatore
981 3083 1167 3160 resipuerant,
1192 3075 1254 3138 frea

118 3176 391 3242 aracugereen
439 3177 500 3216 un.
563 3195 630 3252 ἢ.
1029 3229 1037 3246 ι
1116 3227 1171 3244 ..

117 3235 240 3384 ...t
255 3233 516 3388 ,latente
539 3241 635 3368 tte
655 3231 897 3388 stt..
914 3225 1255 3386 ‘ttttstettz

118 3385 185 3476 dpm
207 3385 353 3448 resolvunt
372 3329 696 3478 quidamvihterpretes,
724 3387 811 3470 Ego,
832 3387 881 3468 qui
903 3407 967 3448 sum
991 3395 1105 3446 aeterna
1127 3383 1185 3445 Dei
1208 3403 1254 3444 sa.-

104 3557 127 3630 ··
141 3537 281 3626 sripturae
305 3559 387 3628 mure
409 3539 504 3600 Deum
528 3537 573 3629 hic
596 3537 648 3600 sub
672 3559 792 3629 persona
815 3542 852 3630 §a
873 3540 978 3603 ientrae
999 3557 1066 3629 snae
1088 3537 1253 3620 loquentem

116 3609 1254 3758 ¹¹³t¹⁶1³rtmsentt²m‘¹⁶ttr.r¹..¹¹.tsttt⁰..¹tt.tt;

116 3699 238 3852 pqqitquqq
266 3765 314 3824 sed
337 3753 410 3856 qnia·
422 3765 522 3846 passim
541 3712 811 3858 quqquqomipam,
827 3769 902 3832 illins
919 3767 1024 3850 populi
1048 3761 1252 3856 contumaciam

118 3847 249 3934 magstat,
272 3859 348 3930 quast
364 3849 510 3921 epnomea
519 3841 791 3984 Christuscollilqm't,
805 3857 890 3927 atque
903 3845 959 3910 hac
971 3849 1180 3930 prosopopoeia
1196 3837 1253 3900 clas·

118 3939 177 3982 rsus
198 3915 343 3994 exprimit,
363 3918 504 3998 quodnam
522 3917 609 3980 suerit
627 3921 684 3982 Dei
701 3923 731 3982 in
749 3923 834 3984 icium
851 3923 887 3983 de
903 3919 1051 3986 insanabili
1069 3916 1162 4006 gentis
1179 3914 1252 3978 illiue
1335 3947 1339 3957 ⁴

118 3991 266 4075 pravitate.
306 3993 410 4054 Mirum
431 3993 505 4056 enim
524 3995 612 4055 videri
630 4010 757 4077 poterat,
779 4000 801 4059 si
822 3999 929 4058 nullum
948 4005 1191 4078 operaepretium
1209 3991 1253 4052 ia».

119 4068 194 4135 cturi
207 4077 291 4144 ¹erant
309 4069 456 4144 doctores,
480 4091 532 4130 cnr
553 4069 616 4132 illos
640 4081 748 4136 temere
770 4075 856 4137 vellet
878 4073 1018 4138 Dominus
1040 4067 1159 4153 fatigari.
1203 4067 1253 4130 Sic

119 4147 196 4208 enim
214 4145 357 4228 disputant
375 4143 519 4220 homines,
543 4147 639 4208 Deum
663 4150 759 4212 hidere
781 4171 914 4231 operam,
935 4168 1022 4230 quum
1040 4143 1169 4227 reprobis
1186 4161 1254 4208 rer-.-

36 4221 45 4236 “
118 4223 186 4284 bum
211 4243 293 4284 suum
317 4221 452 4314 destinat,
475 4243 545 4314 quos
570 4225 651 4285 novit
673 4227 829 4288 obstinatos
851 4229 923 4288 fors.
972 4223 1147 4304 Hypocritac
1171 4241 1256 4296 vero,

116 3461 235 3599 psentia,
258 3462 297 3524 de
319 3461 403 3524 vobrs
426 3473 607 3542 prouentus,-
636 3461 708 3523 Mihi
730 3473 824 3524 tamen
834 3463 942 3554 'magis‘
959 3461 1109 3544 probatur,
1132 3470 1253 3540 recepto
1320 3497 1329 3510 .-

118 4298 197 4382 quasi
215 4299 271 4362 hoc
292 4321 380 4362 unum
399 4297 532 4374 sufficnt,
555 4301 679 4368 assiduos
697 4305 770 4384 apud
789 4303 942 4368 sehabere
961 4298 1088 4360 coelestis
1107 4296 1253 4359 doctrinae
1294 4301 1295 4304 ’
1321 4347 1327 4354 .
1411 4369 1412 4386 ¹

118 4397 288 4462 praecones,
312 4375 491 4460 quantumvis
509 4375 646 4456 indociles
658 4397 695 4508 ,qo
713 4379 881 4493 praebeant,
903 4377 999 4442 neum
1020 4374 1075 4440 sibi
1096 4373 1252 4460 propium

872 4604 881 4642 i
