2790 4764
121 269 180 332 1⁰2
350 261 462 326 SECT.
482 260 563 324 le.
602 274 773 324 mouns
791 275 833 322 ar
852 277 1028 326 carnosas.

31 454 35 458 -
121 415 270 480 hominum
294 434 310 474 a
332 421 416 484 recto
438 411 549 504 pietatis
574 412 668 474 studio
687 412 723 473 ad
741 415 840 474 inanes
859 424 889 476 et
907 412 988 475 nihili
1006 412 1078 476 ritus
1095 413 1255 476 traducunt.

123 497 275 558 Caeterum
297 490 361 572 quia
383 488 486 552 clarior
511 500 555 550 est
572 491 723 550 Matthaei
746 488 900 570 expositio,
924 491 954 552 in
974 511 1007 553 ea
1025 491 1155 553 insistere
1175 513 1257 572 prae-

122 570 215 634 stabit.
260 567 357 644 Quum
380 564 510 646 discipuli
533 565 699 626 aDomino
723 565 889 646 reprehensi
914 567 1029 628 'tandem
1055 565 1257 641 intellexerint,
1317 603 1319 606 .

122 647 175 710 sibi
193 653 375 728 praeceptum
394 661 464 717 esse,
485 653 517 702 ut
535 653 669 704 caverent
687 663 704 703 a
722 641 861 717 doctrina,
881 651 990 704 certum
1009 655 1060 718 est,
1080 644 1153 708 hanc
1173 643 1259 704 fuisse

124 720 232 786 Christi
254 729 393 794 mentem,
422 729 456 778 ut
480 729 581 780 contra
602 730 765 800 praesentes
789 727 873 778 torro
894 718 977 794 telas,
1007 719 1109 800 quibus
1134 719 1260 801 undiquc

123 810 205 864 crant
223 796 346 872 obsessi,
371 815 421 858 cos
440 794 573 856 muniret.
611 795 640 856 A
672 816 709 856 ue
727 795 792 856 idco
812 795 847 856 de
866 737 1022 856 tinniunt
1041 807 1072 857 et
1091 795 1260 857 sadducaeis

122 877 226 940 diserte
244 873 452 954 toquuusesc,
478 871 544 953 quia
561 871 633 932 duae
647 873 660 932 'i
699 893 715 932 e
734 883 828 934 sectae
845 881 915 933 tunc
934 871 1084 954 tyrannice
1101 871 1261 956 regnabant

123 953 154 1013 in
172 949 313 1028 Ecclesia,
324 959 372 1012 ¹‘et
388 947 498 1011 uitiosis
516 947 572 1010 suis
591 948 628 1010 do
678 948 768 1010 atibus
787 962 948 1030 oppressam
966 947 1105 1008 tenebant
1122 949 1209 1031 Legis
1229 959 1260 1009 et
1377 1001 1378 1014 ,

59 1041 65 1050 “
123 1027 331 1110 Prophetarum
354 1026 526 1102 doctrinam,
551 1035 584 1088 ut
607 967 677 1086 nillil
696 1025 756 1086 lere
775 1047 874 1086 sanum
892 1024 938 1088 vel
956 1023 1101 1108 integrum
1120 1035 1271 1086 maneret·
1377 1043 1378 1050 ¹

125 1104 281 1180 Quaeritur
298 1115 405 1178 tamem
423 1123 558 1184 quorsum
578 1103 699 1163 Morcus
718 1101 864 1164 Herodem
881 1113 1052 1174 annumeret
1065 1099 1139 1162 falsis
1153 1101 1259 1162 docto-

124 1181 212 1258 ribus,
228 1181 284 1321 qui
297 1180 367 1262 nihil
385 1177 441 1242 tale
458 1178 652 1262 profitebatur.
683 1177 869 1260 Respondes,
885 1199 972 1270 quum
990 1177 1051 1258 ipse
1070 1175 1259 1264 semiiudacus

124 1270 214 1397 seolseiln
232 1357 295 1397 suas
308 1343 407 1426 partes
425 1329 578 1392 abduceret
596 1330 744 1414 populum.
833 1331 859 1394 ic
879 1330 1107 1393 enimomnibua
1126 1329 1275 1412 apostatis.

125 1433 188 1474 mos
208 1421 260 1486 est,
277 1420 429 1470 mixturam
449 1405 569 1488 aliquam
588 1406 772 1484 comminisci,
792 1417 826 1469 ut
844 1420 945 1492 surgat
962 1427 1038 1480 nova
1056 1406 1168 1492 religio,
1187 1427 1260 1486 quae

125 1487 251 1570 priorem
270 1484 391 1547 aboleat.
431 1482 578 1558 Quoniam
597 1503 667 1568 ergo
685 1483 825 1566 principia
845 1505 930 1546 verae
948 1495 978 1547 et
998 1484 1128 1577 antiquae
1146 1481 1259 1564 pietatis

125 1574 218 1625 astute
236 1561 405 1624 subvertere
424 1557 608 1636 moliebatur,
632 1571 666 1621 ut
686 1581 719 1642 ep
737 1559 851 1622 demum
869 1559 978 1623 valeret
993 1559 1125 1644 religio,
1173 1580 1206 1621 ae
1224 1557 1260 1619 ad

126 1637 185 1702 cius
209 1637 389 1722 tyrannidem
410 1635 531 1698 maxime
554 1649 620 1718 apta
643 1635 733 1712 soret,
763 1635 823 1706 imo
843 1637 907 1772 ‹qqia
926 1658 1034 1699 nouum
1052 1582 1191 1718 quendllln
1209 1636 1260 1696 Iu-
1318 1681 1334 1710 s,

126 1715 262 1778 daismum
276 1715 412 1775 inducere
430 1711 573 1788 tentabat,
592 1733 653 1775 non
671 1713 733 1774 sinc
752 1733 835 1775 cansa
882 1713 994 1775 ominus
1012 1713 1046 1774 ab
1068 1715 1127 1775 eius
1146 1731 1260 1794 quoque

70 1844 78 1857 ,
125 1789 269 1853 fermento
296 1786 391 1852 mveri
408 1788 497 1851 iubet.
514 1819 522 1845 s»
534 1789 609 1850 Nam
627 1787 711 1851 sicuti
730 1810 765 1851 eu
782 1787 890 1870 templo
910 1789 967 1850 Dei
1019 1789 1159 1872 angebant
1178 1808 1260 1850 erro-

124 1888 171 1928 res
195 1887 261 1929 suos
285 1865 407 1940 scribae,
438 1865 479 1926 ita
501 1864 625 1934 Herodis
649 1865 710 1926 aula
731 1866 767 1926 ad
790 1865 970 1930 fabricandos
989 1866 1057 1928 aios
1077 1887 1189 1926 errores
1208 1864 1261 1926 alia
1285 1883 1286 1892 ¹

124 1944 245 2006 Satanae
268 1939 384 2004 officina
407 1953 476 2004 crat.
500 1941 597 2003 'Sicut
618 1941 704 2007 hodie
726 1941 760 2002 ln
778 1941 886 2030 Papatu
909 1941 1037 2002 videmus
1055 1961 1117 2001 non
1135 1942 1166 2001 in
1185 1953 1261 2004 tem-

146 2019 178 2081 lis
204 2021 305 2094 modo,
331 2027 363 2080 et
379 2017 568 2110 sophistarucq
585 2028 619 2080 ae
636 2015 842 2080 monachorum
861 2015 950 2078 antris
969 2017 1176 2078 Antichristum
1195 2037 1260 2080 suas

124 2040 247 2162 laliacias
270 2115 401 2170 vomere,
435 2095 485 2156 sed
509 2093 614 2157 aulrcae
638 2095 721 2156 etiam
740 2093 853 2155 Theolo
875 2092 918 2154 iae
939 2093 1064 2155 subsidio
1087 2092 1261 2161 fulcircsre-

124 2191 214 2257 gnum
233 2193 313 2234 suum
351 2182 387 2232 ut
405 2169 444 2232 ita
463 2169 533 2232 nihil
552 2170 662 2232 artificii
684 2170 816 2233 omittat·
887 2169 954 2230 icuti
977 2181 1070 2230 auten
1089 2181 1162 2230 tunc
1176 2191 1262 2252 prac-

124 2250 252 2312 sentibus
271 2213 351 2310 malis
370 2246 656 2323 occurritChristus,
676 2259 706 2310 et
724 2257 757 2307 ut
775 2245 898 2339 quidque
916 2245 1035 2308 maxime
1052 2245 1171 2307 noxium
1190 2255 1260 2322 crat,

125 2347 242 2388 suorum
262 2337 374 2388 mentes
392 2325 428 2384 ad
445 2323 475 2384 id
494 2325 650 2386 cavendum
670 2325 814 2398 excitant,
843 2323 900 2385 hoc
921 2323 1050 2404 exemplo
1069 2321 1171 2382 moniti
1189 2343 1261 2401 pru-

125 2403 230 2466 denter
247 2403 334 2464 hodie
353 2401 514 2493 expendere
532 2400 679 2476 discamus,
698 2421 836 2480 quaenam
854 2421 939 2475 cortu
958 2397 1031 2474 telae
1045 2399 1128 2460 nobis
1142 2397 1262 2459 officere

166 2481 245 2540 ssint.
279 2477 373 2540 Citius
392 2477 466 2561 ignis
486 2498 573 2558 aquae
591 2477 766 2554 miscebitur,
785 2497 869 2561 quam
887 2487 920 2535 ut
939 2421 1033 2556 lapae
1046 2475 1182 2568 figmenta
1195 2493 1262 2535 cum

140 2553 283 2642 'vangelio
302 2554 364 2633 quis
382 2553 523 2614 conciliet.
557 2555 656 2635 ltaque
715 2554 737 2614 's
757 2553 800 2615 uis
819 2575 850 2626 se
870 2551 987 2614 Christo
1006 2551 1172 2633 discipulum
1185 2551 1262 2612 hona

124 2629 181 2690 fide
194 2629 337 2710 adducere
360 2629 452 2718 cupit,
480 2651 580 2714 puram
604 2629 639 2690 ab
663 2575 724 2690 illis¹
739 2575 888 2690 iermentis
907 2627 1029 2690 animam
1053 2649 1131 2689 suam
1149 2647 1263 2688 semare

93 2721 94 2726 ’
125 2705 243 2766 studeat.
304 2701 416 2776 Quodsi
441 2725 497 2767 ram
516 2705 647 2788 imbutus
670 2705 771 2781 fuerit,
801 2726 928 2786 eousque
951 2705 1062 2766 laboret
1085 2704 1116 2789 in
1139 2723 1171 2766 se
1214 2725 1263 2763 ur·
1376 2739 1377 2748 κ

126 2779 236 2864 gando,
265 2777 334 2838 dum
358 2777 429 2867 nihil
452 2780 539 2843 faecis
562 2793 610 2842 aut
628 2781 754 2840 sordium
773 2781 967 2874 ampliusini
989 2780 1162 2842 cohaereat.
1194 2724 1262 2840 lam

125 2861 198 2918 vero
217 2853 282 2990 quiq
301 2875 335 2916 ex
354 2852 405 2913 alta
424 2868 504 2948 parte
522 2856 653 2916 homines
672 2855 836 2947 turbulenta,
847 2879 943 2918 sanam
956 2804 1113 2948 tibertinam
1130 2877 1263 2991 coptum-

61 2989 64 2996 ’
126 2931 1262 3090 ttttttttt‘ttfttttltttttt‘tttttttllttttittsttt
1334 3013 1340 3030 ι

128 3081 205 3157 Quia
228 3105 299 3146 vero
323 3083 424 3166 passim
449 3082 505 3142 iam
528 3091 671 3166 grassatur
689 3083 840 3146 Lucianica
863 3085 901 3146 im
921 3085 1004 3162 ictas,
1030 3085 1262 3147 nocentissimum

126 3155 314 3236 fermentum,
343 3160 401 3250 imo
427 3159 489 3240 plus
514 3181 597 3240 quam
620 3159 704 3222 letale
725 3161 816 3236 virus,
844 3162 879 3221 ad
960 3163 1122 3225 comnium
1141 3161 1264 3224 maxime

125 3236 311 3297 necessariam
327 3248 486 3296 cautronem
504 3247 583 3297 totos
602 3257 668 3298 suos
687 3258 784 3299 sensus
803 3237 961 3300 conferant.
1180 3287 1183 3296 ,

201 3311 230 3372 8.
264 3313 347 3389 Ouid
364 3316 507 3392 cogitatis
526 3315 610 3372 intro
627 3335 689 3374 uos.
719 3313 828 3374 Iterum
847 3315 1003 3382 ostendunt
1021 3311 1064 3376 ‘dis
1083 3313 1091 3332 ‘
1110 3312 1158 3389 uli,
1178 3334 1262 3410 quam

58 3465 60 3471 γ
126 3381 279 3452 maletum
299 3408 334 3448 ex
351 3387 479 3470 Magistri
498 3389 635 3464 doctrina,
653 3400 716 3450 turn
737 3412 771 3452 ex
790 3390 912 3454 mirificis
927 3391 991 3453 cius
1011 3391 1090 3472 operi
1111 3413 1144 3452 us
1162 3390 1262 3470 profe-

248 1278 354 1342 cgcncr
372 1276 405 1316 ac
423 1255 554 1338 perfidus,
574 1247 787 1338 quibuscunque
826 1255 900 1316 oluit
918 1254 1027 1316 artubus
1039 1265 1174 1314 conatum
1187 1273 1274 1328 esse,
1377 1253 1378 1312 l

128 3457 229 3526 serint,
270 3461 359 3535 Quod
378 3465 453 3525 enim
472 3465 509 3526 de
522 3463 669 3533 'fennento
690 3468 816 3528 cavendo
836 3466 955 3542 dixerat,
975 3467 1016 3529 sic
1035 3468 1185 3549 arripiunt,
1205 3465 1263 3526 acsi
1367 3508 1371 3519 ·

126 3545 236 3596 tantum
259 3535 294 3595 ah
322 3549 440 3600 externo
467 3541 640 3602 commercio
664 3541 817 3605 abducere·
830 3565 881 3606 eos
902 3543 989 3605 vellet
1008 3543 1147 3606 Christus.
1187 3544 1262 3615 Nam

126 3611 192 3693 quia
216 3633 269 3673 usu
287 3625 436 3704 receptum
456 3617 612 3694 cratinter
630 3617 763 3696 Iudaeos,
791 3625 829 3680 ne
849 3619 955 3681 victum
974 3613 1114 3686 haherent
1131 3630 1263 3691 commu-
1320 3638 1323 3646 ’

127 3707 195 3770 nem
215 3709 279 3756 cum
298 3687 460 3780 hominbus
475 3692 621 3772 profanis,
642 3707 742 3790 putant
760 3695 829 3756 disc‘
850 3695 938 3756 uli.in
950 3717 1060 3759 eorum
1079 3696 1262 3758 ordinemne

126 3783 277 3856 numerum
300 3765 391 3847 redrgr
414 3766 589 3830 Pharisaeos.
632 3773 670 3830 tu
687 3771 757 3832 haec
776 3717 888 3862 quiclem
906 3766 1016 3834 inscitia
1036 3784 1181 3852 utcumque
1200 3782 1263 3832 erat

39 3859 41 3862 ·
126 3837 295 3932 tqlerabrlls,
310 3841 360 3903 sed
402 3842 445 3902 uia
463 3843 519 3911 iam
538 3845 660 3922 recentis
678 3847 810 3909 beneficti
830 3848 911 3910 obliti
929 3870 990 3909 non
1010 3850 1147 3932 cogitant,
1166 3868 1262 3911 reme·
1290 3875 1319 3888 ==

126 3911 253 4008 drumm
271 3937 358 3987 manu
416 3919 568 3998 risttesse,
587 3943 625 3983 nc
644 3923 674 3982 in
694 3924 760 3984 cibo
780 3935 810 3985 et
825 3937 896 4006 potu
914 3947 944 3986 se
962 3925 1090 4008 polluere
1109 3933 1261 4006 cogantur,
1281 3957 1284 3964 ·

126 4005 250 4081 aspertus
271 4014 330 4070 eos,
350 4007 382 4056 ut
401 3995 480 4080 digni
498 4009 578 4074 sunt,
598 3998 741 4078 increpat:
774 4012 804 4060 et
824 4013 903 4062 certe
920 4001 1003 4063 nimis
1023 4023 1116 4072 crassa
1134 4013 1197 4064 erat
1215 4001 1261 4064 in-

126 4071 282 4160 gratitudo,
306 4091 394 4153 quum
413 4094 512 4164 nuper!
524 4074 560 4134 de
579 4074 668 4136 nihilo
685 4075 821 4142 vidissent
840 4089 965 4150 creatum
985 4099 1045 4140 csse
1064 4099 1168 4159 panem
1186 4075 1262 4140 mula
1328 4135 1331 4146 ‚

127 4143 162 4192 trs
179 4137 327 4210 hominum
346 4147 467 4210 millibus
486 4151 651 4226 sacrandis,
670 4149 754 4230 idque
772 4151 816 4212 bis
835 4175 902 4215 csse·
917 4155 1033 4231 factum,
1052 4171 1129 4216 nunc
1141 4154 1263 4236 depane
1319 4179 1323 4188 ·

109 4223 188 4292 '⁰³⁵9
206 4215 349 4312 sollicitus,
368 4227 427 4288 acsi
445 4245 505 4298 nou
529 4227 627 4288 cadem
646 4227 736 4292 adhuc
754 4227 894 4322 Magistro
912 4243 1077 4313 suppeteret
1088 4231 1188 4292 virtus.
1216 4231 1262 4290 Ex

127 4277 227 4364 ‘1¹¹'bus
245 4297 340 4362 verbm
358 4299 529 4386 colligimus,
548 4303 717 4366 infidelitatis
737 4306 872 4366 conunci
889 4326 999 4381 omnes,
1057 4307 1135 4370 'Dei
1193 4317 1261 4366 ten-

126 4357 194 4416 uam
213 4368 300 4426 semet
318 4386 370 4436 sus
384 4377 490 4448 iteam
509 4380 617 4462 expett
632 4379 666 4441 tn
685 4378 813 4452 tursum
830 4393 943 4460 tempus
961 4383 1021 4452 dist
1040 4394 1101 4446 unt
1167 4403 1213 4454 sn
1227 4391 1262 4450 ut
