2830 4772
509 224 833 320 puu1srrrnr1c1uan'.
1105 227 1108 232 ’
1183 237 1241 312 fflt'

494 337 497 346 .
1013 335 1019 361 1

105 395 277 538 inlgenium,
302 406 386 476 atoue
403 405 436 464 ut
453 413 508 454 nos
526 412 596 456 vana
615 393 677 476 plus
696 413 777 473 quam
796 377 911 476 oportet
928 391 1033 455 sciendi
1052 393 1185 474 cupiditas
1203 395 1242 456 ti·
1268 370 1272 378 ’

104 489 127 540 tr

120 479 128 493 '
153 487 194 544 et.
236 471 359 534 Videbat
377 470 459 535 etiam
481 469 611 538 Christus
632 468 782 550 discipulos
803 471 999 552 intempestive
1018 471 1053 532 ad
1072 471 1242 552 triumphum

105 569 279 636 properare.
317 546 389 626 Vult
415 567 484 630 ergo
511 547 585 608 diem
609 547 743 607 adventus
765 546 807 617 sui
835 547 872 606 ita
898 546 1003 628 sperari
1027 559 1058 606 ct
1077 547 1183 628 expeti,
1208 561 1243 611 ut

105 643 212 691 umen
237 645 323 685 nemo
351 624 491 704 inquirere
516 625 629 697 audeat,
659 623 773 702 quando
793 634 927 683 venturus
945 624 990 686 sit.
1028 623 1100 685 Vult
1117 625 1252 718 denique.

44 723 48 734 “
106 726 179 767 suos
193 701 277 764 -disci
297 699 358 764 ulos
384 702 423 762 ita
447 700 584 760 incedere
606 700 635 758 iu
662 697 769 768 lumine
792 699 870 773 fidei,
901 710 933 758 ut
953 701 989 762 de
1006 701 1178 782 temporibus
1197 725 1242 764 rn-

107 780 186 842 certi
205 723 406 840 revelltionem
425 777 564 857 patienter
584 785 753 855 exspectent
811 775 972 836 Cavendum
997 798 1080 859 ergo,
1106 799 1143 840 ne
1168 777 1242 842 ultra

107 879 199 940 quam
219 853 357 938 permittit
377 853 517 914 Dominus
536 853 567 911 in
585 863 743 932 temporum
763 850 886 911 articulis
904 851 988 912 simus
1012 847 1129 914 solliciti.
1168 847 1241 917 Nam

131 929 264 1013 raccipua
308 951 350 991 ars
370 930 519 1012 sapientiae
537 939 650 989 nostrae
669 927 697 986 in
721 947 756 986 eo
777 927 921 1001 consistit,
950 928 975 987 si
999 951 1051 990 uos
1070 930 1141 990 intra
1160 933 1242 994 verbi

61 1037 64 1044 ·
97 1065 102 1078 ,
142 949 328 1072 eicancetlos
346 1005 441 1066 sobrie
460 1004 646 1076 continemus.
685 1005 776 1066 Porro
796 1023 833 1062 ne
852 1001 1011 1066 hominibus
1028 1003 1177 1068 molestum
1196 1010 1241 1086 sit,

108 1088 190 1149 diem
209 1084 287 1144 illum
302 1081 420 1158 nescire,
439 1081 613 1174 angeloseis
633 1078 763 1144 Christus
781 1080 911 1142 associat:
926 1079 1032 1140 'nimiae
1050 1081 1125 1140 euim
1144 1105 1242 1164 super-

107 1163 186 1224 biae·
202 1181 237 1221 ac
260 1157 406 1239 improbae
431 1155 586 1238 cupiditatis
611 1155 703 1229 soret,
733 1156 793 1236 plus
817 1156 899 1216 nobis
918 1168 1065 1236 appetere,
1091 1157 1139 1238 qui
1158 1180 1243 1239 super

106 1251 219 1300 terram
244 1249 398 1316 reptamus,
427 1255 510 1312 qnam
534 1230 704 1294 coelestibus
728 1231 832 1316 angelis
862 1250 1028 1292 concessum
1056 1233 1100 1294 sit.
1156 1234 1243 1314 Apud

106 1317 247 1380 Marcum
267 1309 388 1384 additur,
407 1315 502 1370 etiam·
518 1311 615 1368 lilius
633 1309 768 1370 dominis.
828 1309 921 1370 Porro
940 1320 984 1368 ter
1003 1319 1033 1369 et
1051 1319 1155 1390 quater
1168 1310 1243 1371 insa-

25 1445 27 1451 .
107 1413 165 1452 nus
187 1390 282 1462 locet,
301 1386 349 1462 qui
368 1405 398 1446 se
417 1385 552 1467 gravatim
571 1383 923 1466 ignorantiae'subiiceret,
943 1405 1024 1465 quam
1039 1389 1082 1446 'ne
1102 1385 1163 1466 ipse
1200 1387 1244 1447 ui-

108 1467 180 1527 dem
206 1463 265 1524 Dei
291 1461 383 1522 Filius·
408 1474 504 1521 nostra
530 1481 609 1521 causa
633 1461 727 1521 subire
756 1460 860 1522 abnuit.
919 1461 1069 1522 Caeterum
1099 1463 1163 1541 quia
1181 1409 1244 1525 leot

109 1541 234 1605 Christo
258 1537 405 1620 indiguum
428 1557 490 1598 esse
513 1535 593 1598 marlti
611 1537 760 1620 putabant,
788 1537 883 1597 conati
901 1537 1067 1616 suutbuius
1086 1540 1241 1600 sentcntiae

109 1616 253 1680 duritiem
272 1634 324 1674 suo
343 1625 506 1672 commento
526 1613 623 1680 lenire.
682 1613 729 1672 nd
749 1614 914 1694 captandum
934 1615 1016 1674 etiam
1036 1614 1244 1697 subterfugium

111 1715 166 1754 eos
188 1691 268 1757 iorte
287 1689 422 1769 compulit
435 1687 608 1750 Arianorum
626 1687 737 1764 malitia,
757 1689 804 1768 qui
823 1688 889 1750 binc
909 1690 1039 1752 evincere
1058 1691 1152 1751 conati
1170 1704 1245 1769 suut,

111 1769 264 1832 Christum
282 1787 342 1826 non
361 1767 419 1825 esse
439 1785 537 1826 veram
557 1777 586 1826 et
606 1764 721 1826 unicum
742 1767 844 1826 Deum.
902 1768 994 1848 Ergo,
1013 1767 1165 1830 secundum
1185 1788 1245 1842 eos,

112 1844 238 1908 nescivit
257 1841 387 1904 Christus
406 1841 482 1902 diem
502 1853 671 1914 extremum,
692 1843 755 1922 quia
773 1841 831 1902 aliis
850 1843 1009 1922 patefacere
1028 1842 1127 1904 noluit.
1186 1843 1244 1908 Sed

8 1973 10 1994 ,
112 1944 206 2004 quum
224 1918 314 2002 palam
333 1917 376 1992 sit,
398 1918 512 1980 Christo
533 1939 711 1979 communem
732 1922 800 1980 cum¹
818 1919 923 1999 angelis
943 1919 1129 2001 ignorantiam
1148 1919 1244 1998 tribui,

55 2043 60 2052 ,
112 1999 188 2058 alius
217 2017 313 2057 sensus
337 1995 429 2076 aptior
455 1993 536 2056 nobis
562 1995 735 2075 quaerendus
758 2006 816 2069 est,
838 2015 924 2132 guero
947 2009 1096 2075 antequam
1114 1983 1121 2010 ⁸
1137 1997 1245 2072 roseco,
1281 2063 1284 2070 ‚

114 2073 245 2136 breviter
264 2071 366 2132 diluam
387 2091 485 2133 eorum
504 2071 626 2147 obiecta,
649 2072 699 2153 qui
716 2070 820 2130 Filium
868 2073 894 2132 ei
915 2071 1082 2134 contumelia
1102 2094 1117 2132 a
1150 2073 1176 2133 ci
1191 2094 1245 2154 pu-

114 2161 193 2223 tant,
213 2149 236 2209 si
256 2149 286 2208 in
307 2169 371 2208 eum
390 2147 446 2206 ulla
464 2147 620 2228 ignorantia
641 2159 805 2282 competere
825 2148 941 2209 dicatur.
980 2149 1077 2208 Primo
1097 2151 1173 2228 quod
1192 2150 1246 2210 ob·
1336 2165 1340 2173 ’

114 2227 233 2299 iiciunt,'
249 2226 313 2284 Deo
332 2222 403 2284 nibil
424 2243 486 2283 esse
504 2223 690 2306 incognitum,
722 2223 798 2292 acilis
816 2236 858 2284 est
876 2222 988 2286 solutio.
1041 2225 1151 2286 Scimus
1171 2226 1247 2286 euim

7 2359 9 2362 .
114 2303 186 2362 duas
206 2312 317 2362 naturas
335 2299 365 2358 in
385 2299 500 2360 Christo
520 2299 558 2358 ita
582 2301 665 2364 luisse
683 2299 847 2359 coniunctas
866 2299 897 2358 in
917 2321 1001 2358 unam
1045 2321 1187 2374 ersonam,
1215 2313 1247 2362 ut

114 2401 167 2442 sm
188 2379 288 2455 cuique
306 2375 462 2456 proprietas
480 2388 619 2436 maneret:
638 2377 801 2456 praesertim
821 2396 890 2436 vcro
909 2375 1015 2455 quievit
1025 2323 1182 2451 blivinitas,
1201 2397 1247 2438 se·
1266 2414 1269 2432 ·

116 2476 175 2534 que
199 2453 315 2512 minime
339 2453 472 2524 exseruit,
502 2452 613 2530 quoties
633 2451 667 2510 ad
685 2450 856 2530 implendum
876 2451 1039 2514 blediatoris
1058 2453 1183 2514 officium
1202 2453 1247 2512 in-

117 2529 221 2590 terluit
240 2529 386 2586 humanam
405 2538 532 2585 naturam
552 2547 678 2588 seorsum
697 2526 817 2606 operari,
837 2527 911 2606 quod
930 2550 1011 2587 suum
1030 2529 1099 2588 erat'
1149 2529 1248 2604 Quare

117 2605 191 2665 nibil
212 2603 323 2663 absurdi
343 2601 405 2676 fuit,
425 2602 577 2676 Christum,
596 2603 642 2684 qui
662 2603 757 2663 omnia
775 2603 889 2676 sciebat,
906 2603 1011 2685 aliquid
1025 2606 1178 2665 secundum
1193 2606 1248 2670 bo-

118 2680 205 2740 minis
225 2700 335 2740 sensum
355 2677 477 2738 nescire:
497 2699 590 2758 neque
611 2679 685 2740 enim
703 2679 783 2740 aliter
802 2679 893 2740 dolori
912 2693 942 2740 ct
955 2681 1085 2742 anxietati
1099 2682 1248 2758 obnoxius,

119 2769 149 2823 et
174 2756 270 2817 nobisx
280 2753 374 2815 similis
399 2773 457 2815 esse
481 2767 600 2836 poterat.
658 2755 746 2830 Quod
769 2777 839 2818 vero
864 2757 1006 2838 excipiunt
1028 2758 1154 2838 quidam,
1186 2774 1248 2819 nou

119 2851 284 2914 congruere
303 2830 489 2914 ignorantiam
510 2830 625 2893 Christo
644 2832 735 2912 (quae
754 2853 848 2913 poena
867 2845 911 2894 est
929 2835 1062 2915 peccati),
1083 2835 1143 2916 plus
1162 2843 1247 2914 quain
1270 2869 1277 2878 ·
1313 2890 1315 2901 .

118 2910 271 2972 absurdum
299 2919 350 2968 est.
407 2907 452 2968 Ac
476 2963 478 2968 s
501 2906 575 2970 rimo
603 2909 714 2988 quidem
742 2909 842 2972 inscite
872 2923 1024 2992 nugantur,
1058 2911 1247 2996 ignorantiam

119 2989 209 3068 (quae
227 2983 333 3067 augelis
354 2929 500 3061 tribuiturb
519 3003 554 3044 ex
572 2996 690 3065 peccato
709 3005 834 3046 manare:
853 2987 901 3048 sed
921 2991 950 3048 iu
969 2985 1057 3048 altero
1076 3007 1135 3046 nou
1155 2987 1248 3048 minus

119 3061 217 3124 insulsi
235 3072 308 3136 sunt,
349 3061 407 3120 uod
427 3081 486 3132 uon
504 3073 661 3154 agnoscunt
682 3060 824 3122 Christum
845 3061 908 3124 idco
928 3083 1041 3124 carnem
1060 3074 1183 3124 nostram
1201 3063 1248 3120 in-

111 3140 227 3214 duisse,
250 3151 281 3198 ut
299 3083 404 3197 debitas
423 3148 544 3215 peccatis
568 3138 671 3198 nostris
694 3159 800 3220 poenas
823 3140 853 3198 iu
871 3139 907 3199 'se
931 3139 1093 3220 susciperet.
1158 3137 1246 3213 Quod

119 3228 215 3286 autem
235 3213 387 3274 secundum
407 3211 550 3273 homiuem
571 3214 701 3274 Christus
720 3215 800 3274 diem'
811 3213 940 3274 ultimum
959 3215 1090 3290 nescivit,
1109 3213 1137 3273 iel
1157 3215 1246 3276 nihilo

119 3292 211 3374 magis
227 3290 336 3352 divinae
350 3289 410 3350 cius
420 3302 538 3350 naturae
552 3287 679 3371 derogat,
719 3313 782 3350 riam
794 3293 871 3382 quod
881 3290 1005 3352 mortalis
1015 3289 1076 3351 luit.
1098 3290 1249 3354 Caeterum

120 3390 183 3428 non
201 3367 315 3443 dubito,
336 3366 401 3447 quin
421 3367 455 3426 ad
474 3389 575 3428 munus
594 3367 648 3428 sibi
667 3389 683 3426 a
699 3313 786 3432 latre
805 3368 960 3428 iniunctum
980 3367 1122 3448 respiciat,
1147 3389 1248 3448 quem-

7 3455 16 3472 ·
121 3443 273 3504 admodum
293 3465 384 3534 supra,
404 3465 489 3522 quum
509 3444 627 3519 diceret,
645 3465 706 3504 non
727 3463 787 3503 esse
806 3465 884 3503 suum
905 3445 958 3504 hos
976 3443 1022 3504 vel
1040 3443 1103 3504 illos
1121 3446 1156 3505 ad
1178 3445 1248 3506 dex-

121 3531 214 3580 teram
232 3533 262 3578 et
281 3531 429 3580 canistrum*
442 3541 520 3580 suam
539 3519 642 3582 locare.
703 3522 771 3580 Nou
791 3521 866 3581 enim
885 3521 933 3596 (ut
950 3520 1005 3581 illic
1025 3522 1160 3602 exposui)
1181 3521 1251 3580 sim-

122 3596 236 3674 pliciter
255 3595 310 3654 boc
329 3593 380 3656 sibi
401 3594 574 3672 detrahebat,
595 3596 643 3659 sed
663 3618 759 3658 sensus
779 3609 845 3671 crat,
865 3619 925 3657 non
944 3597 1026 3659 luisse
1045 3619 1060 3658 a
1080 3599 1164 3658 Patre
1181 3595 1249 3658 mis-

124 3692 185 3730 sum
204 3691 268 3730 cum
289 3669 343 3730 boc
363 3673 506 3748 mandato,
533 3695 614 3752 quam
634 3673 680 3734 diu
699 3674 775 3734 inter
794 3673 925 3734 mortales
944 3688 1069 3736 versatus
1089 3683 1140 3734 est.
1198 3671 1261 3732 Sicx

124 3745 209 3813 etiam
235 3765 309 3804 nunc
330 3746 470 3828 intelligo,
496 3762 631 3827 quatenus
652 3751 791 3810 lllediator
810 3751 844 3810 ad
866 3772 917 3810 nos
935 3751 1131 3822 descenderat,
1155 3747 1248 3808 donec

125 3843 174 3881 sua
198 3820 344 3900 provincia
368 3823 518 3884 defunctus
544 3838 631 3900 esset,
661 3847 720 3885 uon
746 3827 827 3887 lauisse
850 3827 889 3886 illi
908 3827 1002 3888 datum
1021 3825 1097 3905 quod
1114 3835 1212 3903 postea
1231 3844 1248 3883 a

124 3897 333 3960 resurrectione
361 3898 482 3978 accepit:
521 3921 586 3962 nam
613 3911 683 3962 tunc
712 3901 824 3964 demum
857 3901 910 3964 sibi
941 3905 1032 3966 datam
1063 3921 1124 3961 esse
1152 3918 1247 3960 renum

125 3973 253 4033 omnium
274 3983 441 4052 potestatem
459 3961 583 4036 asstruit.

199 4175 326 4318 ⁸(190.)
368 4235 538 4336 mauult.
561 4191 677 4304 xxllt.
720 4237 772 4304 37.
806 4239 870 4304 Sed
894 4239 976 4303 siout
997 4235 1065 4302 dies
1087 4221 1246 4318 Nubite

7 4393 10 4408 .
108 4339 184 4404 erit
203 4349 233 4404 et
255 4339 410 4429 adventus
431 4340 507 4407 Filii
527 4340 675 4434 bominis.
718 4341 771 4406 38.
800 4341 889 4405 Sicut
910 4340 993 4403 cuim
1011 4350 1105 4438 erant
1124 4343 1159 4407 iu
1180 4339 1247 4408 die-
