2830 4772
510 157 831 264 cnrnnvrnsnri.
879 201 914 282 j
973 165 977 172 ’
1183 193 1241 260 art

114 342 199 406 nimis
221 341 362 410 temnitur
377 340 530 404 haerebant
552 339 717 417 tatastat
733 338 770 402 ad
789 337 966 420 Prophetiaa:
981 339 1088 421 quibus¹
1100 341 1241 422 praedicta
1345 328 1348 340 ’

115 413 177 482 erat
193 415 253 482 eiu's
270 415 398 493 abolitio,
416 415 531 480 minime
548 417 735 490 attenderent,
756 415 892 492 Christus,
909 417 986 496 quasi
993 418 1242 496 auromvellicaus,

114 507 223 558 attente
240 493 336 574 lmuan
352 493 430 554 illurn
450 492 545 578 legere
563 494 573 552 i
593 513 638 554 sos
652 492 747 564 iubet:
768 503 801 552 ut
820 493 929 564 discant
947 493 1020 555 clare
1037 504 1169 567 testatum
1179 517 1241 560 esse

7 583 21 590 ‘
113 571 313 652 aProphetis,
329 570 405 651 quod
421 569 472 629 illis
491 581 548 632 mm
567 515 679 632 difficile
698 578 743 630 est
754 567 870 630 creditu.
916 571 1104 638 Adonumtio
1125 583 1257 652 tantun„
1341 592 1349 600 -

113 650 181 710 dem
198 647 272 708 valet
285 667 322 708 ac
339 644 511 728 profanatio:
530 658 596 706 nam
613 643 665 708 hac
683 664 755 706 voce
771 656 886 706 notatur
895 643 1092 723 immundities,
1105 669 1176 740 quae
1187 669 1242 729 pu·
1337 691 1341 699 ·

113 746 179 786 rum
198 723 254 784 Dei
273 721 379 784 cultum
397 721 476 783 vitiat
494 732 543 781 aut
562 719 671 798 evertit,
715 717 828 780 Dicitur
845 733 938 780 autem
957 721 1147 798 desolationis,
1164 726 1240 806 quod

114 798 261 880 templipet
297 796 391 860 ulitiae
412 797 557 858 interitum
575 817 671 858 secum
690 795 829 857 traheret:
854 793 936 856 sicuti
956 797 1032 877 prius
1051 821 1110 880 cap.
1130 799 1158 862 9.
1176 800 1241 884 pol-

113 875 251 938 lutionem
269 820 303 936 ah
324 872 469 937 Antiocho
487 871 598 948 illatam,
636 870 692 942 uasi
711 871 841 932 vetillum
858 872 1043 964 temporariae
1060 876 1242 945 desolationis

115 972 178 1014 esse
196 950 312 1014 dixerat:
331 949 371 1012 sic
391 949 466 1011 enim
485 969 591 1012 nomeu
609 893 676 1024 tilae,
696 946 742 1010 tel
761 947 937 1030 expansionis
954 947 1138 1030 interpretor.
1175 955 1241 1018 Fal..

114 1028 212 1106 luatur
229 1039 332 1103 autem,
351 1025 451 1108 quibua
469 1025 580 1088 ridetur
598 1023 691 1086 notari
705 1023 918 1106 Hierosolymae
934 1023 1055 1104 obsidio:
1075 1046 1129 1086 nec
1142 1048 1241 1094 eorum
1304 1066 1311 1078 ,

115 1105 207 1166 errori
224 1103 416 1186 suffragantur
429 1103 523 1164 Lucae
542 1101 636 1176 verba,
656 1099 701 1162 cui
719 1121 779 1162 uon
798 1099 881 1174 idern,
900 1099 949 1162 sed
970 1099 1043 1161 aliud
1062 1101 1155 1164 dicere
1193 1127 1241 1166 ro-

114 1181 237 1262 positum
255 1181 317 1248 suit.
374 1179 448 1240 Nam
466 1175 530 1259 quia
549 1178 616 1240 nlim
636 1175 702 1238 urbs
720 1175 765 1237 illa
783 1176 861 1258 quasi
876 1175 910 1242 in
929 1177 1022 1238 medio
1041 1177 1151 1246 excidio
1170 1125 1242 1240 lihe-

114 1268 174 1318 rata
199 1257 304 1333 iuerat,
330 1273 372 1332 ne
388 1255 455 1335 qnid
474 1253 529 1315 tale
546 1253 576 1316 in
596 1265 772 1334 posterum:
795 1264 876 1314 erent
893 1251 1001 1328 fideles,
1025 1251 1190 1334 simulatque
1207 1256 1242 1318 ah

33 1347 38 1350 ’
115 1333 245 1394 hostibus
264 1331 433 1412 citcumdata
455 1326 551 1406 suerit,
569 1329 731 1410 pronuntiat
744 1274 871 1390 Ciristus
890 1328 1063 1404 actnmlore,
1082 1329 1147 1410 quia
1159 1352 1243 1412 pror-

115 1427 162 1470 sus
179 1410 283 1468 nudata
301 1408 337 1467 sit
344 1405 411 1468 'Dei
430 1405 559 1484 auxilinm
578 1408 683 1476 Sensus
702 1425 772 1500 ergo
792 1417 842 1480 est,
862 1425 921 1466 nou
941 1403 1003 1468 lore
1022 1405 1137 1468 dubium
1155 1428 1242 1470 even-

113 1496 178 1544 tum
196 1483 274 1560 belli,
290 1481 354 1562 quia
373 1481 458 1542 exitio
477 1481 579 1542 devota
598 1481 634 1542 sit
652 1481 719 1542 urbs
737 1479 791 1554 illa,
811 1479 886 1560 quod
905 1481 995 1542 nihilo
1013 1479 1240 1567 magisellugere

105 1559 237 1640 poterit,
264 1579 346 1638 quam
370 1557 493 1626 coeleste
518 1557 662 1648 decretum
684 1555 852 1620 rescindere.
909 1557 979 1618 Ideo
1009 1557 1044 1618 ali
1064 1570 1151 1621 nanto
1178 1573 1244 1640 post

115 1633 270 1715 subiicitur,
289 1633 378 1716 ipsam
396 1633 561 1714 spendens
580 1631 714 1718 calcatum
732 1633 779 1694 iri:
803 1652 873 1712 quae
891 1631 1019 1713 loquutio
1039 1580 1163 1696 :iltimam
1183 1637 1242 1696 rui-
1303 1643 1322 1658 ²

115 1733 181 1775 nam
200 1709 346 1794 significat:
403 1711 496 1772 Porro
516 1711 579 1791 quia
597 1710 628 1768 in
646 1709 767 1801 speciem
786 1707 937 1770 absurdum
959 1721 1031 1781 erat,
1052 1722 1174 1782 sanctam
1193 1733 1245 1778 ur·

115 1787 182 1848 bem
204 1787 242 1848 ita
260 1785 534 1870 prostitui'geutium
554 1785 671 1861 libidini,
690 1787 799 1851 additur
817 1785 982 1862 consolatio,
1004 1787 1038 1848 ad
1051 1799 1243 1872 tempusgen-

58 1943 63 1946 η
115 1863 189 1926 tibus
204 1862 330 1945 permitti
347 1875 458 1926 tantum
476 1861 615 1934 licentiae,
634 1862 725 1926 donec
742 1875 907 1935 maturescat
927 1883 1023 1932 aarum
1041 1864 1179 1945 iniquitas,
1198 1877 1243 1926 at·
1314 1921 1316 1926 .

115 1939 220 2021 quein
239 1939 329 2000 lucem
347 1952 477 2020 erumpat
495 1961 566 2018 quae
584 1939 635 2000 illis
654 1939 776 2020 reposita
796 1951 837 2000 est
855 1939 933 2001 ultio.

192 2017 239 2079 16.
278 2018 359 2078 Tunc
376 2020 430 2096 qui
448 2018 613 2080 inludere
631 2027 710 2078 sunt.
757 2018 911 2096 Postquam
934 2015 1093 2150 Prophetae
1112 2017 1241 2078 testimo-

116 2092 166 2154 nio
184 2089 282 2152 docuit
301 2092 443 2166 Christus,
461 2093 569 2174 templo
588 2093 737 2173 profanato
757 2093 926 2153 exstinctum
944 2112 1027 2172 pauo
1045 2103 1113 2172 post
1127 2093 1162 2160 iri
1181 2095 1243 2156 cul·
1286 2111 1288 2118 ‘

116 2181 179 2230 tum
198 2167 324 2252 legalem,
343 2169 477 2241 subiicit„
489 2168 565 2228 diras·
582 2179 613 2228 et
631 2168 782 2228 horrendas
802 2167 968 2228 calamitates
987 2168 1040 2236 toti
1060 2169 1178 2234 iudaeae
1197 2171 1242 2232 ina

116 2257 199 2320 stare,
218 2258 250 2307 ut
269 2244 338 2306 nibil
357 2243 661 2327 optabiliussitquam
681 2244 778 2334 procul
799 2244 864 2304 inde
883 2243 1011 2304 subduci:
1032 2255 1061 2304 et
1078 2245 1157 2306 sinml
1171 2247 1242 2312 adeo

116 2321 276 2412 repentinas
295 2320 359 2384 lore
377 2321 456 2396 dicit,
479 2322 574 2382 utrix
595 2319 763 2383 celerrimae
776 2317 858 2400 fugae
877 2312 985 2398 tempus
1004 2333 1138 2398 suppetat.
1177 2323 1247 2382 Huc¹

116 2418 193 2458 emm
211 2395 357 2477 pertinent
376 2397 568 2476 loquutiones,
587 2399 641 2474 qui
659 2399 691 2455 ira
709 2406 785 2454 tacto
808 2407 868 2464 est,
893 2417 929 2454 ue
947 2385 1039 2456 intret
1057 2400 1089 2456 in
1108 2399 1240 2458 domum

116 2477 170 2553 qul
187 2476 222 2544 ira
237 2493 312 2556 agro
333 2485 390 2544 eat,
409 2495 445 2532 ne
464 2483 646 2540 reuertatur:
666 2491 704 2533 ne
723 2471 829 2531 scilicet
847 2471 913 2532 dum
933 2493 981 2531 sua
999 2493 1109 2532 servare
1124 2475 1243 2554 cupiunt

117 2547 245 2629 seipsos
268 2545 396 2628 perdant.
453 2549 540 2623 Item,
568 2571 624 2608 one
663 2549 874 2628 magonalibus
892 2558 922 2614 ct
941 2550 1139 2622 laetantibus:
1179 2551 1243 2630 quia
1296 2561 1301 2566 '

116 2621 344 2686 scilicet‘tiherae
364 2635 393 2684 et
412 2624 556 2706 expeditae
581 2626 615 2684 ad
635 2571 729 2706 Krgam
750 2644 811 2702 nou
837 2630 929 2684 erunt'
985 2625 1074 2701 Item,
1103 2637 1188 2686 orote
1207 2650 1242 2690 ue
1292 2691 1298 2705 ,

3 2771 4 2782 ¹
116 2701 221 2780 hyeme
244 2711 299 2760 out
323 2705 447 2762 sabbato
467 2705 619 2782 contingat
630 2702 715 2784 sugo
738 2710 855 2758 eastra:
895 2720 932 2762 ne
954 2701 1063 2762 scilicet
1084 2701 1250 2765 resonatio-

35 2829 37 2832 .
116 2797 184 2838 nem
203 2775 249 2840 vel
266 2775 317 2838 reli
339 2778 375 2853 io,
394 2773 439 2838 vel
458 2777 564 2838 itineris
583 2777 724 2857 asperitas,
744 2787 773 2836 et
791 2776 913 2838 brevitas
932 2777 1191 2860 dicrumimpediat
1209 2802 1242 2842 ac

116 2864 253 2914 moretur.
311 2798 467 2916 &omilium
486 2873 556 2936 ergo
573 2853 682 2914 'Christi
701 2853 776 2928 suit,
792 2851 911 2933 primum
930 2875 995 2914 suos
1015 2857 1241 2938 expergefacere,

116 2929 155 2990 he
179 2929 289 2990 beatam
311 2930 429 3011 amplius
453 2930 575 3021 quietem
600 2929 738 3014 regnique
756 2930 864 2990 terreni
883 2927 992 2990 delicias
1011 2931 1242 3012 imaginarentur:

117 3005 219 3066 deinde
230 3025 336 3068 ‘eorum
355 3005 463 3069 animo:
483 3005 649 3070 fortitudine
665 3005 784 3083 munire,
803 3027 840 3066 ue
859 3006 1053 3066 communibus
1072 3007 1159 3081 ruinis
1177 3027 1243 3068 suc·
1311 3065 1322 3088 χ

14 3153 17 3165 .
104 3081 291 3148 ‘cumbertus
330 3079 464 3156 violenta
480 3073 598 3162 ‘quidem
623 3081 675 3143 tuit
698 3083 767 3148 haec
786 3081 954 3156 admonitio,
981 3101 1035 3164 pro
1054 3081 1180 3163 iptorum
1198 3093 1243 3146 ta·

117 3179 184 3220 men
202 3172 319 3241 stupore
337 3171 366 3220 et
385 3159 495 3241 ingenti
514 3157 651 3219 malorum
669 3159 805 3242 gravitate
824 3159 984 3221 necessaria.

191 3237 239 3297 21.
275 3238 346 3296 Eri:
364 3239 441 3296 euim
460 3246 531 3294 tuns
553 3235 690 3312 afflictio.
747 3233 954 3296 Lacaenam-1
969 3233 1028 3296 diet
1046 3231 1243 3303 ultionisfore
1348 3239 1351 3248 ¹
1410 3231 1411 3242 ¹

117 3307 195 3386 dicit,
214 3323 244 3372 et
262 3309 331 3373 iram
351 3313 380 3371 in
400 3311 508 3395 populo
526 3309 584 3386 illo,
609 3323 640 3371 nt
658 3310 825 3392 impleantur
843 3330 1026 3390 quaecunque
1044 3310 1147 3400 scripta
1166 3324 1241 3372 sunt.
1320 3316 1328 3334 ³

117 3387 190 3448 Nam
213 3409 299 3470 quum
322 3388 461 3450 obstinata
484 3386 579 3469 populi
602 3385 705 3448 malitia
727 3399 841 3466 ruptum
864 3398 932 3450 tunc
955 3385 1038 3452 luerit
1056 3389 1112 3448 Der
1130 3387 1241 3464 foedus,

116 3476 220 3524 terram
239 3463 325 3546 ipsam
347 3477 375 3526 et
394 3471 489 3526 aerem
528 3463 668 3557 rodigiosa
687 3461 840 3524 mutatione
860 3461 974 3524 concuti
993 3463 1127 3543 oportuit.
1157 3463 1252 3527 Nulla.

116 3539 229 3618 quidem
248 3539 335 3622 magia
353 3541 467 3602 exitialia
486 3487 566 3623 plhga
583 3541 689 3602 inflicta
708 3536 761 3600 fnit
775 3539 891 3613 Iudaeis,
910 3559 993 3622 quam
1012 3541 1087 3620 quod
1106 3542 1242 3602 exstincta

117 3615 191 3692 apud
214 3633 263 3676 eoa
286 3615 415 3677 coelestis
437 3617 585 3679 doctrinae
610 3617 673 3678 luce
697 3615 796 3686 reiecti
824 3637 840 3676 a
863 3617 929 3677 Deo
954 3615 1078 3678 fuerunt.
1131 3619 1241 3683 Verum

3 3767 4 3772 η
117 3687 217 3826 (qupiq
232 3691 261 3751 in
268 3691 477 3826 fltputplduritiq
495 3713 619 3784 necesse·
631 3689 708 3770 erat)
732 3691 893 3829 ιεὲῖοῑῐοηίε
911 3713 978 3756 suae
996 3692 1241 3830 'piminii-‘l

115 3781 507 3931 didme'udamaleidistfeddldd
527 3781 724 3906 ddacsilmsrhirlir
747 3781 1240 3927 cunidldldrmptdr'ieudrrdllldseelhla
1332 3871 1334 3876 ·

116 3917 189 3980 illius
206 3927 300 4002 gentis
318 3917 454 3999 impietas.
493 3919 565 3980 Nam
585 3941 655 4001 quae
675 3941 774 3986 eorum
794 3920 899 3982 morbis
917 3921 996 3982 allata
1014 3931 1075 3980 erat
1092 3863 1240 3995 medicina,

3 4003 4 4012 ’
115 4015 179 4056 non
199 3993 321 4075 superbe
340 3995 426 4056 modo
450 3993 484 4054 ah
503 3993 554 4056 illis
573 4007 668 4076 spreta
687 3996 784 4072 fuerat,
802 3998 851 4058 sed
870 3995 1072 4058 contumeliose
1090 3994 1173 4056 etiam
1190 4014 1239 4056 re·

3 4079 5 4090 “
115 4073 203 4132 iecta:
220 4069 279 4130 imo
298 4069 329 4132 in
347 4071 439 4154 ipsum
458 4071 597 4132 medicum
615 4070 772 4148 crudeliter,
791 4085 923 4154 tanquam
942 4070 1041 4134 furiosi
1058 4069 1239 4150 velabrepti-¹

3 4159 5 4228 J
116 4145 163 4224 cii,
182 4147 346 4210 saevierant.
391 4145 488 4224 Quum
508 4168 578 4210 vero
597 4147 627 4208 iu
645 4149 710 4230 ipsis
729 4163 784 4211 tam
804 4169 902 4212 severe
919 4147 1088 4210 obstinatum
1106 4146 1238 4284 Evange-
1410 4185 1411 4206 r

3 4259 4 4274 2
115 4221 147 4284 lii
172 4236 364 4307 contemptum
387 4245 443 4284 uua
462 4245 526 4285 cum
543 4223 713 4306 pervicaciae
733 4225 810 4286 rabie
828 4225 901 4285 ultus
919 4223 955 4284 sit
971 4221 1130 4298 Dominus,
1153 4245 1192 4287 no
1213 4223 1250 4290 is,
1306 4227 1311 4234 ’
1410 4239 1411 4252 ’

116 4320 228 4384 semper
246 4314 312 4366 ante
331 4300 430 4368 oculos
448 4312 576 4378 vertetur
599 4309 699 4364 eonrm
719 4321 827 4384 poena:
863 4320 896 4378 ac
918 4297 984 4364 inde
1006 4295 1144 4394 discamus
1166 4299 1251 4368 nihil¹
1347 4347 1350 4360 ,
