2796 4774
176 253 237 319 (m
314 251 424 318 SECT.
448 249 514 310 XX.
551 261 675 310 eumer
693 261 912 310 ammento
931 263 971 312 er
993 265 1153 334 ascetum.

175 397 1294 570 sternumentum‘stabuntne

176 557 220 619 dit
239 559 332 634 Deos,
359 575 445 646 penes
469 574 500 616 se
525 573 586 614 esse
604 553 906 644 quascunqueohommp
928 553 1069 646 facultates
1088 555 1207 646 cputulit
1224 554 1295 617 diri-

176 654 266 784 ιιι
292 629 1295 800 semestrem*retentarunt

176 785 217 847 sic
235 793 369 846 tenentur
386 793 418 844 ut
436 781 543 844 oblatas
561 782 614 842 srbr
632 781 735 843 lonnas
756 801 816 842 non
834 783 1001 858 discernant,
1031 803 1090 843 nou
1109 784 1207 844 maion
1226 807 1291 846 acu-

174 855 252 924 'mine
276 859 416 940 pollerent
437 871 549 920 mentes
571 869 698 932 nostrae,
722 857 828 918 etiamsi
852 858 903 919 illis
924 879 972 919 sua
989 873 1116 922 maneret
1133 861 1174 919 int
1227 863 1292 922 itas:

175 951 253 1016 nune
280 955 350 998 uero
372 936 404 996 in
428 935 527 997 misera
551 935 602 996 ista
625 933 822 1014 corruptione,
849 945 993 1016 postquam
1015 939 1097 996 souin
1121 936 1173 998 illis
1207 960 1294 998 umen

174 1013 254 1078 adem
353 1023 409 1088 est,
428 1011 581 1072 innumeris
597 1009 709 1072 fallaciis
727 1009 866 1071 ohnoxiae
885 1022 965 1086 sunt,
988 1011 1114 1094 adeoque
1133 1034 1222 1077 crassa
1240 1015 1292 1074 he-

174 1079 242 1150 helu
294 1109 310 1152 e
329 1101 492 1170 oppressae,
516 1099 547 1147 ut
564 1087 732 1178 nihilquam
755 1105 849 1178 errare
865 1086 992 1222 possint,
1014 1087 1096 1149 sicuti
1119 1088 1199 1150 etiam
1221 1091 1293 1150 suh-

175 1165 242 1228 inde
261 1165 410 1248 contingit.
444 1165 545 1246 ltaque
563 1163 719 1248 legitimum
738 1183 798 1224 ven
818 1173 851 1223 et
877 1163 925 1225 alst
945 1163 1094 1224 discrimen
1112 1185 1170 1226 uon
1191 1185 1224 1226 ex
1243 1166 1290 1224 in-

174 1241 252 1326 genii
271 1243 361 1302 nostri
399 1239 563 1322 erspicacia,
589 1241 639 1300 sed
658 1259 691 1300 ex
710 1239 815 1320 Spiritu
833 1239 995 1320 prudentiae
1014 1241 1097 1308 nobis
1116 1253 1166 1301 est
1201 1243 1289 1302 Prae-

174 1319 258 1400 cipua
275 1329 370 1378 autem
378 1263 527 1378 bebetodo
552 1317 582 1376 in
601 1337 696 1376 rerum
715 1315 878 1375 coelestium
897 1315 998 1376 intuitu
1022 1317 1199 1399 coarguitur,
1217 1319 1287 1398 quia

174 1417 235 1456 non
261 1403 370 1456 tautum
388 1391 468 1454 lalsas
491 1392 598 1474 species
619 1413 673 1474 pro
695 1391 769 1453 veris
792 1391 979 1473 concipimus,
1007 1395 1063 1455 scd*
1077 1394 1169 1455 lucem
1188 1393 1286 1456 claram

175 1471 309 1536 vertimus
327 1471 356 1530 in
375 1469 515 1530 tenebras.
914 1515 917 1522 ,

250 1551 296 1612 17.
338 1547 398 1626 (dui
420 1556 489 1626 spot
513 1545 814 1624 dissentaneum
837 1543 1072 1618 confertisinter
1089 1549 1165 1604 noa?
1204 1546 1291 1622 Quod

90 1675 96 1684 .
172 1619 262 1708 palam
281 1623 406 1684 videmus
424 1643 440 1683 a
461 1621 577 1683 Christo
597 1633 665 1682 tunc
683 1621 788 1682 lactum
807 1641 880 1692 esse,
899 1620 1021 1702 quotidie
1040 1623 1068 1681 in
1087 1622 1168 1683 nohis
1187 1643 1290 1684 arcano

172 1699 260 1760 modo
278 1699 339 1760 fieri
357 1699 506 1774 sentimus,
534 1710 615 1760 utre
638 1697 714 1758 ultro
736 1699 770 1758 ad
788 1719 840 1758 nos
858 1697 1000 1758 docendos
1018 1697 1145 1758 insinuet.
1185 1697 1289 1759 Caete-

172 1795 235 1834 rum
256 1797 289 1835 ex
309 1775 434 1858 Cleopae
451 1795 586 1856 responso
611 1773 708 1834 clarius
730 1795 745 1833 a
768 1784 856 1854 paret,
882 1774 956 1866 quod
975 1795 1064 1854 nuper
1081 1773 1148 1850 dixi,
1183 1795 1289 1856 nempe

172 1842 330 1934 quatiquatu
350 1850 426 1940 anxii
440 1861 469 1910 et
487 1849 612 1931 perplexi
630 1859 726 1939 essent
743 1795 779 1910 de
800 1849 904 1912 chriso
923 1851 1132 1922 resurrectione,
1151 1870 1288 1912 reseren-

171 1935 218 2002 ter
242 1938 335 1985 tamen
354 1944 470 1985 sensisse
490 1927 526 1984 de
545 1926 603 1984 eina
622 1924 761 1999 doctnna,
784 1939 816 1987 ut
833 1926 947 1986 minime
964 1924 998 1986 ad
1016 1927 1194 1988 delectionem
1214 1947 1282 2006 pro·

192 2001 250 2060 ensi
273 2011 374 2061 essent
412 1999 515 2084 Neque
538 1999 613 2060 enim
639 2013 812 2094 exspectant,
842 2004 907 2062 dum
934 2021 981 2062 eos
1002 2001 1123 2063 Christus
1144 2021 1172 2062 se
1191 2003 1286 2062 maui-

185 2075 298 2138 cstando
319 2077 495 2158 praeveniat,
522 2075 568 2137 vel
592 2075 747 2138 hononfiee
769 2079 805 2138 de
830 2099 865 2140 eo
891 2077 1021 2172 loquatur
1044 2079 1162 2172 quisquis
1184 2079 1230 2138 ille
1249 2080 1288 2140 sit

155 2154 275 2218 ‘viatore
295 2156 363 2236 quin
381 2153 473 2236 potius
492 2175 529 2214 ex
546 2154 624 2214 tenui
643 2153 761 2217 obscura
780 2155 841 2215 luce
857 2154 985 2216 scintillas
999 2155 1028 2214 in
1042 2155 1184 2216 hommem
1202 2156 1289 2238 igno-

169 2241 231 2293 tttru
252 2229 512 2314 Cleopas'spargit,
569 2249 601 2291 ae
620 2230 677 2292 eius
695 2231 819 2290 animum
838 2231 1009 2311 aliquatenus
1026 2231 1177 2306 illustrent,
1197 2237 1219 2293 si
1238 2255 1287 2298 ru,-

170 2307 212 2368 dis
232 2317 262 2369 et
280 2307 391 2392 ignarus
412 2319 493 2368 esset.
554 2309 579 2368 ic
597 2329 712 2368 exosum
732 2307 761 2368 et
779 2306 882 2380 infame
901 2307 999 2388 passim
1018 2319 1085 2368 tunc
1104 2322 1163 2370 erat
1179 2309 1284 2371 Christi

169 2405 290 2458 nomeu,
310 2397 343 2446 ut
361 2375 516 2458 honoritic'e
533 2383 568 2444 de
589 2405 624 2444 eo
644 2381 721 2464 loqui
738 2395 835 2444 tutum'
847 2405 906 2444 uon
926 2397 1010 2444 esset:
1038 2384 1223 2466 atquispreta
1239 2385 1282 2446 in-

169 2461 241 2522 vidia
261 2461 322 2521 Dei'
335 2461 502 2544 Prophetam
525 2461 664 2534 nominat,
693 2471 722 2520 et
740 2481 770 2520 se
788 2461 938 2542 profitetur
956 2481 1015 2521 esse
1035 2481 1067 2520 ex
1086 2461 1144 2521 eius
1163 2461 1285 2544 discipu-

168 2536 210 2600 lis.
250 2537 310 2596 Etsi
329 2541 422 2598 autern
443 2537 487 2598 elo
510 2536 566 2600 ium
585 2536 639 2597 boc
654 2535 812 2616 Prophetae
831 2535 1043 2597 divina‘Christi
1057 2537 1203 2598 maiestate
1222 2539 1286 2598 lon-

168 2633 206 2698 ge
225 2613 341 2674 inferius
360 2625 415 2687 est,
435 2558 544 2676 laudm
562 2625 655 2672 tamen
674 2625 799 2672 meretur
813 2613 964 2674 mediocris
983 2614 1198 2687 commendatio,
1218 2616 1285 2676 dum
1374 2683 1375 2688 ἵ

167 2687 237 2748 nihil
256 2687 328 2747 aliod
352 2688 481 2768 Cleopae
497 2687 669 2772 propositum
694 2699 738 2750 est¹
758 2709 839 2770 quam
862 2690 1008 2770 acquirere
1026 2688 1138 2750 Christo
1162 2689 1286 2772 discipu-

167 2763 224 2838 los,
252 2763 299 2843 qui
321 2783 351 2823 se
371 2765 428 2826 eius
449 2765 603 2847 Evangelio
626 2765 797 2826 submittant.
839 2763 981 2826 Incertum
999 2766 1143 2840 vero'est,
1174 2780 1210 2827 an
1221 2790 1283 2902 pro

166 2853 215 2904 tut
237 2839 358 2900 ruditate
377 2839 467 2905 minus
486 2841 627 2923 splendide
646 2855 728 2922 quam
751 2841 868 2904 decebat
886 2841 1016 2922 loquutus
1035 2843 1071 2902 de
1089 2841 1201 2904 Christo
1232 2864 1282 2903 ue·

166 2915 204 2977 rit
228 2915 360 3018 Cleopas,
400 2932 436 2978 an
459 2939 529 2978 vero
550 2939 565 2978 a
585 2917 742 2980 notioribus
764 2917 926 2980 rudimentis
949 2917 1080 2998 incipere
1090 2917 1224 2993 voluerit,
1248 2931 1283 2979 ut

165 2993 299 3083 gradatim
319 2993 398 3055 altius
418 2993 647 3056 conscenderet.'
689 2995 776 3055 Certe
798 2993 879 3076 paulo
907 3003 972 3074 post
995 3015 1054 3054 non
1073 2993 1234 3075 simpliciter
1251 2995 1282 3055 in

166 3064 318 3132 communi*
332 3069 535 3154 Prophetarum
559 3069 658 3132 ordine
682 3069 826 3132 Christum
846 3081 990 3148 recenset,
1016 3071 1147 3134 sedare
1172 3083 1202 3132 et
1223 3071 1281 3134 aliis

164 3145 300 3208 creditum
319 3145 404 3209 luisse
422 3145 643 3232 Redemptorem
662 3146 738 3208 dicit.

207 3291 211 3302 ,
241 3229 286 3286 19.
323 3225 433 3306 Poteras
455 3235 592 3304 operest
614 3243 752 3284 sermone.
808 3223 912 3284 Fadern
933 3222 996 3284 lere
1017 3221 1168 3288 verborum
1188 3221 1277 3284 forma

164 3317 229 3358 usus
251 3311 291 3361 est
308 3298 416 3378 Lucas,
447 3301 513 3362 Act.
534 3303 562 3376 7,
580 3303 630 3370 22,
649 3301 677 3360 in
698 3300 845 3394 Stephani.
878 3319 990 3375 ersona,
1020 3299 1070 3359 ubi
1089 3302 1185 3361 lllosen
1203 3298 1279 3360 cele·

162 3371 347 3451 braus'dirlt,
369 3389 514 3456 potentem
533 3375 618 3440 luisse
635 3377 666 3436 in
684 3377 777 3438 verbus
797 3390 826 3438 et
856 3377 934 3454 actis,
959 3375 1014 3436 boc
1032 3375 1206 3456 autemploco
1227 3376 1279 3437 du-

145 3447 239 3510 bium
263 3461 321 3525 est,
351 3471 386 3510 an
407 3465 513 3532 potens
534 3465 653 3516 vocetur
673 3451 801 3514 Christus
822 3473 906 3532 opere
929 3441 1045 3550 prop'ler
1062 3451 1192 3514 miracula
1212 3453 1283 3528 (acsi

161 3521 266 3586 dictuto
293 3537 379 3601 esset,
413 3530 514 3588 diuinis
537 3527 686 3589 virtutibus
705 3527 790 3590 luisse
811 3531 978 3612 praeditum,
1005 3549 1076 3608 quae
1094 3528 1246 3609 probarent
1264 3551 1281 3591 e

162 3602 243 3663 coelo
264 3602 375 3664 missurn
394 3606 468 3678 csse)
493 3626 529 3664 an
553 3623 621 3664 vero
640 3603 719 3669 latius
739 3604 793 3666 hoc
816 3619 919 3687 pateat,
950 3615 983 3665 ut
1000 3625 1095 3665 sensus
1114 3604 1164 3679 sit,
1191 3604 1279 3686 ipsum

162 3675 321 3741 eicelluisse
338 3690 396 3750 tam
413 3676 549 3740 facultate
564 3681 698 3754 docendi,
717 3701 799 3761 quam
819 3684 891 3743 vitae
910 3681 1091 3743 sanctimonia
1110 3691 1139 3741 et
1156 3681 1279 3762 praecla-

160 3755 198 3818 ris
216 3757 341 3819 dotibus.
375 3755 472 3836 Atque
493 3756 538 3816 hic
599 3755 701 3818 sterior'
718 3767 812 3820 sensus
835 3759 903 3818 mihi
920 3758 1031 3818 arridet
1068 3757 1130 3817 Nec
1147 3778 1279 3838 superva-
1371 3815 1372 3820 ,

161 3833 213 3912 dua
232 3845 274 3922 est
291 3831 421 3908 adiectio,
441 3851 540 3894 coram
586 3833 667 3892 ro'et
683 3835 803 3926 populo,
829 3855 899 3916 quae
918 3833 1060 3924 significat*
1074 3832 1178 3924 Christi
1196 3855 1279 3914 prae·

161 3917 288 3970 stantiam
306 3911 345 3971 ita
365 3909 448 3973 luisse
468 3916 593 3970 testatam
614 3910 788 3988 bominibus,
815 3921 844 3972 et
863 3911 941 3972 claris
962 3919 1161 3992 expenmentrs
1178 3911 1279 3993 cogni-

160 3995 230 4060 tam,
253 3997 285 4044 ut
303 3985 369 4048 fisco
390 3995 423 4047 ct'
441 3985 516 4046 in'ani
535 3985 725 4047 ostentatione
748 3987 875 4049 cntuerit
914 3988 1011 4078 Atqpe
1030 3987 1094 4046 hinc
1113 3984 1206 4076 cplligi
1225 4007 1277 4068 po-

124 4109 131 4112 ,
160 4057 227 4132 terit
253 4059 346 4122 brevis
368 4062 430 4134 ,veri
454 4063 610 4144 Prophetae
638 4063 775 4139 definitio,
812 4084 915 4144 nempe
941 4079 994 4142 qur
1016 4081 1138 4123 sermons
1158 4081 1277 4142 operum
1370 4099 1371 4124 1

158 4145 270 4262 quoque
290 4135 422 4196 virtutem
446 4139 592 4224 adiunget,
623 4158 676 4198 nec
694 4149 802 4199 tantum
825 4141 896 4230 apud
917 4135 1197 4199 bomiues'excellere
1216 4149 1276 4202 stu-
1370 4135 1371 4182 l

179 4205 249 4279 ebrt,
272 4211 320 4270 sed
339 4213 448 4273 sincere
467 4229 498 4276 se
516 4225 617 4300 gerere
634 4222 764 4294 tanquam
783 4213 907 4276 sublici
928 4215 1022 4274 oc'ulis.

116 4342 120 4354 ,
168 4339 193 4370 .,“
230 4285 277 4347 21.
315 4285 378 4344 Nos
397 4299 503 4364 autem,
517 4293 718 4368 sperabamus.
755 4291 798 4350 Ex
817 4301 949 4351 contextu
962 4289 1088 4425 patebit,
1114 4299 1174 4348 non
1192 4288 1272 4348 luisse

158 4361 248 4424 ‘iem’
260 4366 349 4431 'quam
365 4361 400 4420 de
421 4361 548 4428 christo·
561 4379 761 4446 conceperant,
780 4365 941 4448 abruptam,
983 4375 1030 4427 cet
1048 4365 1209 4443 hoc'primo
1227 4363 1271 4421 iu·
1369 4371 1370 4380 ’

1012 4467 1015 4484 ¹
1145 4460 1150 4490 l
