2830 4772
205 185 264 252 U
419 171 630 246 sncrssm.
669 189 795 240 cuntem
816 189 928 240 inusto
948 189 990 238 ur
1010 191 1108 238 mons.

207 337 357 412 duem,
374 331 446 396 nibil
463 329 622 397 audendum
640 343 719 404 esse,
736 325 789 390 nisi
808 338 947 408 quatenus
964 327 1044 390 osu
1062 349 1176 390 manum
1193 331 1331 412 purriq’tc

207 413 275 494 quia
291 409 501 472 inconsiderato
525 406 587 468 uelo
611 401 680 466 nibil
702 402 791 486 magis
816 403 956 466 caducum
977 405 1024 465 vel
1048 403 1205 468 emuidum.
1248 409 1329 470 Vide-

207 489 278 552 baut
293 485 431 570 dissipati,
453 481 524 546 nibil
542 503 602 544 esse
621 479 711 564 magis
729 491 812 572 turpe
829 480 876 542 rel
898 479 1048 542 absurdum
1065 503 1147 562 quam
1170 483 1330 567 magistrum

207 565 348 628 desem.
385 563 464 646 Ergo
483 559 542 622 boc
559 555 695 640 flagitim
716 569 818 618 merito
837 556 1028 633 detestantur,
1050 557 1104 632 sed
1118 557 1194 620 nulla
1214 559 1329 640 promis

208 641 295 706 sionis
317 639 372 700 fide
394 635 540 710 instructi,
575 645 607 695 et
629 631 766 716 neglectis
794 632 924 714 precibus
948 653 1097 716 perperam
1122 635 1157 697 ad
1178 631 1328 700 ieetaudau
1379 669 1380 678 κ

210 715 407 794 comendam,
425 731 497 798 quse
514 709 589 774 nulla
607 722 683 788 erat,
700 709 882 802 nauculam
1171 771 1174 778 ,
1379 695 1380 738 l

924 829 932 842 ⁶
1379 813 1380 848 l

211 968 214 982 ι
294 990 399 1080 (199.)
441 989 542 1060 LUC.
562 989 659 1058 XXII.
701 987 755 1054 35.
776 987 819 1056 Et
840 987 918 1058 dixit
938 991 995 1070 eis,
1016 987 1159 1076 Quando
1180 993 1332 1059 mistros

207 1096 281 1164 siue
302 1095 433 1164 sacculo
458 1104 492 1162 et
517 1114 596 1182 pern
623 1102 655 1158 et
675 1091 909 1180 calceameutis,
943 1113 1021 1159 uum
1047 1092 1148 1160 deluit
1174 1096 1260 1188 quid
1282 1117 1333 1160 ro

209 1199 284 1268 bis?
325 1202 370 1267 At
390 1197 440 1264 illi
460 1195 618 1276 dixerunt,
639 1193 740 1262 Nihil.
781 1192 836 1262 36.
857 1192 946 1260 Dixit
967 1214 1044 1281 ergo
1066 1197 1126 1276 eis,
1152 1195 1221 1262 Sed
1244 1219 1334 1275 nunc,

210 1305 269 1390 qui
289 1289 388 1368 babet
409 1297 587 1380 sacculum,
617 1297 721 1364 tollet:
754 1295 900 1364 similiter
924 1307 956 1363 et
979 1319 1099 1386 peram:
1132 1307 1174 1374 ct,
1190 1303 1252 1384 qui
1271 1320 1333 1364 non

209 1405 320 1484 babet,
355 1399 474 1469 vendat
498 1405 636 1468 tunicum
665 1419 768 1479 suam,
807 1407 839 1464 et
867 1409 950 1464 emat
976 1399 1123 1488 gladium.
1167 1401 1221 1466 37.
1250 1402 1331 1468 Dico

211 1511 297 1574 enim
317 1503 429 1585 vobis,
460 1507 611 1592 quoniam
632 1503 738 1570 adhuc
750 1497 849 1590 ¹quod
870 1505 1023 1589 scriptum
1044 1511 1092 1567 est
1113 1515 1244 1590 oportet
1264 1527 1332 1593 per-

210 1609 266 1678 lici
286 1609 321 1676 in
341 1628 409 1686 me,
427 1607 472 1676 Et
491 1627 564 1671 cum
584 1607 703 1694 iniquis
726 1603 894 1692 deputatus
917 1614 973 1672 est.
1036 1603 1160 1670 Etenim
1183 1627 1233 1684 ea,
1256 1629 1332 1693 quse

209 1721 288 1780 sunt
314 1709 355 1775 dc
380 1729 447 1786 me,
467 1706 581 1784 ‚finem
602 1707 732 1776 babent.
775 1703 828 1771 38.
855 1707 969 1778 Atilii
995 1704 1153 1788 dixerunt,
1186 1707 1332 1786 Domine,

210 1835 286 1878 cccc
305 1811 359 1878 hio
379 1807 478 1898 gladii
498 1807 575 1911 duo.
618 1813 663 1878 Ae
682 1805 834 1900 illedixit
855 1809 918 1929 eiq,
940 1811 1024 1878 Satis
1045 1821 1100 1876 cst.

287 2047 354 2110 Huc
372 2054 484 2130 spectat
501 2056 581 2108 totns
601 2045 713 2129 Christi,
731 2067 838 2124 sermo,
867 2065 898 2112 se
921 2045 1055 2110 hactenus
1074 2043 1234 2128 pepercisse
1252 2044 1332 2106 disci-
1379 2055 1380 2124 1

233 2123 299 2203 ulis,
318 2135 357 2186 ne
375 2123 442 2206 qnid
460 2123 513 2186 illis
531 2121 593 2206 plus
612 2124 775 2206 imponeret
793 2123 938 2187 molestiae
955 2146 1037 2216 quam
1056 2143 1108 2206 pro
1127 2123 1252 2204 ipsorum
1270 2144 1332 2182 mo·
1379 2139 1380 2200 j

157 2249 162 2267 .
211 2147 289 2266 dulci.
326 2205 372 2264 Ae
395 2200 497 2282 prioris
522 2200 634 2282 quidem
657 2213 714 2262 tem
737 2200 793 2262 oris
822 2199 1024 2284 indulgentiam
1053 2201 1240 2274 commendat,
1274 2219 1330 2277 quo

211 2301 290 2342 nuuc
312 2277 428 2340 alacrius
451 2277 485 2340 ad
508 2277 651 2340 duriorem
675 2222 801 2338 militiam
823 2297 853 2338 se
878 2287 1050 2358 comparent
1089 2276 1230 2350 Quorsum
1253 2274 1329 2333 cuim

210 2359 295 2420 rudes
314 2355 404 2418 adhuc
428 2353 584 2416 tirunculos
603 2353 743 2446 procula
766 2353 890 2414 telorum
912 2352 988 2414 iactu
1011 2354 1042 2412 in
1063 2351 1158 2412 umbre
1181 2359 1210 2410 et
1232 2350 1329 2486 quiete

211 2433 368 2508 continuit,
393 2429 447 2492 nisi
465 2444 499 2491 ut
516 2429 646 2512 paulatrm
667 2427 792 2492 collectis
812 2429 842 2490 in
859 2429 920 2490 otio
939 2429 1038 2490 animis
1057 2440 1087 2488 et
1103 2425 1205 2488 unibus
1223 2447 1237 2484 a
1273 2447 1328 2505 pu-

212 2511 355 2590 gnandum
375 2507 582 2569 assuescerent?
619 2507 740 2568 Perinde
764 2507 773 2564 i
795 2505 851 2566 'tur
872 2517 915 2566 est
938 2506 993 2566 acsi
1011 2503 1137 2578 dixisset,
1155 2501 1245 2562 Vobis
1261 2499 1330 2561 bac-

209 2595 298 2658 teuus
322 2581 377 2640 iuit
400 2583 548 2642 commoda
573 2594 601 2644 et
620 2582 691 2643 laeta
714 2527 856 2656 ruodilo,
886 2581 950 2662 quia
969 2593 1099 2661 tanquam
1118 2597 1221 2660 pueros
1241 2577 1329 2638 molli-

209 2667 257 2719 ter
276 2657 376 2718 fovere
394 2656 487 2717 volui:
507 2679 583 2718 nunc
601 2671 741 2719 maturum
760 2659 838 2720 adest
856 2669 981 2738 tempus,
1005 2673 1062 2738 qun
1081 2675 1133 2718 vus
1152 2655 1239 2718 instar
1257 2657 1329 2716 viro·

209 2753 274 2794 rum
298 2751 456 2802 exerceam,
489 2733 616 2815 Longius
640 2745 735 2796 tamen
757 2745 837 2816 patet
859 2733 968 2795 diversa
990 2735 1073 2814 quam
1096 2732 1141 2792 hic
1159 2731 1245 2812 ponit
1262 2731 1330 2792 duo·
1379 2799 1380 2814 ,

209 2830 273 2872 rum
290 2818 454 2888 temporum
473 2809 659 2888 comparatio:
678 2831 743 2870 nam
762 2812 785 2871 si
808 2810 911 2890 absque
929 2831 1054 2885 annona,
1080 2829 1166 2888 quum
1187 2830 1233 2868 res
1271 2829 1330 2868 acr-

208 2895 256 2948 tae
274 2885 351 2966 ipsos
370 2881 422 2944 sibi
439 2884 604 2964 prospicere
622 2886 761 2961 sinerent,
785 2887 820 2948 ad
837 2907 938 2948 munus
957 2909 1037 2948 suum
1053 2881 1181 2968 egressis'
1194 2885 1226 2944 ni
1283 2885 1330 2944 de-

209 2961 279 3035 tuit,
311 2981 388 3020 nunc
406 2959 494 3020 multo
513 2959 601 3043 magis
620 2961 651 3022 in
669 2963 790 3024 tumultu
810 2974 840 3024 et
858 2962 984 3037 fervore,
1004 2960 1128 3042 deposita
1147 2962 1240 3022 victus
1260 2981 1332 3034 cura,

208 3058 363 3130 properare
382 3034 527 3111 convenit,
548 3057 607 3117 quo
625 3051 709 3100 vocat
721 3039 884 3102 ‘necessitas
905 3039 1073 3119 Quanquam
1091 3049 1183 3096 autem
1204 3037 1250 3096 hic
1269 3058 1333 3116 spe-

209 3114 316 3176 cialiter
334 3123 538 3175 commemorat
558 3112 700 3191 Christus,
721 3116 797 3196 -quid
817 3111 909 3198 egerit
929 3137 993 3176 cum
1012 3112 1204 3176 duodecimA
1227 3113 1333 3187 astulis,

160 3221 167 3234 =
209 3189 292 3250 simul
310 3203 406 3252 umen
425 3191 517 3263 docet,
536 3189 603 3249 dum
621 3192 710 3252 adhuc
730 3189 835 3253 novicii
854 3213 948 3252 sumus
967 3203 998 3252 et
1016 3189 1120 3250 debiles
1137 3189 1167 3248 in
1185 3133 1251 3264 fide,
1269 3200 1332 3250 tau·
1379 3191 1380 3264 f

207 3265 400 3344 tispernobis
418 3265 542 3335 inducias
561 3265 633 3343 dari,
660 3269 733 3328 -dum
763 3266 951 3330 adolescamus
974 3267 1005 3328 iu
1028 3267 1115 3327 viros:
1152 3263 1249 3344 itaque
1267 3287 1334 3348 per·

229 3359 304 3400 eram
323 3361 373 3402 eos
391 3341 497 3418 facere,
522 3341 570 3422 qui
592 3364 639 3404 sua
659 3345 752 3424 quiete
771 3343 805 3404 ad
824 3341 934 3404 delicias
953 3354 1087 3418 utuntur,
1111 3362 1183 3422 quae
1200 3342 1267 3403 fidei
1285 3356 1357 3402 ru-‘

206 3359 263 3476 bur
282 3429 429 3488 enervent.
468 3417 619 3490 Caeterum
642 3441 680 3480 ne
706 3419 891 3494 dubitemus,¹
907 3419 975 3500 quin
1000 3419 1084 3480 bodie
1107 3439 1223 3498 quoque
1247 3419 1333 3496 ratio·
1379 3453 1380 3458 κ

208 3511 275 3552 nem
301 3491 392 3581 uostri
416 3489 515 3554 hebeat
532 3493 673 3570 Christus,
697 3507 730 3555 ut
748 3495 871 3557 novitios
890 3508 919 3556 et
937 3493 1061 3556 imbelles
1081 3515 1140 3554 non
1159 3495 1333 3575 praecipitet,
1379 3567 1380 3574 ἵ

208 3568 258 3632 sed
295 3587 435 3646 nusquam
452 3567 487 3630 ad
510 3569 673 3630 conflictum
694 3572 907 3646 mittat„armis
926 3572 1045 3632 instruat
1064 3583 1094 3630 et
1112 3571 1230 3632 virtute.
1272 3613 1276 3620 -
1315 3608 1317 3618 ›

308 3663 353 3702 uc·
371 3644 420 3704 36.
458 3645 547 3705 Nunc
570 3651 623 3726 qui
646 3646 736 3707 habet
760 3647 922 3708 succulum.
960 3647 1095 3740 Figurate
1119 3647 1252 3730 ingentes
1275 3659 1334 3718 tur·
1379 3647 1380 3674 ¹

206 3717 256 3779 bas
275 3730 304 3780 et
323 3719 475 3781 acerrimos
498 3721 615 3800 insultus
634 3722 738 3788 instare
763 3723 924 3798 denuntiat,
954 3723 1073 3806 perrnde
1092 3723 1149 3784 acsi
1172 3723 1333 3806 imperator,

206 3793 308 3856 milites
326 3794 473 3858 rolensin
492 3797 580 3858 aciem
593 3801 770 3878 producere,
789 3799 824 3860 ad
842 3820 918 3860 arma
938 3801 1105 3884 coqclamet.
1127 3799 1213 3861 lubet
1231 3811 1333 3872 autem,

207 3871 339 3936 omnibus
363 3870 421 3932 aliis
446 3871 518 3932 curis
541 3873 634 3934 valere
657 3875 755 3952 iussis,
793 3874 907 3936 nonnisi
936 3877 984 3957 ad¹
999 3877 1182 3958 pugnandum
1208 3875 1333 3938 intentos

111 3964 115 3978 ·
208 3967 282 4018 esse,
305 3957 338 4006 ut
356 3948 393 4006 ne'
412 3947 449 4008 de
467 3949 546 4008 victu
569 3949 680 4028 quidem
702 3951 842 4036 cogitent:
871 3953 957 4014 docet
984 3953 1060 4012 euim
1083 3952 1181 4027 (utin
1201 3953 1334 4012 extremis

160 4035 163 4044 “
205 4019 335 4098 periculis
358 4021 419 4082 lieri
442 4021 544 4097 solet),
572 4025 668 4084 omnia
686 4048 718 4088 us
759 4027 833 4088 ead
852 4048 947 4107 peram
972 4040 1002 4088 ct
1021 4028 1163 4090 sacculum
1186 4049 1246 4092 esse
1265 4051 1335 4089 vcn-
1379 4031 1380 4102 l

108 4136 121 4150 .
205 4096 310 4171 dende,
333 4107 366 4156 ut
388 4117 419 4158 se
443 4095 525 4158 armis
549 4097 685 4176 muniant.
753 4115 880 4163 aeterum
904 4125 953 4164 eos
976 4105 1010 4164 ad
1038 4115 1182 4166 externam
1211 4126 1336 4186 pugnam
1379 4107 1380 4148 l

205 4169 321 4298 qniqqime
339 4183 436 4260 queat,
459 4171 509 4233 sed
531 4181 640 4262 tautum
664 4175 715 4236 sub
729 4177 1057 4268 ,bellandi'sitnilitudine
1076 4181 1227 4256 admnbet,
1250 4204 1336 4260 quam

267 4243 331 4305 edes
347 4245 400 4305 ullu
418 4245 565 4321 obeundae
584 4259 639 4310 smt
657 4248 750 4314 luctae
769 4265 973 4328 tentationum,
994 4267 1030 4316 ‘et
1050 4277 1133 4333 quam
1155 4277 1256 4343 graves
1276 4259 1336 4338 spi-
