2830 4772
220 293 230 318 Ι
282 231 284 238 ’
351 328 354 336 ¹
423 247 506 326 (lut.
544 243 648 342 §acrae
666 259 773 332 coenae
786 232 957 320 institutio.)
1178 245 1238 310 stt

111 399 272 476 Christum,
294 409 327 464 ut
345 397 391 462 sol
409 397 549 461 alimentis
567 396 641 460 vires
660 395 803 470 reficeret,
830 393 874 458 sel
891 398 922 458 iu
943 416 995 457 auo
1016 396 1151 460 convictu
1168 397 1238 462 reti-

55 537 58 543 ,
108 488 191 540 neret
210 473 376 556 discipulos,
395 475 445 538 aed
464 486 573 536 tantum
592 485 626 536 ut
643 471 763 555 probata
781 493 830 535 sua
848 473 1057 536 resurrectione
1076 472 1169 548 (cuius
1187 473 1237 536 ad-

108 551 165 614 huc
185 561 265 614 mant
283 549 374 628 dubii)
407 571 507 614 corum
530 562 641 612 mentes
663 571 773 612 sursum
797 547 939 612 eveheret.
979 551 1046 610 lioc
1071 548 1165 630 itaque
1184 572 1236 632 gea
1348 553 1350 559 ⁴

108 630 199 695 nuiuo
218 648 300 693 seusu
320 627 452 690 contenti
470 627 571 702 simtu,
591 625 667 706 quod
685 625 826 688 Dominus
845 627 903 688 ruis
920 625 1060 720 discipulis
1079 626 1238 708 promittat,

108 725 195 786 quum
219 704 356 768 hacteuus
381 703 504 768 mortalis
529 703 618 764 homo
643 723 707 764 cum
736 699 789 762 iliis
812 701 843 766 iu
876 713 952 764 terra
974 701 1091 779 mxerit,
1119 703 1237 785 posthac

107 781 208 844 beatae
227 793 256 842 et
273 779 435 842 immortalis
453 781 527 843 vitae
545 799 641 842 secum
660 777 724 841 ihre
741 776 843 840 socios.
1042 829 1045 835 ,
1227 819 1230 826 «

80 897 81 904 1
108 855 110 861 ’
182 859 253 920 Luc.
280 861 326 920 19.
354 857 454 936 ¹Quod
469 879 524 936 pro
542 857 625 916 uobis
643 856 745 928 datur.
772 853 884 934 Reliqui
902 853 960 916 duo
979 851 1054 944 hauc
1072 855 1236 935 particulam

53 953 61 959 “
107 934 259 1010 omittunt,
315 939 348 994 'ae
366 946 463 996 tamen
481 931 598 994 minime
616 951 786 1012 supervacua
806 943 862 992 cst:
894 951 959 1005 nam
977 929 1041 992 rdeo
1062 934 1237 1010 uuncpanis
1266 986 1267 997 ,

108 1023 151 1078 est
169 1011 270 1084 nobis,
301 1010 381 1072 hristi
400 1019 481 1084 caro,
505 1005 638 1089 quoniam
661 1007 693 1068 in
717 1007 860 1070 conubis
883 1003 971 1068 semel
995 1017 1073 1086 parta
1085 1020 1133 1077 ¹est
1153 1009 1233 1079 salus,

107 1089 146 1148 Et
170 1087 403 1168 quemadmodum
426 1085 509 1146 nullis
533 1084 649 1165 prodest
673 1103 740 1144 earo
763 1083 821 1164 ipsa
847 1081 991 1156 crucifixa,
1020 1079 1073 1142 nisi
1096 1083 1144 1162 qui
1173 1104 1235 1148 earn

106 1163 162 1226 fide
192 1165 357 1238 comeduut,
395 1162 434 1224 ita
463 1160 584 1222 vicissim
606 1158 707 1242 frigida
735 1171 808 1223 esset
832 1181 865 1222 ac
889 1155 990 1230 nullius
1013 1155 1075 1218 fere
1097 1161 1236 1222 momenti

106 1237 298 1316 manducatio,
326 1237 382 1302 uisi
400 1235 529 1301 sacrificii
553 1235 640 1298 semel
658 1235 744 1299 oblati
763 1246 903 1316 respectu.
942 1235 1021 1318 Ergo
1041 1233 1162 1315 quisquis
1180 1257 1235 1306 nu.

105 1315 215 1380 triciam
234 1315 287 1377 sibi
307 1335 368 1376 esse
389 1313 467 1393 cupit
487 1309 591 1376 Christi
610 1331 738 1385 carnem,
767 1311 876 1372 camin
896 1333 981 1374 cruce
1000 1310 1122 1372 oblatam
1140 1311 1240 1374 consi-,¹

104 1391 199 1468 deret,
217 1403 251 1454 ut
267 1402 384 1452 nostrae
402 1411 468 1450 cum
486 1390 552 1450 Deo
570 1387 804 1452 reconciliationis
822 1398 897 1450 esset
917 1387 1048 1468 pretium
1083 1386 1236 1455 Caeterum

104 1469 182 1548 quod
203 1469 234 1530 iu
254 1466 334 1550 panis
352 1465 482 1548 symbolo
500 1464 643 1526 subticeat
663 1465 819 1530 Matthaeus
839 1475 868 1524 et
887 1466 1013 1541 Marcus,
1031 1463 1060 1524 in
1081 1461 1168 1526 calice
1186 1476 1254 1526 exa·
1360 1461 1362 1472 ⁴

125 1544 244 1618 rimunt:
272 1561 378 1622 nempe
398 1542 475 1623 quod
501 1541 612 1626 sanguis
638 1539 674 1601 sit
696 1541 726 1600 in
749 1541 942 1602 remissionem
965 1551 1147 1621 peccatorum
1167 1539 1236 1602 iun·
1256 1569 1280 1610 n

103 1565 221 1682 dendus.
259 1619 339 1682 Haec
369 1639 439 1688 vero
463 1628 536 1683 uota
563 1617 599 1678 ad
628 1628 780 1698 utrumque
808 1616 969 1678 membrum
1001 1617 1113 1690 extendi
1141 1612 1235 1680 debet.

102 1697 184 1776 Ergo
203 1705 235 1755 ut
255 1694 310 1756 rite
330 1693 436 1758 Christi
459 1714 544 1757 carue
566 1714 725 1774 pascamur,
753 1694 902 1774 spectanda
927 1691 1010 1756 nobis
1034 1705 1077 1754 est
1095 1692 1155 1755 cius
1181 1693 1236 1756 im,
1365 1741 1376 1771 A,

6 1791 8 1796 ’
104 1771 235 1913 baddim
255 1770 319 1851 quia
337 1769 424 1834 semel
440 1791 493 1852 pro
512 1768 601 1835 salute
620 1773 718 1840 umtra
735 1768 795 1832 dari
813 1768 956 1852 oportuit,
979 1779 1013 1834 ut
1035 1769 1161 1850 quotidie
1175 1791 1236 1834 no·¹
1255 1719 1270 1834 l
1318 1819 1319 1822 ,

126 1849 149 1910 is
187 1859 259 1909 etur.
1027 1885 1032 1904 t

179 1923 280 1988 Matth.
300 1925 347 1990 27.
385 1925 484 1985 Bisica
503 1944 542 1985 ex
561 1921 616 1983 hoc
633 1945 741 1984 omnes.
783 1919 858 1998 Quia
877 1919 984 1986 Christi
1006 1921 1154 1984 consilium
1180 1921 1236 1988 tuit

101 2001 187 2064 fidem
206 2011 330 2062 nostram
349 1999 402 2062 sibi
419 2011 510 2062 totam
536 1998 731 2082 obstringere,
754 2019 792 2092 ua
815 1995 883 2080 quid
905 2011 983 2060 extra
1009 1997 1099 2078 ipsum
1117 2020 1236 2080 quaera-

92 2221 185 2312 ‘pitu
212 2229 356 2304 etratus,
376 2239 407 2288 ut
425 2248 456 2290 se
474 2249 563 2288 unum
581 2227 665 2290 nobis
683 2229 719 2288 ad
737 2228 913 2319 praestandas
926 2247 1032 2316 ,omncs
1051 2227 1145 2290 salutis
1164 2250 1235 2309 par-

55 2327 59 2334 ·
102 2319 146 2369 tes
165 2303 333 2368 insolidum
354 2302 484 2369 sulficere
503 2301 617 2378 doceat,
648 2303 702 2366 sibi
719 2325 795 2374 ,vices
834 2315 898 2364 otus
920 2324 953 2364 ac
977 2302 1033 2362 crbr
1057 2303 1169 2366 tribuit:
1202 2306 1234 2369 iu

102 2402 161 2462 quo
181 2382 250 2442 mira
272 2381 331 2444 eius
349 2379 523 2462 indulgentia
543 2379 665 2454 relucet,
689 2379 765 2460 quod
788 2324 853 2440 fidei
876 2390 991 2452 nostrae
1016 2379 1164 2442 consulere
1182 2401 1237 2443 vo-

7 2467 8 2472 ’
102 2459 179 2531 lens,
198 2459 232 2518 ad
252 2456 344 2519 carnis
361 2467 475 2518 nostrae
493 2453 644 2516 ruditatem
662 2455 702 2516 ita
724 2477 755 2516 se
781 2455 917 2518 demittat.
957 2453 1028 2530 Quo
1047 2455 1236 2538 magisdete-

102 2531 208 2595 stabilis
227 2544 269 2594 cst
287 2530 422 2623 sacrilega
444 2531 537 2612 Papae
560 2529 689 2608 audacia,
718 2531 768 2612 qui
790 2553 900 2600 sacrum
919 2529 975 2592 hoc
993 2531 1136 2594 vinculum
1155 2541 1235 2596 rum-

6 2671 7 2680 ,
103 2629 174 2690 perc
193 2629 252 2670 noo
272 2607 417 2668 dubitavit.
434 2671 435 2676 ,
454 2607 593 2670 Audimus
616 2607 720 2670 Filium
738 2607 795 2669 Dei
814 2607 889 2670 vitae
904 2605 1125 2690 plenitudinem,
1147 2630 1235 2691 'quiam

46 2737 50 2751 ,
104 2681 161 2748 suis
181 2682 308 2758 confert,
326 2683 436 2748 duobus
455 2683 589 2766 symbolis
607 2683 714 2765 pariter
731 2695 863 2748 testatum
885 2704 954 2750 csse.
1004 2683 1086 2759 Quae
1104 2685 1237 2758 divinitus

104 2759 257 2822 coniuncta
277 2769 372 2836 erant,
396 2781 454 2840 quo
479 2759 543 2822 iure
562 2759 695 2824 divellere
717 2759 826 2822 homini
849 2759 960 2822 mortali
979 2761 1020 2823 ias
1044 2759 1117 2822 suit?
1153 2763 1237 2834 Adde

104 2839 185 2918 quod
205 2835 336 2898 consulto
359 2834 472 2899 videtur
491 2832 631 2899 Dominus
674 2835 816 2930 raeciperc
841 2835 984 2912 omnibus,
1017 2847 1052 2898 ut
1077 2860 1117 2900 aa:
1141 2841 1248 2906 colim

101 2918 221 2990 bibunt,
242 2933 299 3006 quo
320 2911 496 3049 suppilegium
513 2911 572 2976 hoc
590 2913 625 2974 ab
644 2859 837 2997 hicclessasun
855 2919 973 2975 arceret.
1012 2912 1058 2974 Dc
1077 2935 1150 2994 pane
1168 2915 1245 2978 sim-.

102 2993 215 3075 pliciter
233 2989 333 3052 dtxbse
360 2987 485 3073 pimus,
512 3001 546 3050 ut
569 2990 742 3072 acciperent:
772 3012 823 3054 cur
847 2989 946 3054 hibere
969 2990 1137 3052 nominatim
1156 2989 1237 3060 iubet

33 3135 38 3146 ,
102 3089 218 3143 omncs,
245 3076 275 3126 ct
294 3067 406 3128 Marcus
429 3063 534 3126 bibisse
553 3087 653 3128 omnes
676 3067 906 3143 diserte-narrat,
919 3065 983 3128 ,nisi
1001 3078 1033 3126 ut
1057 3065 1110 3126 sibi
1128 3064 1163 3126 ab
1182 3065 1238 3126 im-

102 3145 147 3227 pia
166 3141 297 3206 novitate
318 3153 452 3204 carerent
469 3141 584 3204 fideles?
621 3143 685 3206 Nec
703 3139 799 3216 umen
821 3163 921 3204 severo
940 3141 996 3204 boc
1015 3141 1167 3202 interdicto
1185 3141 1238 3203 dc-

100 3221 216 3282 tcrritus
243 3217 297 3280 iuit
321 3219 412 3298 Papa,
444 3218 511 3298 quin
534 3219 617 3280 lixam
639 3241 657 3280 a
679 3217 924 3302 Domino'legem
951 3228 1061 3278 muctare
1079 3238 1112 3280 ac
1130 3218 1238 3282 violare

102 3296 233 3359 auderet:
264 3293 410 3376 populum:
425 3295 504 3378 euim
526 3305 618 3360 totum
644 3294 791 3376 prohibuit
812 3293 846 3354 ah
873 3317 926 3356 usu
950 3293 1050 3358 calicis.
1089 3297 1185 3376 Atque
1204 3303 1238 3356 ut

102 3393 134 3434 sc
157 3369 293 3450 probaret
315 3393 375 3432 non
398 3371 459 3433 sine
486 3371 597 3434 ratione
623 3371 738 3462 (aiere,
773 3369 903 3433 obtendit
932 3369 999 3436 satis
1025 3391 1086 3434 esse
1113 3371 1237 3454 speciem

103 3467 203 3522 mam,
228 3446 292 3526 quia
316 3468 370 3528 per
393 3447 643 3510 concomitantiam
667 3459 836 3510 coniunctus
860 3447 896 3508 sit
918 3445 1029 3530 sanguis
1055 3471 1120 3510 cum
1142 3468 1238 3510 carne.

71 3569 75 3572 .
106 3521 196 3598 Quasi
214 3541 284 3584 vcro
305 3543 364 3584 uon
383 3525 483 3586 eodem
506 3535 652 3608 praetextu
672 3535 765 3586 totum
780 3523 992 3586 Sacramentum
1012 3523 1125 3588 abolere
1144 3525 1237 3601 liceat,

87 3596 169 3678 ,quia
187 3617 280 3678 aeque
301 3597 343 3659 sui
426 3601 511 3682 'cipes
534 3621 588 3663 nos
611 3602 705 3676 iacere
730 3600 860 3663 Christus
883 3601 972 3694 possit
995 3602 1099 3682 absque
1117 3613 1237 3672 externo

104 3671 284 3734 adminiculo.
323 3674 361 3734 Se
392 3673 463 3737 'istis
508 3677 640 3739 uerilibus
663 3677 766 3740 cavillis
789 3674 859 3736 nihil
881 3690 992 3740 iuvatur
1016 3678 1075 3740 cius
1101 3677 1138 3736 im
1159 3677 1238 3750 ictas,

6 3763 8 3794 t
105 3749 170 3831 quia
188 3749 258 3807 nihil
282 3749 370 3831 magis
393 3698 543 3834 absurdinp
564 3765 620 3829 cst,
644 3773 728 3834 utram
752 3765 785 3812 ut
805 3754 910 3814 traditis
930 3775 944 3813 a
964 3755 1091 3815 Domino
1110 3699 1239 3840 subsidiis

83 3825 209 3906 ··sp0'nte
233 3837 362 3900 careant,
389 3827 434 3888 vel
457 3829 562 3906 privari
587 3831 741 3892 sustineant
769 3829 878 3892 fideles:
909 3831 1036 3911 ideoque
1053 3826 1123 3890 nihil
1145 3846 1239 3889 miuus

105 3901 253 3964 ferendum
274 3900 387 3981 quami
438 3901 447 3959 i
481 3901 516 3964 ha
569 3927 598 3964 m
617 3905 694 3966 sterii
713 3905 855 3966 laceratio.
1027 3947 1035 3960 ι
1221 3943 1223 3948 ·

151 4015 156 4021 ·
184 3979 272 4040 Marc·
293 3979 340 4038 24.
380 3925 438 4036 dic
457 3991 503 4038 eat
523 3985 649 4062 sanguis
667 4003 757 4042 meur.
798 3975 858 4040 lam
881 3983 957 4063 prius
982 3976 1128 4052 admonui,
1147 3997 1239 4058 quum

7 4079 8 4084 ¹
104 4053 208 4116 dicitur
235 4052 396 4115 fundendus
415 4057 530 4137 sanguis
550 4057 637 4137 (apud
654 4055 841 4136 Matthaeum)
865 4063 901 4118 in
918 4059 1116 4118 remissionem
1131 4075 1238 4133 pem

102 4143 215 4202 torum,
236 4129 393 4192 triaverbis
411 4151 465 4192 nos
483 4132 536 4193 diri
559 4133 621 4196 iad
639 4133 737 4196 mortis
758 4133 862 4196 Christi
882 4133 1059 4204 sacrificium,
1078 4131 1139 4192 sinc
1158 4130 1238 4195 cuius

102 4205 239 4269 memoria
260 4227 407 4290 nunquam
436 4205 492 4270 rite
542 4229 615 4270 oona
642 4209 807 4272 celebratur.
857 4213 919 4270 Nec
947 4227 1017 4268 vero
1042 4205 1122 4268 aliter
1144 4206 1238 4272 satiari

102 4295 223 4420 possunt
243 4281 338 4348 fideles
356 4283 481 4362 animae,
501 4286 553 4348 nisi
572 4299 708 4367 quatenus
727 4287 822 4346 Deum
838 4286 893 4370 'sibi
911 4284 1048 4366 placatum
1068 4301 1130 4344 esse
1148 4283 1239 4346 conii-

18 4468 24 4511 Ι
83 4486 86 4492 ,

123 4373 183 4422 unt.
222 4359 377 4428 Caetcmm
389 4361 451 4426 sut
470 4365 638 4428 :multorum
659 4360 781 4425 nomine
807 4381 867 4423 uon
886 4373 994 4442 partem
1013 4359 1109 4456 mundi
1128 4371 1237 4426 taum

773 4543 792 4578 χ
