2830 4772
205 239 266 306 31
416 233 526 298 SECT.
546 233 626 296 xm.
665 249 790 319 cuntem
808 249 920 301 resero
938 249 979 296 nr
997 249 1092 295 nom.

208 388 325 462 &tue
349 387 414 466 tto,
448 385 551 456 donee
579 385 707 466 vadem,
741 398 772 454 et
798 407 887 454 oren:
908 386 986 474 illie.
1005 399 1008 406 ’
1026 387 1078 453 m.
1099 385 1142 452 m
1161 397 1329 474 assumpto

206 497 303 562 Petro
325 501 356 560 et
377 489 504 558 duobus
526 488 601 557 filiis
624 489 793 570 Zebedaei,
816 493 922 578 eoepit
942 489 1029 555 offici
1051 487 1164 556 dolore
1186 500 1216 554 et
1239 511 1328 555 moe-

206 595 364 668 stitudine.
406 591 459 662 38.
486 593 581 658 Tune
605 593 649 658 eit
678 591 740 658 illis
767 593 870 672 Iesus,
901 595 1017 658 Tristis
1048 602 1096 658 est
1125 594 1228 658 auimo
1258 615 1326 658 mee

205 720 309 788 mqtte
330 695 371 764 od
392 703 540 762 mortem:
571 705 695 762 monete
715 694 783 773 hio,
815 705 846 760 et
867 694 993 780 vigilate
1014 716 1146 760 meeum.
1208 694 1263 758 39.
1285 697 1326 760 Et

204 821 394 894 progressus
415 797 581 886 pusillum,
610 795 749 885 procidit
770 797 802 862 io
824 797 935 862 faeiem
956 817 1062 878 suam,
1085 818 1195 874 orans,
1216 807 1255 864 e'e
1276 796 1325 860 di-

205 923 291 981 eens,
309 901 403 968 Peter
424 900 475 980 nri,
497 901 526 965 si
545 897 701 987 possibile
722 908 784 974 est,
806 908 942 966 transeat
962 922 981 964 a
1001 923 1051 986 me
1073 899 1154 966 calix
1174 897 1247 967 is'te:
1269 919 1323 964 ve-

204 1015 370 1073 roonneu
391 1025 460 1070 uon
478 1003 560 1068 siem
579 1023 640 1087 ego
661 1000 748 1078 voto.
771 1001 829 1067 sed
850 1005 932 1068 sieut
952 1011 996 1067 to.
1039 1003 1090 1066 to.
1113 1003 1154 1066 Et
1174 1004 1261 1066 veuit
1281 1000 1321 1066 ed
1384 1025 1386 1096 t

204 1105 393 1196 dissipolos‚
426 1115 457 1174 et
477 1107 599 1196 reperit
617 1124 675 1169 eos
698 1102 903 1170 dormientes:
940 1113 970 1170 et
992 1103 1070 1169 dicit
1089 1103 1201 1184 Petro,
1228 1101 1320 1166 Adeo
1381 1109 1386 1222 q

203 1233 272 1278 non
293 1207 444 1296 potuistis
466 1228 530 1274 uua
551 1205 630 1272 horo
650 1205 783 1292 vigilare
804 1207 945 1274 meeum?
966 1205 1016 1282 tt.
1037 1205 1175 1292 Vigilate
1197 1216 1227 1272 et
1250 1227 1319 1270 ore·

202 1321 251 1391 te,
277 1322 314 1378 nt
334 1333 376 1378 ne
397 1311 519 1378 intretis
540 1311 813 1374 intentationem:
853 1310 981 1394 spiritus
1003 1308 1132 1394 quidem
1153 1319 1317 1394 promptus

204 1423 269 1494 est,
291 1423 324 1478 st
339 1433 420 1500 earo
444 1410 577 1476 infirme.
621 1411 672 1476 42.
694 1411 819 1476 Rursus
841 1410 937 1496 alters
958 1413 1034 1478 viee·
1048 1408 1138 1488 abiit,
1165 1421 1196 1476 et
1217 1411 1316 1476 oravit

203 1503 329 1592 dicens,
351 1513 446 1578 Pater
467 1515 523 1590 mi,
549 1513 577 1578 ei
598 1533 665 1578 non
685 1524 791 1599 potest
812 1513 874 1581 hoo
894 1509 1044 1599 poculum
1064 1514 1201 1578 transire
1221 1535 1240 1578 a
1259 1534 1314 1590 me,

199 1619 263 1686 nisi
282 1614 391 1681 hibern
411 1612 505 1692 illud,
528 1613 583 1679 sut
604 1613 753 1682 voluutm
773 1625 851 1682 tus..
881 1614 934 1679 te.
957 1616 1119 1704 Ettvenin
1150 1625 1181 1680 et
1201 1618 1315 1703 reperit

201 1741 259 1788 eos
280 1719 394 1784 iterum
421 1715 630 1781 dormientes:
652 1714 745 1782 erant
763 1720 844 1783 euim
867 1716 952 1782 oeuii
974 1733 1082 1784 eorum
1105 1721 1234 1803 gravati.
1266 1717 1313 1780 di.

199 1821 241 1886 Et
261 1819 379 1886 relictis
400 1815 479 1894 iliis,
508 1818 622 1888 iterum
637 1805 744 1902 'abin
775 1830 808 1886 et
829 1818 930 1888 oravit
950 1821 1074 1900 tertio„
1093 1820 1229 1886 eundem
1250 1839 1314 1886 sere

197 1941 324 1988 monem
346 1917 464 1984 dicens.
864 1919 878 1930 ''
986 1945 991 1958 ·

209 2118 223 2130 ¹·
281 2088 421 2158 MARC.
442 2089 529 2154 xtv.
571 2073 686 2155 32'Et
706 2091 844 2158 veniunt
861 2073 1047 2184 'inlocum
1081 2094 1171 2158 cuius
1197 2113 1312 2160 nomen

196 2192 425 2262 Gethsemane:
455 2203 487 2258 et
508 2187 585 2260 dicit
607 2191 772 2281 discipulis
794 2195 874 2276 eois,
890 2187 1012 2280 ¹Sedete
1033 2195 1095 2274 hie,
1118 2193 1313 2286 dooeeora-
1385 2253 1386 2262 2

195 2318 284 2364 vero.
312 2296 364 2362 33.
386 2297 430 2364 Et
450 2295 581 2362 assumit
599 2295 727 2362 Petrum
748 2306 780 2362 et
800 2295 951 2362 Ieeobum
974 2308 1005 2362 ot
1026 2299 1169 2380 ioannem
1192 2318 1310 2375 seeum,
1385 2277 1386 2363 i

118 2452 123 2466 .
152 2459 156 2474 ,
194 2401 365 2488 coepitque
387 2414 611 2488 expavescere,
643 2407 674 2464 et
694 2419 841 2464 moerore
860 2397 953 2463 aiiiei.
995 2398 1047 2464 st.
1071 2398 1114 2463 ·Et
1139 2395 1215 2478 dicit
1231 2399 1309 2480 iliis,

194 2497 310 2566 Tristis
333 2509 381 2568 est
402 2503 506 2566 enimn
525 2522 595 2572 mee
616 2523 718 2589 usque
739 2499 780 2566 ed
801 2491 945 2566 mortem:
967 2510 1089 2568 menete
1107 2499 1210 2576 hieu
1230 2505 1309 2590 rtgi·
1351 2567 1354 2578 ,

194 2599 268 2664 lete.
312 2600 366 2664 35.
386 2601 800 2690 Etprogr'essusipusiilom
820 2613 997 2691 prostratus
1010 2599 1070 2668 est*
1087 2604 1121 2670 in
1141 2599 1267 2696 temeret
1281 2615 1310 2671 et

192 2700 296 2766 oravit
317 2709 367 2777 ut,
390 2703 418 2764 ei
439 2695 595 2790 possibili:
617 2707 710 2784 esset,
732 2705 920 2799 transiretis
942 2725 976 2770 se
998 2703 1102 2770 horo.¹
1126 2707 1244 2804 ants:
1265 2709 1308 2774 di-

191 2797 301 2878 oebat,
322 2797 434 2879 Abba,
450 2794 564 2892 Peter,
588 2807 693 2873 omnis
715 2791 1069 2896 possibitii'sunt'itbtz
1101 2809 1194 2902 oufes
1213 2833 1308 2898 poeu-

190 2901 256 2967 lum
277 2900 379 2968 hoes
403 2923 468 2969 me:
500 2916 706 2973 veruntamen
727 2931 794 2975 uon
815 2909 992 3000 quodego
1013 2909 1104 3002 voio,
1122 2901 1193 2977 sed
1215 2913 1306 3001 ‘quod

190 3015 235 3072 tn.
278 3003 329 3070 ³7.
352 3003 395 3071 E:
415 3007 517 3084 venit,
540 3013 572 3071 e't'
593 3007 727 3076 offendit
747 3031 804 3077 eos
826 3011 1033 3093 dormientes,
1053 3013 1190 3100 dicitque
1202 3013 1307 3108 Petro,¹

189 3107 315 3188 Simon,
339 3099 476 3176 dormis?
498 3129 567 3184 uon
587 3113 719 3196 potuisti
740 3133 833 3183 uuam
855 3115 965 3198 horam
980 3103 1132 3202 ¹vigilaret
1172 3117 1223 3186 38.
1237 3120 1305 3183 ‘Vi-

188 3205 282 3291 gilnte
311 3221 464 3290 eterne,
497 3232 539 3276 ne
566 3214 687 3279 intretis
709 3215 744 3302 in
769 3219 985 3283 tentationem:
1022 3221 1149 3304 spiritus
1175 3220 1304 3306 quidem
1382 3205 1383 3212 ἵ

187 3319 367 3402 promptus,
400 3323 432 3377 at
454 3335 530 3378 earo
551 3312 685 3394 infirmo.
728 3317 780 3383 39.
797 3319 844 3384 'Et
864 3338 1002 3413 rursum¹
1015 3309 1174 3410 digressus
1201 3309 1303 3392 orarit

187 3403 325 3472 eundem
353 3425 531 3482 sermonem
560 3415 678 3496 dicens.
743 3419 795 3494 to,
822 3423 866 3502 Et
890 3443 1039 3491 reverens
1065 3409 1300 3494 oiieudit'issos

185 3525 312 3572 rursum
333 3505 541 3579 dormientes:
577 3530 667 3582 eraut
688 3521 770 3586 enim
799 3522 886 3589 oeuli
907 3521 1017 3592 eomtn
1038 3529 1301 3620 graveti,'neque

185 3603 340 3688 sciebant,
362 3613 441 3698 quid
462 3613 510 3678 itti
530 3613 772 3712 responderent.
802 3619 825 3630 “’
1099 3623 1120 3641 ‘'
1189 3629 1192 3636 ’
1246 3635 1248 3642 ’

268 3779 368 3856 LUC.
389 3781 486 3848 xxtt.
517 3782 581 3868 ¹39:
602 3785 645 3856 Et
666 3812 813 3880 egressus
841 3782 909 3872 ibet
938 3791 993 3880 (st
1016 3809 1085 3868 eret
1110 3789 1242 3886 solitus)
1266 3805 1297 3868 in

182 3891 319 3947 montem
341 3881 526 3952 Olivsrum:
546 3895 675 3976 sequuti
696 3907 799 3962 eutem
819 3909 895 3962 sont
914 3899 1120 3994 'stiumystiem
1142 3895 1295 3992 discipuli.

182 3979 233 4046 to.
253 3983 297 4048 Ei
316 4004 413 4071 quum
434 3991 630 4074 pervenisset
649 3993 689 4058 ed
711 3997 832 4076 locum,
855 3997 1029 4084 diutinis,
1053 4003 1168 4088 Orate,
1187 4029 1230 4074 ne
1251 4009 1294 4073 iu·

182 4083 268 4146 tretis
291 4086 327 4150 iu
351 4091 562 4155 tentationem.
606 4093 657 4156 41.
681 4095 723 4160 Et
748 4101 818 4184 ipse
838 4089 968 4170 evulsus
990 4117 1040 4172 eet
1065 4106 1108 4172 ob
1131 4083 1185 4173 eis
1199 4087 1294 4176 ferme

180 4176 221 4239 ed
246 4182 359 4273 iactum
375 4187 517 4276 ‚lepidiu
549 4192 726 4277 positisque
752 4201 888 4282 genibus
915 4205 1042 4286 orabat,
1068 4209 1139 4280 :tn
1165 4211 1294 4292 Dicens,

180 4267 290 4386 Pater„
304 4287 417 4366 siris,
439 4291 572 4374 troneier
585 4293 744 4374 poculum
766 4298 868 4401 3ομ
889 4326 975 4383 ηιμ,
996 4319 1203 4378 veruntamen
1224 4323 1292 4380 nort
