2790 4764
282 310 285 322 ,
361 233 528 314 (tto—tt.
567 231 612 292 De
629 227 977 315 repudioeteoniugtoi)
1178 235 1234 298 ιω
1325 227 1337 244 .
1377 249 1379 260 .

31 391 42 410 ⁴
107 413 171 455 rem
192 387 368 456 inscribant.
393 385 504 462 Quodsi
523 385 561 478 ex
583 377 693 475 legibus
708 381 840 524 politicis
859 403 920 444 non
944 401 1068 476 semper,
1096 381 1235 454 nec-ubif

88 479 166 553 sque
184 467 306 558 pqtenda
324 474 368 526 est
389 474 484 525 sancte
501 482 603 544 pieque
622 481 707 524 raven

754 459 864 543 registr,
886 459 976 522 multo
996 481 1090 522 minus
1108 479 1144 548 ex
1161 463 1236 524 eon-⁴
1260 471 1262 476 ’

108 545 312 682 auetugpnebim
330 626 430 678 „utem
447 586 540 675 codic.
577 613 689 676 Marcus
708 612 764 674 boc
783 631 909 676 scortum
927 612 1066 696 discipulis
1085 613 1170 678 luisse
1189 613 1242 692 di-.

79 761 80 764 ,
111 705 189 758 ctum
206 690 307 770 refert,
330 692 549 778 quomedomunt
566 689 722 752 venissentc
749 687 907 756 Matthaeus
928 702 1037 770 autem,
1063 691 1165 754 omissa
1180 689 1234 753 bac

112 771 322 847 circumstantia,
340 789 502 832 sermonem
521 765 657 842 contexit,
676 775 708 828 nt
727 786 811 848 saepe
829 767 1024 851 Evangelistae
1041 769 1165 832 medium
1183 767 1236 828 ali-⁶

113 848 180 930 quid
201 848 375 941 relinquunt,
400 845 464 927 quia
486 842 552 905 satis
579 842 685 904 babent
710 855 816 914 rerum,
830 865 949 906 summae
973 845 1115 928 colligere.
1156 841 1235 908 Nihil
1308 864 1312 877 ‘
1381 845 1384 912 't

113 945 183 1010 ergo
204 923 367 986 discriminis
394 933 451 998 est,
478 919 533 982 nisi
551 919 634 1010 'quod
656 919 728 1055 aldtiqr
749 917 839 1009 altero
858 919 1011 982 distinctius
1028 942 1090 983 rem
1108 921 1233 1012 exponit.

110 995 1129 1162 lttttttttssfttcttttvtrltt...⁰ttt⁰tttss²¹zt‘tt-tt:
1144 1019 1262 1135 tta

108 1154 219 1226 alteram
241 1151 295 1216 sibl
320 1151 433 1234 accipit.
481 1151 582 1238 Neque
605 1166 682 1208 enim
706 1157 748 1206 est
770 1166 801 1206 in
825 1145 948 1208 bominis
965 1147 1086 1238 arbitrio
1111 1149 1236 1231 coniugii

108 1233 187 1294 fidem
206 1231 335 1304 solvere,
359 1247 444 1308 quam
461 1225 603 1286 Dominus
622 1231 710 1282 catam
730 1241 845 1282 manere
862 1220 936 1286 vult:
962 1234 1058 1306 utaque
1073 1222 1164 1314 pellex
1183 1236 1236 1300 est,

1 1303 2 1306 '
107 1325 177 1389 quae
196 1307 342 1391 legitimae
361 1302 459 1364 uxoris
476 1310 573 1361 torum
593 1307 720 1390 occupat.
758 1295 880 1359 Additur
898 1307 992 1362 autem
1011 1311 1154 1392 excepto,
1173 1299 1238 1382 quia

105 1383 210 1445 mulier
236 1380 408 1452 scortando,
439 1395 469 1438 se
492 1375 568 1456 quasi
594 1374 736 1456 putridum
758 1374 917 1436 menibrum
940 1396 957 1437 a
979 1377 1041 1438 viro
1066 1375 1238 1452 rescindens,

107 1483 173 1522 eum
192 1459 302 1522 liberat.
342 1455 403 1530 Qui
421 1451 484 1513 alias
503 1471 598 1528 cairsas
617 1450 787 1532 excogitant,
805 1451 870 1531 quia
940 1473 970 1514 ra
988 1453 1150 1538 magistrum
1169 1471 1239 1516 ρος..

1 1605 2 1610 1
105 1538 208 1598 lestem
232 1551 333 1614 sapere
356 1530 469 1603 volunt,
491 1527 593 1590 merito
611 1539 678 1587 sunt
694 1527 866 1607 repudiandi.
933 1529 1120 1612 'epbantiasin
1138 1528 1240 1592 volunt

1 1659 2 1684 ,
105 1614 210 1674 iustam
233 1606 343 1744 repudii
361 1624 562 1678 causamesse,
590 1603 655 1693 quia
673 1603 768 1668 morbi
786 1603 920 1688 contagio
938 1627 999 1670 non
1019 1605 1160 1669 modoad
1178 1625 1240 1666 rna-
1267 1633 1276 1642 ·

1 1783 2 1840 3
94 1701 470 1842 ,bidbmbtseelephantiacam
490 1777 608 1818 uxorem
626 1777 686 1817 non
707 1757 841 1842 attingat,
865 1757 904 1820 ita
922 1760 981 1822 eius
999 1759 1186 1844 repudiandae
1203 1755 1240 1822 li·
1290 1823 1292 1832 ,

295 1695 324 1745 ει
342 1681 376 1742 ad
394 1681 496 1742 liberos
514 1691 670 1763 pervemat.
706 1681 770 1762 Ego
789 1693 896 1758 autem,
918 1683 999 1745 sicuti
1018 1685 1067 1765 pio
1084 1683 1147 1746 viro
1167 1701 1240 1744 con-

110 1839 233 1904 centiam
257 1857 317 1922 nqn
341 1835 485 1918 permitto.
532 1833 645 1916 Siquis
665 1833 793 1909 obiiciat,
817 1854 887 1916 opus
905 1833 1010 1899 habere
1027 1837 1166 1913 remedio,
1190 1835 1240 1918 qui

1 1915 2 1927 ³
77 1969 95 1993 ,ἢ
109 1915 236 1980 coelibes
254 1913 349 1976 vivere
371 1921 525 1994 nequeunt,
544 1930 582 1972 ne
600 1922 729 1972 urautau:
749 1909 814 1974 dico
832 1912 986 1978 remedium
1000 1935 1061 1976 non
1075 1935 1145 1990 esse,
1163 1911 1244 1996 quod

110 2006 190 2055 extra
208 1989 266 2053 Dei
283 1989 402 2050 verbum
421 1989 573 2070 quaeritur.
611 1987 696 2048 Addo
715 1985 809 2065 ettam,
829 2009 888 2052 nun
908 2013 971 2056 uani
989 1991 1042 2053 illis
1055 1990 1154 2053 delore
1168 2009 1241 2052 cou-

109 2068 249 2132 tinentiae
276 2067 397 2140 donum,
425 2065 450 2127 si
472 2063 599 2126 Domino
623 2085 654 2125 se
677 2063 819 2147 regendos
843 2003 967 2143 tradant,
997 2067 1062 2149 quia
1084 2078 1241 2148 sequuntur

111 2145 190 2228 quod
213 2143 259 2204 ille
277 2141 467 2226 praescripsit.⁴
514 2139 645 2220 Obrepet
662 2139 743 2200 alicui
761 2141 857 2203 uxoria
874 2141 1030 2218 smtidium,
1050 2157 1086 2205 nt
1103 2141 1243 2226 congredi

112 2243 178 2284 cum
198 2241 231 2282 ea
249 2241 309 2280 non
327 2217 472 2280 sustineat:
491 2235 528 2276 an
547 2215 613 2275 huic
632 2215 707 2290 malo¹
727 2214 887 2306 polygamia
904 2218 1080 2286 medebitur?
1114 2217 1241 2280 Alterius

111 2295 240 2360 uxor-in
262 2294 402 2380 paralysin
424 2291 471 2355 vel
494 2291 666 2372 apoplexiam
685 2291 805 2365 incidet,
828 2291 874 2354 vel
899 2294 954 2354 alio
974 2287 1120 2355 incurabili
1138 2293 1241 2356 inorbo

111 2373 265 2436 laborabit:
350 2369 466 2450 maritus
488 2365 714 2428 incontinentiae
732 2379 879 2456 praetextu
897 2371 972 2430 illam
989 2367 1116 2430 reiicieti
1152 2369 1243 2448 Atqui

113 2451 219 2512 scimus
243 2447 311 2530 spiri
323 2468 356 2506 us
380 2443 482 2506 auxilio
507 2461 651 2532 nunquam
672 2439 798 2516 destitui,
824 2443 873 2535 qui
895 2446 925 2506 in
943 2445 996 2508 riis
1014 2443 1073 2506 suis*
1092 2441 1243 2506 ambariant.

113 2523 303 2588 Scortitionis
320 2519 449 2582 vitandae
467 2537 561 2590 causa,
580 2515 672 2607 inquit
689 2514 806 2593 Paulam,
825 2541 885 2600 quis
905 2542 941 2585 ue
960 2541 1078 2584 uxorem
1096 2519 1180 2582 ducat
1198 2522 1242 2614 (l.

75 2635 80 2643 ·
114 2601 226 2665 Cori‘l
262 2597 316 2673 2.).
354 2597 421 2654 lloc
458 2594 488 2654 tii
506 2593 586 2683 fecit,
609 2591 676 2653 licet
694 2613 755 2654 non
772 2543 904 2658 succedal
922 2605 956 2658 ex*
975 2601 1058 2672 voto,
1081 2596 1136 2659 suit
1175 2611 1243 2660 arti-

3 2691 4 2750 ]
115 2679 170 2740 bus
189 2641 339 2737 deludetur
359 2682 419 2733 est.
463 2673 527 2754 'rgo
546 2691 569 2730 si
589 2668 654 2750 quid
673 2668 753 2744 desit,
770 2671 827 2732 Dei
846 2673 969 2738 subsidio
988 2675 1132 2742 sarciatur.
1190 2675 1244 2738 lira
1307 2681 1315 2704 ι
1356 2732 1363 2756 ⁸

114 2749 266 2838 progredi,
281 2745 358 2808 'nibil
376 2746 449 2808 aliud
468 2759 510 2808 est
547 2767 610 2806 uam
628 2746 723 2807 Demn
740 2758 860 2812 tentare.
903 2750 991 2826 Quod
1015 2763 1108 2814 autem
1127 2751 1243 2816 alteram

115 2849 229 2893 causam
246 2836 329 2888 notat
345 2822 446 2886 Paulus
470 2822 514 2901 (I.
549 2823 819 2904 'r.t,12.16.),
853 2847 956 2911 nempe
975 2829 1024 2890 nbi
1044 2829 1155 2910 pietatis
1175 2830 1243 2890 odio

115 2906 255 2987 coniuges
278 2902 313 2964 ab
338 2899 487 2992 incredulis
509 2899 709 2992 reiiciqcontin
733 2901 857 2992 't,·non
882 2921 943 2966 esse
967 2905 1044 2998 pium
1062 2905 1179 2968 tratrem
1197 2906 1244 2967 vel

114 3003 247 3046 sororem
264 2991 333 3040 tunc
352 2987 480 3040 servituti
499 2976 663 3050 obnoxium,
682 2997 698 3036 a
731 2979 821 3040 ’bristi
837 2993 934 3042 mente
951 2983 1093 3044 diversum
1111 3001 1172 3042 non
1192 2991 1243 3042 est.

115 3061 222 3141 Neque
247 3055 324 3118 eninr
342 3053 398 3114 illic
416 3054 451 3114 de
468 3054 540 3128 iusta
558 3053 672 3134 repudii
685 3075 766 3114 causa
784 3056 905 3134 dbserit,
929 3059 978 3121 sed
996 3070 1108 3118 tantum
1126 3078 1162 3116 an
1180 3057 1244 3118 viro
1280 3061 1284 3072 '

6 3159 7 3166 ¹
116 3131 265 3197 incredulo
279 3131 425 3192 obstricta
444 3141 554 3190 maneat
573 3128 687 3203 mulier,
709 3135 857 3213 postquam
875 3136 932 3196 Dei
950 3135 1017 3194 odio
1036 3133 1121 3218 impie
1139 3133 1245 3195 reiecta

11 3949 15 4188 l

13 4289 14 4320 ³
122 4273 390 4338 πωπω

14 4347 16 4390 t
122 4351 205 4416 uxori
269 4361 349 4416 uras.
395 4350 455 4430 Qui
478 4349 667 4427 repudiatam
688 4351 821 4410 duaeertt.
894 4365 930 4405 oc
954 4342 1112 4406 membnim
1131 4347 1251 4426 pessime

14 4393 21 4508 l

116 3232 180 3273 non
201 3209 283 3270 aliter
300 3209 393 3268 redire
412 3207 441 3266 in
460 3206 578 3296 gratiam
596 3215 700 3296 potest,
719 3228 801 3286 quiana
821 3210 844 3271 si
863 3211 956 3272 Deum
975 3209 1106 3292 abneget
1145 3210 1246 3286 Quare

117 3285 190 3348 nihil
206 3286 317 3356 mirum,
338 3281 476 3346 siPatrlus
495 3281 657 3342 alienationt
675 3284 775 3363 εΙιεοΙ
789 3285 931 3347 ἀίεείιιίεω
948 3303 1013 3346 cuni
1033 3285 1147 3348 bomine
1166 3307 1246 3348 mor-

117 3363 167 3426 tati
190 3362 339 3444 praeferat.
377 3359 498 3421 Videtur
518 3371 612 3419 tamen
635 3379 803 3450 sppervacua
829 3383 893 3424 csse
931 3384 997 3439 uam¹
1015 3363 1099 3444 ponit
1117 3363 1246 3428 Christus

118 3439 258 3520 exceptio.
297 3439 369 3498 Nam
389 3435 414 3496 si
432 3434 549 3516 capitale
567 3453 598 3499 su
618 3434 731 3516 placium
750 3449 876 3498 meretur
894 3385 1029 3514 adultera,
1049 3461 1183 3520 quorsum
1201 3453 1246 3500 at-

119 3517 193 3578 tinet
215 3516 251 3575 de
274 3513 392 3594 repudio
415 3509 508 3592 loqui?
549 3455 618 3572 Sed
630 3511 700 3603 quia-
715 3515 807 3574 mariti
826 3527 886 3598 erat
902 3515 1000 3576 uxoris
1019 3517 1183 3580 adulterium
1202 3517 1247 3576 iu-

119 3591 196 3654 dicio
214 3589 358 3680 persequi,
376 3600 409 3680 ut
426 3590 542 3649 domum
560 3587 668 3679 {legino
685 3601 829 3680 purgaret,
847 3593 1037 3730 qualit-qualis
1057 3591 1141 3655 fuerit
1159 3613 1247 3655 even*

120 3681 181 3742 tus,
197 3678 338 3740 maritum,
357 3687 405 3745 qui
423 3685 543 3724 uxorem
563 3665 751 3744 impudicitiae
770 3669 927 3744 convincit,
947 3689 961 3728 a
982 3671 1063 3732 solvit
1085 3671 1212 3732 Christus
1230 3687 1247 3726 a

120 3741 252 3808 vinculo:
292 3754 321 3802 et
342 3740 404 3801 ficri
426 3751 533 3821 potest,
563 3751 596 3799 ut
617 3741 649 3800 in
662 3744 806 3824 'corrupto
827 3757 857 3804 et
876 3745 1019 3828 degenere
1038 3746 1145 3881 psopulo
1165 3739 1247 3801 huius

121 3837 236 3899 quoque
265 3817 377 3876 sceleris
407 3827 476 3877 binc
507 3836 608 3898 magna
640 3819 802 3901 regnaverit
830 3821 987 3902 impunitas.
1068 3822 1134 3880 icuti
1163 3817 1246 3876 bodie
1302 3861 1307 3877 .

120 3899 254 3976 perversa
271 3893 485 3974 Magistratuum
504 3891 677 4030 indquentia
695 3893 774 3970 lacit,
798 3910 830 3959 ut
849 3903 963 3962 necesse
982 3898 1101 3958 babeant
1120 3892 1174 3964 visi
1193 3892 1248 3950 im·

120 3988 206 4052 puras
223 3987 325 4028 uxores
343 3967 469 4042 reficere,
489 3967 553 4047 quia
591 3990 606 4028 e
625 3969 755 4032 adulteria
773 3993 865 4053 poena
884 3995 943 4036 non
966 3974 1093 4034 sumitur.
1135 3971 1247 4030 Notan-

123 4047 193 4108 dum
215 4041 309 4104 auem
334 4054 389 4118 eat,
413 4063 563 4104 commune
580 4065 613 4104 ac
633 4057 761 4108 mutuum
784 4069 844 4111 esse
863 4051 904 4112 ius
923 4045 1186 4128 utriusquepartis,
1209 4042 1249 4116 si-
1331 4055 1333 4060 ‘

123 4119 181 4184 cuti
201 4131 296 4180 mutua
316 4131 346 4180 ει
367 4139 417 4200 par
435 4131 479 4180 est
495 4119 560 4180 fidei
578 4119 722 4204 obligatio.
766 4125 838 4186 Nam
854 4123 1019 4208 'quumaliis
1036 4122 1067 4179 in
1085 4121 1170 4182 rebus
1189 4117 1250 4200 pri·
1314 4123 1335 4150 ⁹

123 4209 231 4260 matum
251 4195 295 4256 vir
312 4207 415 4272 teneat,
458 4195 529 4256 uoad
547 4205 641 4257 torum
660 4199 741 4260 uxori
757 4213 904 4281 aequatur:
924 4219 983 4258 non
1002 4195 1078 4257 enirn
1095 4208 1139 4257 est
1156 4195 1249 4256 domi-

429 4216 509 4355 ldrgo
528 4292 616 4352 quum
631 4273 740 4336 adulter
758 4295 775 4334 a
794 4276 879 4334 coniu
890 4273 929 4332 ''o
945 4269 1089 4344 defecerit,
1109 4281 1187 4351 parta
1206 4281 1251 4330 est
