2830 4772
510 235 636 286 cnmsm
651 233 832 286 vartonus
926 257 930 269 ·
1181 224 1240 292 28³

169 373 330 440 maranen.
348 361 596 438 Sicut'dr'esll'o'e'.
618 372 785 454 Quanquam
796 392 888 453 nuper
897 391 1013 436 suorum
1032 367 1141 436 animos
1153 372 1239 436 Cbri-

107 461 171 518 stns
190 453 342 534 suspendit,
360 472 398 512 ne
417 451 452 511 de
463 447 561 510 rdtimo
576 447 621 510 die
631 449 713 510 nimis
723 449 887 530 scrupulose
897 449 1081 530 inquirerent,
1099 461 1239 514 notamen

108 549 215 596 secure
239 529 337 589 mundi
360 526 465 588 deliciis
483 524 656 586 indormiant
692 548 767 588 nunc
786 526 821 586 ad
842 524 1055 588 sollicitudinem
1075 547 1124 588 eos
1142 525 1239 592 borta-
1266 586 1270 594 ,

108 619 171 668 tur.
209 605 257 667 Sic
280 625 350 686 ergo
369 603 493 664 incertos
511 601 547 662 de
565 623 617 664 suo
636 569 758 664 adventu
777 599 841 663 esse'
853 600 955 676 voluit,
980 614 1125 664 attamen
1164 605 1239 666 uoti-

108 683 170 759 die,
188 681 247 742 imo
266 679 379 764 singulis
398 677 557 754 momentis,
574 679 609 738 ad
628 699 692 738 eum
710 677 921 759 exspectandum
933 679 1034 740 intenti
1048 679 1112 742 sint
1143 625 1240 743 lorro

109 771 145 820 ut
164 757 219 818 illis
238 769 385 838 torporem
404 755 531 830 excutiat,
552 761 582 814 et
600 753 689 815 acrius
707 755 742 813 ad
761 753 914 814 cavendum
933 755 1062 831 stimulet,
1081 757 1188 818 mundo
1206 757 1238 820 in

109 833 197 896 bruta
215 833 488 896 socordiademerso
507 843 657 891 venturum
671 843 798 910 repente
816 829 901 889 finem
918 831 1066 911 praedicit:
1104 833 1238 912 quemad·

109 912 229 972 modum
253 910 283 968 in
304 909 400 970 diebus
418 906 484 968 Not
526 918 605 966 entes
622 927 721 966 omnes
740 906 845 966 diluvio
863 916 975 985 practer
993 929 1005 968 s
1026 927 1071 968 em
1090 909 1238 990 absorptae

109 999 187 1061 sunt,
204 997 292 1066 'quum
311 985 433 1046 suaviter
451 985 481 1042 in
500 926 612 1048 delicias
630 1003 661 1042 se
679 983 894 1074 ingurgitarent,
914 993 943 1040 et
960 929 1042 1062 paulo
1061 987 1125 1063 post
1143 985 1238 1052 Sodo÷

108 1063 213 1138 mitae,
231 1083 318 1142 quum
336 1061 366 1122 in
385 1082 448 1122 suas
466 1057 594 1118 libidines
612 1057 734 1138 proiecti
752 1058 821 1118 urhil
839 1069 1011 1134 metuerent,
1033 1057 1101 1148 igne
1121 1061 1237 1123 coelesti

111 1139 276 1219 consumpti
287 1133 368 1198 'sunt
409 1137 507 1212 Quum
525 1133 586 1194 talis
605 1134 656 1194 sub
676 1134 750 1194 diem
768 1133 896 1194 ultimum
914 1133 1007 1194 futura
1023 1147 1058 1194 sat
1076 1137 1172 1196 mundi
1190 1160 1237 1198 se.

110 1215 224 1291 curitas,
239 1235 304 1286 non
323 1225 367 1276 est
386 1233 436 1274 cur
454 1209 507 1270 sibi
526 1209 603 1292 vulgi
623 1211 750 1290 exemplo
769 1209 933 1291 indulgeant
949 1209 1051 1272 fideles.
1089 1212 1173 1280 Nunc
1191 1225 1237 1276 te-

109 1313 212 1352 nemus
238 1289 345 1351 Christi
369 1285 528 1361 consilium,
552 1307 589 1346 ne
607 1285 699 1346 subito
719 1287 874 1354 obruantur
892 1285 1000 1358 fideles,
1020 1296 1131 1367 semper
1185 1311 1237 1348 en-

108 1367 169 1428 das
185 1365 237 1428 illis
262 1387 321 1427 esse
346 1363 487 1439 excubias,
517 1361 580 1442 quia
604 1362 763 1442 inopinatus
786 1361 916 1436 adveniet
938 1362 1026 1424 ultimi
1051 1310 1236 1428 iudicii'dies.

109 1440 352 1509 Sodomaesolus
371 1441 460 1498 Lucas
482 1437 622 1514 meminit,
646 1439 803 1518 etquidem
824 1442 869 1501 17.
889 1438 992 1532 capite,
1016 1439 1065 1500 ubi
1084 1462 1137 1522 per
1154 1463 1238 1502 occa-

109 1519 235 1591 sionem,
258 1516 414 1596 postbabita
431 1514 541 1574 ratione
560 1515 706 1595 temporis,
730 1515 805 1576 hunc
825 1515 930 1578 Christr
949 1537 1109 1578 sermonem
1128 1517 1237 1582 recitat·

109 1596 172 1656 Sed
189 1593 340 1654 absurdum
358 1611 418 1650 uon
437 1604 488 1671 est,
507 1591 774 1674 duosEvangelistas
792 1613 851 1652 uno
871 1591 999 1672 exemplo
1017 1591 1102 1656 fuisse
1116 1608 1237 1656 conten-

111 1682 174 1745 tos,
199 1668 324 1750 quamvis
348 1668 404 1728 duo
430 1678 524 1728 essent
543 1689 559 1726 a
579 1667 692 1730 [bristo
706 1668 1058 1750 *proposita„praesertim
1078 1692 1164 1750 quum
1183 1692 1237 1762 per

112 1747 210 1806 omnia
233 1744 391 1824 quadraret,
419 1754 513 1804 toturn
534 1765 624 1826 genus
643 1744 792 1818 humanum
811 1744 893 1819 olim,
922 1767 1006 1826 quum
1026 1745 1116 1808 otiosa
1134 1745 1238 1808 laetitia

111 1823 271 1896 difflueret,
302 1822 395 1902 paucis
419 1821 543 1901 exceptis
568 1833 684 1901 repente
703 1820 787 1881 luisse
806 1821 873 1882 abso
910 1833 977 1882 tum.
1035 1821 1124 1898 Quod
1143 1835 1237 1886 autem

5 1945 7 1960 .
112 1898 191 1974 dicit,
210 1897 329 1974 edendo,
350 1897 483 1972 bibendo,
502 1895 674 1958 celebrandis
692 1897 806 1976 nuptiis,
826 1910 855 1957 et
872 1897 931 1958 a'is
949 1899 1073 1979 negotiis
1089 1899 1237 1962 saecularia

5 2009 7 2026 ·
112 1975 167 2036 bus
184 1987 253 2034 tunc
271 1974 400 2036 homines
421 1997 439 2032 u
462 1994 537 2050 epam
555 1974 675 2046 dedisse,
700 1997 786 2054 quum
805 1975 884 2034 Deus
902 1986 994 2034 totum
1012 1975 1147 2036 mnndum
1160 1977 1260 2038 .dilu-'

113 2051 177 2130 vio,
201 2063 232 2111 et
250 2050 413 2110 fulminibus
432 1995 584 2110 §odomam
602 2049 735 2131 perdidit:
771 2049 814 2110 bis
833 2049 927 2112 verbis
947 2051 1097 2134 significat,
1120 2053 1237 2133 perinde

113 2127 199 2188 luisse
223 2139 377 2207 occupatos
395 2127 426 2184 in
449 2127 605 2187 commodis
631 2137 661 2186 et
683 2127 787 2186 deliciis
804 2125 956 2207 praesentis
976 2126 1062 2203 vitae,
1087 2129 1142 2189 acsi
1162 2129 1237 2190 nulla

112 2201 230 2264 mutatio
249 2203 372 2264 timenda
394 2214 473 2268 essct.
498 2203 557 2265 Etsi
575 2213 668 2262 autem
688 2203 779 2262 statim
799 2202 952 2282 praecipiet
968 2202 1115 2284 discipulis,
1133 2216 1166 2264 ut
1184 2205 1238 2266 sibi

114 2300 131 2338 a
151 2279 261 2358 crapula
280 2292 309 2338 et
322 2278 443 2339 terrenis
453 2278 526 2339 curis
537 2290 662 2353 caveant,
682 2279 736 2340 boc
751 2291 844 2338 tamen
854 2279 919 2340 loco
934 2278 1039 2340 directe
1052 2301 1113 2339 non
1125 2281 1239 2342 damnat
1312 2287 1314 2292 '

112 2353 225 2420 illorum
244 2367 403 2436 temporum
424 2355 630 2444 intemperiem,
649 2355 697 2415 sed
714 2357 808 2436 potius
828 2355 1040 2432 contumaciam,
1060 2377 1114 2434 qua
1132 2355 1238 2418 factum

4 2457 5 2460 ¹
114 2443 158 2492 est
186 2443 219 2491 ut
245 2433 343 2510 spretis
365 2429 421 2490 Dei
444 2430 527 2491 minas
556 2429 648 2508 supini
672 2442 864 2512 exspectarent
890 2430 1056 2492 horribilem
1083 2431 1239 2496 interitum.

114 2505 213 2580 Quum
237 2527 307 2599 ergo
331 2505 482 2566 durabilem
505 2517 605 2566 statum
625 2506 677 2566 sibi
694 2507 906 2587 promitterent,
929 2528 1028 2572 secure
1049 2507 1238 2570 inconsuetis

112 2582 169 2643 suis
188 2583 340 2646 rationrbus
359 2603 410 2662 per
431 2602 478 2641 ere
497 2602 555 2642 non
580 2578 750 2652 dubitarunt.
806 2586 844 2644 At
865 2603 901 2644 ue
923 2581 979 2648 boc
1004 2583 1116 2664 quidem
1135 2606 1188 2666 per
1205 2607 1237 2646 se
1270 2587 1275 2606 ‘

4 2679 5 2722 f
113 2657 245 2720 vitiosum
263 2679 296 2738 ac
313 2601 469 2720 damnabile
488 2679 548 2718 non
567 2658 673 2733 fuisset,
694 2605 903 2724 necessitatibus
922 2660 977 2720 suis
992 2680 1058 2740 pros
1079 2659 1164 2738 icere,
1182 2661 1238 2722 nisi

115 2755 236 2794 crassum
257 2747 400 2826 stuporem
420 2734 616 2816 apposuissent
634 2736 690 2796 Dei
707 2735 824 2810 iudicio,
842 2748 875 2796 ut
893 2735 990 2798 clausis
1009 2681 1097 2820 oculis
1115 2739 1150 2798 ad
1168 2759 1237 2818 pcc·
1322 2771 1324 2778 ⁴

114 2811 195 2874 candi
214 2811 353 2872 licentram
371 2823 495 2885 ruerent,
519 2811 596 2892 quasi
616 2813 706 2874 nullus
725 2824 796 2874 esset
814 2813 843 2872 in
863 2812 945 2874 coelo
965 2812 1075 2875 vindex.
1106 2816 1238 2876 Itanunc

115 2886 246 2958 Christus
271 2888 395 2947 ultimam
419 2887 515 2947 mundi
539 2898 657 2948 aetatem
681 2911 796 2969 prorsus
825 2887 963 2970 stupidam
986 2888 1049 2954 lore
1073 2891 1174 2966 docet,
1200 2902 1238 2952 ut

112 2963 182 3024 nihil
207 2964 314 3046 cogitet
336 2985 417 3044 quam
442 2965 477 3024 de
496 2965 640 3044 praesenti,
654 2966 725 3042 vita,
743 2987 859 3044 suasque
879 2987 959 3026 curas
975 2965 1007 3024 in
1026 2965 1143 3049 longum
1163 2979 1238 3028 tem-

112 3061 164 3124 pus
189 3041 333 3115 extendat,
362 3039 473 3100 solitum
495 3040 570 3102 vitae
598 3062 723 3115 cursum,
751 3041 806 3102 acsi
829 3042 859 3101 in
884 3042 985 3103 eodem
1011 3053 1083 3102 statu
1109 3059 1243 3104 mansura.

113 3135 224 3197 semper
242 3129 315 3178 esset
332 3127 422 3192 terra,
436 3116 615 3180 continuans.
661 3119 733 3178 Sunt
752 3129 843 3178 autem
863 3117 1017 3198 aptissimae
1036 3115 1239 3180 similitudines:

113 3193 175 3272 quia
194 3193 217 3254 si
235 3196 317 3254 nobis
337 3191 527 3274 proponimus,
548 3193 615 3272 qnid
633 3207 701 3263 tunc
720 3193 883 3276 contigerit,
902 3213 962 3254 non
979 3215 1023 3254 am
1044 3192 1096 3254 lius
1114 3215 1168 3254 nos
1187 3195 1239 3256 de-

114 3269 199 3348 cipiet
218 3271 340 3333 eiusdem
358 3270 388 3329 in
410 3269 507 3330 mundi
527 3269 627 3360 οὺς
646 3271 753 3330 tenoris
772 3277 907 3350 aspectus,
923 3281 956 3328 ut
972 3214 1116 3330 credamus
1134 3291 1238 3352 perpe-

113 3354 163 3406 tuo
183 3357 330 3406 staturum.
358 3347 430 3408 Nam
450 3346 542 3406 triduo
562 3359 710 3424 postquam
731 3345 760 3404 in
781 3367 886 3408 summa
904 3345 1101 3426 tranquillitate
1117 3369 1164 3410 res
1176 3346 1239 3410 sues

113 3422 229 3512 quisque
246 3424 360 3504 agebat,
384 3435 460 3484 terra
478 3421 662 3484 inundatione
681 3421 824 3484 submersa
847 3421 917 3506 luit,
949 3433 979 3483 et
1005 3423 1127 3504 quinquo
1153 3425 1240 3488 urbes

112 3499 172 3581 agni
190 3511 380 3580 consumptae.
1038 3529 1053 3562 x
1092 3545 1094 3550 ,

187 3577 234 3636 39.
271 3577 338 3636 Non
356 3576 659 3657 cogrroueruntrdonec
676 3578 808 3640 uenisset
825 3575 977 3639 diluuium.
1005 3576 1084 3638 Fons
1109 3588 1138 3638 st
1157 3597 1239 3638 causa

114 3649 287 3730 ignorantiae
307 3652 372 3723 suit,
392 3653 468 3730 quod
487 3652 665 3714 incredulitas
687 3665 888 3712 excaecaverat
907 3673 1004 3713 eorum
1024 3665 1148 3715 mentesa
1166 3653 1240 3712 sicut

4 3775 6 3798 ,
114 3746 223 3787 rursum
243 3728 328 3787 docet
348 3727 376 3786 A
398 3727 502 3788 ostolus
522 3728 557 3787 ad
576 3730 723 3790 Hebraeos
743 3750 802 3821 cap.
824 3733 874 3804 ll,
897 3733 939 3803 7,
977 3730 1043 3794 Not
1066 3729 1130 3789 fidei
1149 3725 1239 3789 oculis

115 3799 251 3862 occultam
275 3801 365 3870 adhuc
414 3802 440 3863 ei
461 3803 614 3864 vindictam
632 3805 740 3866 eminus
758 3806 872 3876 vidisse,
897 3817 929 3866 ut
947 3819 1055 3868 mature
1076 3825 1135 3866 eam
1155 3802 1241 3870 dme-

115 3888 168 3966 pet.
214 3879 252 3936 Et
269 3877 316 3937 hic
337 3877 465 3938 Christus
486 3881 552 3940 Not
570 3901 633 3940 cum
652 3881 761 3957 reliquo
783 3882 902 3958 mundo,
927 3881 987 3942 Lot
1005 3903 1069 3942 omn
1087 3876 1240 3940 Sodomitis

4 3977 6 3986 ’
115 3965 266 4032 comparat,
284 3963 318 4011 ut
335 3953 441 4014 discam
460 3953 554 4016 fideles
572 3975 633 4016 sese
650 3955 793 4037 colligere,
813 3979 850 4018 ne
872 3979 936 4018 cum
955 3958 1013 4020 aliis
1032 3967 1163 4037 vagantes
1174 3976 1240 4016 eva-

115 4042 238 4092 nescant.
281 4030 445 4094 Notandum
470 4039 569 4092 autera.
587 4043 643 4105 est,
672 4033 737 4106 idco
761 4047 829 4094 tunc
848 4034 988 4114 reprobos
1009 4029 1189 4110 obtorpuisse
1208 4029 1239 4091 in

117 4107 170 4169 suis
194 4105 286 4179 molis,
310 4104 382 4185 'quia
400 4105 540 4167 Dominus
563 4127 622 4172 non
641 4107 695 4168 uisi
714 4129 809 4170 servos
829 4129 894 4170 suos
912 4109 1027 4170 salvifica
1046 4106 1240 4172 admonitione

6 4250 9 4261 ,
116 4183 230 4246 cavendi
249 4193 409 4264 opportune
429 4181 558 4264 dignatus
578 4195 635 4243 est:
659 4205 718 4246 non
737 4187 813 4263 quod
831 4187 866 4248 de
885 4186 980 4246 lutuno
999 4182 1103 4243 diluvio
1123 4203 1239 4274 prorsus
1333 4255 1340 4262 ,

117 4259 195 4322 celati
217 4260 276 4322 siut
300 4271 393 4320 terrae
417 4257 527 4319 incolae
551 4258 694 4339 (quorum
721 4261 808 4322 oculis
828 4265 894 4322 Not
915 4262 947 4320 in
966 4279 1046 4320 arcae
1064 4257 1169 4328 sabrrca
1184 4281 1239 4346 per

4 4407 16 4423 k·
114 4357 202 4400 annos
225 4336 287 4418 plus
306 4347 421 4404 centum
440 4333 520 4405 triste
538 4335 726 4416 spectacrdum
748 4337 890 4414 obiecit),
912 4335 961 4398 sed
976 4336 1043 4416 quia
1061 4357 1134 4403 uuus
1150 4335 1238 4400 bomo
