2804 4762
298 301 303 316 .
326 273 493 350 nnn-as.
512 235 818 354 ,arrogantiam
837 264 867 334 et
885 271 1026 352 ronan.)
1090 317 1096 341 Ι
1176 276 1231 338 m

98 443 154 559 pgr
172 400 323 504 Apoitolii
341 421 491 485 videndmn
511 434 568 497 est,
592 443 674 504 quam
696 423 838 506 regenda
855 397 1003 486 Ecclesiae⁴
1023 442 1090 486 strae
1108 407 1230 489 sormam

131 497 248 560 ominus
270 497 435 562 instituerit.
473 498 561 576 Quod
584 501 618 560 ad
637 498 723 577 verba
741 502 861 580 spectat,
886 499 937 560 ubl
954 499 1111 563 Matthaeus
1135 499 1228 577 habet,
1257 535 1260 550 ι

97 597 188 656 reges
206 585 533 654 exoccupatorum
552 580 585 636 ln
602 598 664 651 eas,
682 576 756 658 'apud
773 576 879 638 Lucam
897 573 1009 659 legitur,
1028 577 1130 635 oocori
1144 579 1228 652 dene,-

88 655 183 730 flcos,
205 652 309 728 eodem·
323 673 420 728 sensu,
439 653 494 714 acsi
513 653 630 726 diceret,
649 647 744 714 r'erum
764 651 998 734 copiamallluere
1016 652 1140 736 regibus,
1162 674 1227 715 eos-

121 749 157 788 ue
180 727 290 810 magnis
319 727 417 807 opibus
443 726 567 810 pollere,
598 739 631 789 ut
652 727 778 790 munifici
806 739 836 790 et
862 727 990 791 liberales
1020 747 1081 792 esse
1108 730 1225 810 possint

89 750 229 866 'i'amctsi
246 803 321 864 enim
338 824 421 888 reges
439 806 633 885 potentiasua
650 805 740 888 magis
759 805 891 887 gaudent,
910 825 1028 886 eamque
1044 806 1148 866 terrori
1166 827 1227 868 essa

97 878 218 956 malunt,
236 899 317 960 quam
337 879 367 939 in
385 879 484 962 populi
504 901 645 943 consensu
664 879 807 946 fundatam
827 901 899 956 esse,
919 879 1028 946 laudem
1046 893 1141 949 tamen
1160 903 1226 942 mu-

97 955 261 1028 nificentiae
281 967 426 1036 appetunt.
471 957 556 1032 Unde
584 967 614 1016 et
639 976 745 1030 nomen
773 954 880 1016 habent
905 951 936 1014 in
959 955 1055 1037 lingna
1082 955 1223 1032 hebraica:

23 1035 26 1043 '
101 1042 190 1100 nima
219 1029 294 1092 enim
312 1043 452 1093 vocantur
470 1053 486 1092 a
504 1031 659 1115 largienda,
677 1031 741 1112 quia
759 1030 921 1108 monalium
936 1031 1065 1090 infinem
1083 1031 1135 1092 illis
1152 1054 1225 1114 pen-

101 1109 287 1170 dunturreeti
307 1107 359 1169 alia
377 1119 408 1170 et
426 1109 540 1184 tributa,
557 1105 611 1168 nisi
630 1119 662 1168 ut
679 1107 715 1170 ad
732 1117 859 1190 sumptus
876 1107 994 1170 honoris
1012 1105 1154 1188 splendori
1172 1129 1231 1174 nes.

100 1183 233 1246 cessar-ios
249 1129 402 1252 adliciant.
481 1197 485 1201 '
855 1231 857 1242 .

172 1261 219 1322 26.
257 1263 325 1322 Non
343 1265 391 1320 ito
410 1263 469 1320 erit
492 1262 571 1319 inter
592 1281 654 1334 ope.
693 1259 762 1336 Nou
785 1257 900 1320 dubium
924 1269 979 1334 est,
1007 1257 1075 1338 quin
1094 1253 1223 1319 Christus

98 1333 209 1398 stultam
237 1337 468 1419 imaginationem
497 1335 684 1418 perstringat,
716 1357 771 1415 qua
800 1334 914 1396 videbat
939 1333 1096 1416 Apostolos
1123 1333 1223 1415 decipi.

97 1411 199 1490 Stulte,
218 1413 322 1502 inquit²
344 1422 379 1474 et,
413 1431 541 1493 ceperam
557 1432 679 1494 regnum
697 1411 778 1474 vobis
796 1410 913 1496 fingitis,
932 1431 957 1480 a
968 1431 1025 1491 quo
1045 1429 1100 1492 ego
1119 1409 1224 1477 attor.

95 1507 168 1549 reo:
198 1490 278 1570 Ergo
299 1510 323 1548 ει
340 1433 451 1555 fidelem
471 1509 585 1566 operam
603 1487 672 1548 mihi
689 1487 852 1576 impendere
871 1487 980 1576 cupitis,
999 1485 1049 1548 alia
1062 1485 1143 1546 vobis
1161 1507 1223 1546 mc-

96 1563 211 1623 ditanda
235 1573 278 1623 est
298 1563 386 1637 ratio,
413 1573 446 1623 ut
468 1563 594 1624 certatim
617 1564 733 1647 quisque
755 1575 881 1625 vestrum
899 1563 1007 1636 studeat
1030 1561 1087 1624 aliis
1105 1563 1231 1624 servire'

41 1710 43 1719 Ι
98 1638 254 1700 Caeterum
272 1639 426 1732 improprie
436 1638 567 1730 loquitur,
586 1640 745 1710 ministrum
762 1640 825 1701 fieri
843 1640 950 1714 iubens,
970 1639 1019 1721 qui
1035 1655 1152 1730 magnus
1162 1651 1231 1699 csse'
1263 1671 1271 1688 s

95 1713 188 1776 volet:
212 1735 305 1796 neque
327 1736 402 1785 ennn
419 1727 526 1800 patitur
541 1716 672 1796 ambitio,
694 1729 727 1776 ut
746 1727 777 1798 st
796 1716 857 1797 quis
873 1715 1004 1777 fratribus
1022 1716 1144 1792 addicat,
1162 1714 1221 1774 imo

95 1789 234 1852 subiiciat.
249 1797 251 1802 ‘
272 1791 419 1854 serviliter
437 1793 549 1872 quidem
566 1791 685 1854 blandiri
704 1792 804 1868 fateor,
825 1792 874 1874 qui
892 1792 927 1854 ad
945 1791 1070 1853 honores
1137 1791 1221 1866 irent,
1276 1855 1277 1860 ,

94 1867 145 1928 sed
165 1867 234 1928 nihil
254 1867 306 1930 illis
324 1869 609 1962 minuspropositum
629 1881 673 1932 est
690 1889 773 1962 quam
793 1868 908 1932 servire.
946 1868 1004 1931 Sed
1022 1889 1102 1930 mens
1140 1867 1221 1929 tristi

95 1943 218 2022 obscura
235 1957 361 2013 nonest:
391 1966 455 2036 pura
474 1945 550 2018 enim
566 1947 685 2028 quisque
700 1965 868 2016 memorem
885 1945 930 2012 sui
947 1946 1062 2026 rapitur,
1080 1943 1220 2006 aliohunc

94 2019 230 2082 aflectum
256 2021 403 2097 transferri
427 2021 532 2084 debere
554 2021 733 2114 pronuntiat,
756 2021 821 2088 acsi·
834 2022 957 2098 diceret,
982 2023 1028 2100 Sit
1050 2021 1118 2082 haec
1136 2021 1220 2096 unica

95 2105 188 2156 restra
212 2098 391 2179 magnitudo,
414 2097 579 2160 excellentra
602 2111 632 2159 et
649 2099 783 2180 dignitas,
805 2097 939 2168 fratribrm
961 2118 1013 2162 vos
1038 2095 1217 2160 submittere:

24 2196 27 2206 ·
94 2172 136 2234 sit
152 2173 234 2233 etiam
251 2172 298 2234 hic
315 2175 458 2256 primatus,
477 2175 605 2235 omnium
623 2185 684 2246 esse
702 2193 810 2238 servos.
1257 2227 1260 2242 ‚

170 2251 218 2314 28.
253 2249 343 2312 Sicut
356 2252 448 2330 filios
470 2250 606 2316 Ιιοηιίηἰε.
648 2247 785 2330 Exemplo
810 2270 862 2310 suo
887 2248 1016 2318 Christus
1043 2247 1220 2330 superiorem
1295 2312 1297 2316 .

94 2323 252 2386 doctrinam
271 2325 513 2416 confirmataquia
530 2325 606 2384 ultro
624 2324 699 2388 servi
718 2345 869 2406 personam
887 2325 1020 2398 induerit,
1037 2344 1070 2386 ac
1088 2323 1219 2402 seipsum

94 2401 274 2476 exinanierit,
298 2402 381 2463 sicuti
405 2415 487 2464 etiam
506 2399 609 2460 Paulus
633 2401 720 2460 docet
738 2398 829 2474 tebit.
847 2403 876 2474 2,
894 2397 954 2474 ti).
991 2400 1084 2458 Porro
1106 2407 1140 2456 ut
1162 2391 1227 2456 cla-¹
1282 2455 1284 2461 A
1394 2419 1396 2426 ’

73 2476 155 2544 ‚rius
171 2477 287 2558 probet,
305 2488 440 2568 quantum
458 2476 492 2536 ab
507 2475 652 2564 altitudine
670 2473 806 2564 abluerit,
826 2495 875 2536 eos
893 2473 1069 2564 admortem
1086 2483 1226 2564 suamne-,¹

93 2563 195 2625 vocat,
217 2552 274 2612 acsi
295 2555 417 2624 drceret,
440 2551 516 2625 Quia
538 2569 590 2618 vos
612 2549 683 2612 mrhr
707 2549 986 2632 honoreproxunos'
1007 2548 1113 2632 delegi,
1133 2569 1218 2640 prava

93 2625 214 2688 ambitio
232 2625 266 2686 ad
283 2627 459 2714 regnandum
481 2624 622 2700 sollicitat,
641 2645 705 2718 'ego
724 2647 794 2688 vero
818 2625 866 2700 (ad
886 2627 963 2686 cuius
987 2626 1143 2706 exemplum
1164 2645 1217 2687 vos
1259 2693 1262 2704 ἱ
1311 2633 1314 2644 ’
1371 2634 1374 2642 ’

93 2703 222 2764 formare
242 2701 327 2763 vitam
345 2700 486 2778 decebat)
504 2721 565 2762 non
583 2723 649 2764 rem
671 2713 770 2764 utme
788 2701 919 2777 elleram,
942 2695 987 2764 v‘el
1005 2702 1152 2784 quicquam
1169 2721 1217 2764 re-

84 2778 175 2864 'gium
193 2777 262 2840 mihi
275 2789 420 2871 usurpem:
439 2779 507 2860 quin
524 2779 619 2858 potius
635 2800 694 2842 una
711 2800 776 2840 curn
795 2779 913 2862 ignobili
932 2789 962 2846 et
981 2789 1145 2862 contempto
1155 2797 1216 2846 car-

93 2855 139 2916 nis
158 2853 254 2926 habitu
272 2877 363 2918 crucrs
381 2855 391 2918 i
411 2855 701 2938 nomiaiaamsccpt
730 2855 763 2917 Si
781 2857 842 2937 quis
854 2854 976 2931 obiiciat,
995 2854 1140 2932 Christum
1150 2853 1216 2918 ideo
1323 2885 1325 2890 ·

92 2931 181 2993 fuisse
200 2876 474 3008 exalatumatiane,
493 2942 629 2996 utcoram
648 2953 683 2994 eo
696 2931 827 3006 flectatur
845 2952 1022 3028 omnegenu,
1040 2931 1070 2990 in
1082 2951 1164 3014 prom
1184 2941 1217 2988 tu

95 3020 140 3069 est
158 3005 277 3084 solutio,
300 3009 376 3090 quod
394 3008 562 3070 nunc-dicit
584 3009 618 3069 ad
635 3019 746 3090 tempus
768 3008 965 3069 humiliationis
988 3007 1107 3068 referre.
1137 3007 1159 3094 ‚l
1197 3024 1217 3064 a

94 3083 168 3165 apud
185 3085 291 3152 Lucam
308 3085 427 3160 additur,
446 3085 485 3146 sic
506 3095 648 3156 versatum
666 3105 727 3156 esse
744 3085 891 3164 intereos,
910 3083 967 3153 acsi
986 3093 1060 3144 esset
1077 3081 1215 3152 minster:

66 3192 69 3197 ·
93 3161 250 3241 non‘quod
269 3159 355 3238 luerit
372 3159 425 3221 illis
445 3160 490 3222 vel
509 3159 611 3242 specie,
630 3159 677 3221 vel
694 3161 786 3236 titulo,
805 3160 852 3222 vel
869 3183 901 3222 re
920 3161 929 3219 i
950 3181 979 3222 sa
996 3155 1116 3218 inferior
1135 3157 1216 3232 (Ma-

95 3236 184 3320 gister
204 3237 279 3303 enim
299 3249 329 3299 et
346 3237 488 3298 Dominus
506 3235 621 3320 agnosci
640 3257 752 3318 semper
767 3237 880 3313 voluit),
898 3181 948 3298 sed
966 3234 1029 3327 quia
1050 3253 1082 3293 ex
1102 3231 1227 3324 coelesti·
1269 3239 1272 3260 ²
1324 3261 1326 3266 v

95 3312 188 3395 gloria·
203 3315 236 3374 ad
255 3326 362 3382 tantam
380 3313 625 3382 mansuetudinem,
640 3313 797 3390 descendit,
821 3325 854 3374 ut
873 3312 995 3382 ferendus
1015 3329 1113 3373 eorum
1126 3309 1225 3386 ‚infir-t

45 3415 48 3424 ·
93 3389 235 3456 nitatibus
253 3391 388 3464 subesset.
408 3381 475 3452 'Aa
493 3389 561 3452 haec
578 3389 716 3460 memoria
735 3385 890 3454 teneddum
910 3399 964 3466 est,
979 3404 1043 3448 com
1064 3385 1224 3460 arationem.

93 3463 140 3526 hic
157 3465 219 3525 fieri
236 3467 349 3528 maioris
368 3479 399 3526 et
416 3459 543 3540 minoris,
562 3465 644 3526 sicuti
663 3467 736 3557 apud
753 3467 891 3526 Ioannem
911 3466 979 3540 (13,
998 3407 1082 3540 ldp),
1101 3459 1133 3524 Si
1189 3473 1227 3537 o,'

94 3542 142 3620 qni
163 3535 298 3634 Magister
314 3563 376 3604 snm
394 3563 429 3604 ac
446 3542 595 3618 Dominus,
614 3541 696 3604 vobis
712 3541 770 3604 lavi
778 3541 874 3624 pedes,
892 3538 983 3602 multo
999 3540 1087 3626 magis
1103 3541 1161 3602 hoo
1187 3546 1218 3602 e·'

93 3616 231 3682 betislaln
248 3617 488 3700 ah'ispraestare..
545 3691 548 3698 Ι
1219 3693 1221 3700 y

174 3695 215 3754 to
233 3696 284 3758 det
302 3699 434 3762 animem
451 3715 540 3770 enom
557 3695 790 3773 redemptionem
826 3693 930 3762 Mortis
947 3693 1131 3772 (utdinimus)
1148 3689 1216 3774 'ideo

94 3767 171 3833 facta
195 3779 237 3829 est
259 3790 275 3828 a
294 3769 410 3831 Christo
437 3771 616 3848 mentio,‘ut
634 3771 784 3854 discipulos
810 3791 826 3832 a
847 3791 981 3852 perverso
1003 3771 1087 3855 regni
1109 3763 1221 3845 terreni

96 3847 236 3930 figmento
258 3844 440 3908 abstraheret.
476 3849 591 3922 Interea
615 3859 680 3929 apte
706 3848 829 3928 sciteque
851 3846 893 3910 vis
912 3860 942 3908 et
960 3847 1068 3908 fructus
1090 3843 1149 3906 eius
1168 3858 1221 3899 en·
1247 3873 1251 3880 =

95 3919 240 4003 primitur,
256 3921 322 3986 dum
333 3922 421 3989 uitam
437 3943 515 3984 suam
526 3923 656 4017 pretium'
667 3935 782 3992 nostram
801 3923 1000 4006 redemptionis
1018 3917 1222 4004 essealfirmata

97 3995 174 4060 unde
191 3996 324 4090 sequitur,
343 3998 425 4060 nobis
444 4009 592 4079 gratuitam
612 4018 673 4060 esse
690 3999 951 4067 reconciliationem
971 4019 1035 4062 cum
1045 3997 1119 4066 Deo,
1140 4011 1217 4061 cutut
1322 4003 1326 4014 '

49 4081 53 4085 '
97 4095 159 4135 non
178 4071 242 4132 alibi
261 4093 344 4165 quam
362 4076 392 4134 in
412 4073 518 4135 Christi
536 4087 630 4137 morte
647 4075 770 4168 pretium
789 4076 936 4156 reperitur.
974 4075 1072 4152 Itaque
1086 4067 1143 4159 liae
1161 4083 1222 4124 una·

99 4169 172 4213 voce
191 4160 341 4225 aventus,
365 4149 496 4230 quicquid
516 4150 551 4212 de
569 4150 671 4230 putidas
689 4149 745 4212 suis
764 4147 997 4214 satisfactionibus
1020 4155 1147 4234 garriunt
1163 4145 1219 4230 Pa-

118 4228 194 4290 istae.
237 4227 331 4292 Porro
361 4247 447 4309 quum
475 4247 528 4288 nos
557 4227 611 4289 sibi
639 4239 732 4289 morte
761 4247 810 4288 sua
837 4229 867 4289 in
894 4219 1034 4306 peculium
1063 4218 1220 4308 thttttlerll

98 4249 238 4381 lustaus,
256 4303 328 4364 adeo
338 4304 489 4365 immensae
508 4303 566 4364 eius
577 4303 683 4386 gloriae
701 4302 769 4362 nihil
780 4303 897 4380 derogat
914 4295 1038 4382 haecude
1056 4313 1110 4372 qua
1129 4291 1221 4382 loqur-

1 4426 10 4440 .
101 4389 147 4440 tur
166 4379 327 4458 submissio,
350 4393 467 4458 utu
482 4380 603 4442 maxime
624 4378 754 4449 illustret.
790 4377 901 4434 Multos
926 4379 1008 4448 pontt
1029 4387 1091 4429 non
1108 4367 1222 4432 definite

651 4709 659 4743 l
