2796 4774
60 241 63 251 *
129 315 135 334 .
201 263 242 332 ts
417 267 528 334 sacr.
548 266 634 348 xlta
671 282 838 331 ssuuoues
857 282 898 328 nr
918 279 1120 329 rammnae.
1253 201 1262 234 Ι

202 422 278 492 Deo,
292 437 353 478 non
372 421 448 502 quod
466 420 586 483 virtutes
603 419 734 502 repudiet
750 420 837 494 Deus,
856 437 973 498 qtiarum
991 419 1102 481 laudern
1120 415 1247 480 hanania
1266 437 1333 478 cor-

202 495 284 588 dibus
302 495 456 578 impressit,
479 496 529 558 sed
592 496 618 556 ‘a
639 496 818 558 abominatur
837 497 929 569 Deus,
954 496 1086 576 quicquid
1129 495 1227 588 roprio
1249 507 1335 556 sensu

202 569 332 631 homines
356 570 515 633 extollunt·
582 573 638 640 nde
665 581 793 652 apparet,
866 591 884 630 ο
909 571 975 630 loco
1005 519 1127 634 habendi
1155 583 1212 632 sint
1238 569 1335 631 leucii

201 667 302 708 omnes
325 647 430 722 cultus,
454 669 526 729 quor
549 669 601 710 suo
619 648 737 708 arbitrio
756 593 876 708 mundhs
898 647 952 707 sihi
973 647 1100 713 fabricat.
1145 646 1335 724 Quantumvis

202 723 279 783 enim
303 724 359 784 suis
388 724 583 786 inventoribus
606 723 751 804 placeant,
781 723 909 785 Christum
930 743 991 783 non
1014 725 1102 786 modo
1126 745 1214 790 vanos
1239 743 1335 786 eoram

201 802 282 877 Deo,
303 811 333 861 et
350 799 431 866 nihili
450 821 512 864 esse
533 800 717 883 pronuntiat,
739 799 790 864 sed
810 800 895 862 etiam
914 798 1047 862 foetidos
1308 807 1316 825 '

277 1009 377 1093 (lau)
397 1013 600 1084 LUC.XV1.
627 1015 677 1082 19.
693 1014 800 1080 Homo
815 1011 944 1102 quidam
957 1022 1024 1078 erat
1035 1009 1133 1094 dives,
1152 1014 1208 1104 qui
1223 1009 1338 1079 indue-

133 1122 138 1131 “
201 1113 299 1208 hatur
324 1139 467 1204 purpura
495 1128 526 1184 et
552 1117 670 1205 bysso,
708 1129 740 1184 et
767 1116 956 1208 epulabatur
983 1113 1129 1204 quotidie
1157 1102 1337 1218 splendide.

199 1219 262 1288 20.
276 1219 354 1285 Erat
376 1231 479 1286 autem
502 1221 631 1308 quidam
651 1221 827 1300 mendicus,
849 1223 979 1288 nomine
1000 1220 1149 1296 Lazarus,
1171 1219 1228 1304 qui
1249 1220 1339 1282 iace-

200 1320 258 1389 bat
284 1322 327 1388 ad
353 1325 480 1389 ianuam
508 1327 576 1390 eius
604 1325 780 1390 ulcerosus.
830 1323 882 1386 21.
909 1325 952 1390 Et
977 1323 1110 1408 cupiens
1133 1321 1269 1384 saturari
1293 1319 1337 1386 de

199 1427 306 1504 micis,
334 1447 417 1510 quae
439 1424 597 1492 cadebant
619 1426 660 1491 de
682 1449 791 1492 mensa
814 1424 938 1490 divitis:
966 1423 1023 1490 sed
1051 1433 1083 1488 et
1108 1445 1201 1488 canes
1223 1423 1337 1486 venie-

199 1525 292 1606 bant,
313 1549 352 1593 ac
373 1527 537 1613 lingebant
558 1527 666 1593 ulcera
688 1531 766 1597 eius.
791 1527 867 1604 ‚22
890 1525 1017 1593 Accidit
1039 1535 1206 1606 autemut
1227 1545 1336 1589 more-

198 1640 288 1696 retur
309 1631 490 1713 mendicus,
523 1641 555 1696 et
580 1631 803 1717 deportaretur
829 1628 870 1694 ab
899 1629 1019 1716 angelis
1047 1632 1082 1694 in
1105 1632 1207 1696 sinum
1230 1626 1336 1693 Abra-

199 1731 275 1796 haer
297 1743 444 1800 mortuus
466 1719 640 1798 astantem
663 1745 694 1800 et
716 1733 813 1812 dives,
838 1755 875 1798 ac
896 1733 1039 1820 sepultus
1057 1742 1116 1825 ¹est.
1152 1732 1204 1813 23.
1226 1733 1334 1817 Atque

199 1833 286 1921 apud
311 1835 432 1902 inferos
460 1835 596 1902 sublatis
625 1835 727 1901 oeulis
755 1839 841 1914 suis,
870 1833 969 1921 quuni
997 1846 1080 1900 esset
1101 1835 1135 1902 iu
1156 1835 1333 1912 tormentis

197 1935 457 2004 videthhraham
473 1940 606 2018 eminus,
629 1949 661 2004 et
682 1940 836 2004 Lazarum
858 1941 892 2003 in
914 1943 988 2004 sinu
1010 1941 1088 2004 eius.
1131 1932 1185 2002 24.
1206 1937 1247 2001 Et
1261 1939 1333 2023 ipse

197 2037 337 2106 olamans
360 2039 453 2122 dixit,
482 2042 576 2108 Pater
597 2040 772 2121 Abraham,
794 2042 1043 2121 misereremei,
1072 2050 1103 2105 et
1121 2042 1211 2105 mitte
1231 2039 1333 2103 Laza-

106 2221 113 2233 .
196 2162 282 2221 rum,
304 2151 340 2208 ut
359 2145 495 2230 intingat
517 2154 690 2210 extremum
712 2142 803 2233 digiti
824 2146 875 2210 sui
897 2147 930 2209 in
953 2163 1080 2231 aquam,
1108 2165 1146 2210 ac
1166 2142 1333 2228 refrigeret

196 2241 336 2331 linguam
359 2268 469 2327 meam,
491 2250 572 2335 quia.
588 2249 716 2312 crucior
738 2249 772 2311 in
793 2245 917 2340 damma
934 2247 1002 2312 hac.
1046 2246 1098 2322 25.
1119 2247 1209 2310 Dix'it
1224 2247 1332 2308 autem

158 2345 160 2350 ’
196 2347 374 2429 Abraham,
401 2348 477 2430 Fili,
506 2349 693 2428 recordare,
720 2349 812 2436 quod
838 2352 997 2436 receperis
1024 2347 1111 2416 bona
1132 2359 1186 2413 tua
1208 2347 1243 2411 in
1264 2347 1332 2410 vita
1384 2363 1386 2428 fi

196 2462 259 2532 tua,
281 2463 313 2518 et
324 2454 465 2520 Lazarus
479 2454 622 2520 similiter
642 2451 737 2518 mala:
760 2473 846 2518 nunc
867 2445 971 2520 autem
991 2433 1182 2520 hie'solatio
1203 2449 1330 2548 fruitur,
1383 2493 1384 2558 ἦ

198 2563 234 2616 tu
258 2575 338 2619 vero
365 2559 526 2622 ortaeiaris.
574 2557 627 2622 26.
655 2557 697 2621 Et
724 2557 928 2643 superhaec
955 2557 1073 2634 omnia,
1100 2555 1269 2620 internos
1298 2560 1331 2615 et
1383 2561 1384 2584 ¹

197 2661 257 2716 ros
285 2653 392 2719 hiatus
419 2659 530 2742 iugens
552 2658 696 2724 lirnmtus
720 2669 858 2737 estsut,
889 2661 944 2744 qui
966 2658 1080 2724 volunt
1099 2657 1174 2721 hino
1194 2654 1331 2722 transire

197 2751 240 2818 ad
259 2772 335 2833 vos,
363 2758 431 2820 nou
452 2762 592 2842 possint,
617 2782 723 2846 neque
751 2763 845 2826 istinc
865 2759 930 2824 hue
950 2771 1153 2828 transmeare.
1198 2757 1250 2822 27.
1265 2752 1329 2820 'Ait

140 2928 151 2958 ι
196 2864 315 2934 autern,
336 2857 432 2942 Rogo
456 2879 533 2943 ergo
555 2871 599 2936 te,
621 2871 724 2947 pater,
747 2869 783 2924 ut
803 2863 907 2926 mittas
928 2877 1006 2926 eum
1023 2867 1057 2927 in
1079 2862 1209 2928 domum
1229 2861 1328 2947 patris

194 2949 283 3022 mei(
319 2959 373 3026 28.
400 2957 515 3024 Habeo
544 2962 628 3026 enim
657 2961 799 3048 quinque
823 2962 949 3040 iratres,
979 2973 1015 3027 ut
1041 2963 1228 3030 testificetur
1253 2960 1328 3038 illis,
1377 2959 1380 2981 ¹

196 3081 239 3126 ne
267 3069 298 3126 et
324 3063 385 3149 ipsi
411 3065 539 3136 veniant
565 3067 599 3128 in
629 3061 738 3130 locum
769 3049 857 3128 huno
883 3067 1050 3134 cruciatus.
1114 3045 1168 3134 29.
1198 3067 1252 3132 Ait
1276 3063 1327 3128 illi
1371 3023 1379 3097 l

195 3161 368 3240 Abraham,
391 3165 652 3232 Habentllllosen
675 3176 707 3231 ct
723 3167 908 3254 Prophetas,
930 3166 1061 3234 audiant
1081 3168 1165 3236 illos.
1208 3167 1259 3234 30.
1282 3168 1327 3231 At
1370 3118 1377 3200 l

195 3263 251 3328 ille
273 3260 365 3348 dxii,
392 3269 483 3344 Non,
498 3277 603 3356 'pater
623 3267 797 3336 Abraham:
819 3269 877 3336 sed
899 3273 926 3336 si
949 3275 1021 3356 quis
1044 3293 1083 3336 es
1104 3273 1238 3339 mortuis
1259 3271 1326 3334 ive·

195 3366 237 3430 rit
254 3367 296 3434 ad
319 3391 386 3449 eos,
407 3371 603 3457 resipiscent.
647 3371 698 3436 31.
712 3375 777 3438 ‘Ait
798 3383 901 3439 autem
924 3373 980 3460 illi,
1001 3373 1036 3462 Si
1053 3375 1171 3440 Mosen
1194 3384 1225 3441 et
1245 3372 1325 3440 Pro·
1374 3421 1375 3444 i

193 3465 305 3553 phetas
327 3491 394 3538 non
417 3472 563 3554 audiunt,
592 3485 712 3563 neque,
744 3477 865 3565 siquis
891 3499 931 3542 ex
956 3479 1090 3546 mortuis
1111 3477 1322 3554 resurrexerit,
1372 3513 1374 3576 Ι

194 3568 335 3638 credent.
387 3645 389 3660 Ι
1143 3631 1147 3641 ,
1372 3601 1373 3675 p

233 3813 241 3830 υ
270 3739 397 3802 Tametsi
421 3739 474 3801 alia
497 3744 632 3822 quaedam
659 3743 759 3807 inserit
777 3725 886 3823 ‘Lucan
915 3770 975 3810 non
1001 3760 1097 3810 umen
1124 3747 1245 3810 dubium·
1268 3759 1319 3822 est,
1371 3715 1372 3775 l

233 3837 263 3875 m
281 3815 337 3878 hoe
358 3818 485 3902 exemplo
504 3821 664 3900 proximum
683 3843 845 3885 sermonem
867 3826 1015 3886 confirmet
1035 3825 1172 3888 Christus.
1212 3825 1319 3885 Osten-

223 3903 235 3952 t
254 3893 342 3970 enim,
363 3892 449 3975 qualis
471 3916 521 3955 eos
544 3897 669 3958 conditio
688 3911 814 3976 maneat,
839 3901 886 3981 qui
924 3901 1062 3962 osthahita
1080 3921 1234 3982 pauperum
1253 3921 1318 3961 cura

192 3988 224 4029 se
245 3979 323 4058 totos
347 3969 384 4061 in·
401 3970 513 4032 delicias
529 3969 728 4062 ingurgitant,
753 3977 800 4056 qui
824 3922 943 4111 crapulis
967 3989 997 4037 et
1019 3977 1209 4057 voluptatibus
1233 3975 1318 4038 dediti

190 4063 335 4177 prosimos
346 4069 448 4108 misere
463 4062 691 4124 esuriresmunt,
710 4051 768 4114 imo
792 4054 877 4112 crude
888 4055 943 4114 iter
960 4053 1052 4114 inedia
1073 4055 1236 4129 conficiunt,
1255 4052 1316 4134 qui-

212 4141 244 4177 us
258 4141 342 4201 opem
358 4123 433 4184 ferre
452 4123 616 4202 debuerant,
636 4147 721 4217 quum
740 4141 903 4210 suppeteret
921 4129 972 4192 illis
991 4127 1116 4192 facultas.
1149 4129 1315 4211 Quanquam

190 4203 285 4257 autem
306 4199 468 4290 quibusdam
490 4199 606 4280 simplex
629 4203 740 4264 videtur
763 4225 824 4266 esse
847 4205 992 4287 parabola,
1017 4203 1081 4286 quia
1103 4204 1199 4268 lamen
1218 4203 1315 4268 Lazari

191 4285 298 4358 {tomen
323 4278 499 4358 exprimitur,
525 4278 620 4358 potius
642 4301 708 4348 rem
725 4293 833 4362 gestam
856 4283 963 4346 narrari
986 4285 1117 4344 arbitror.
1163 4283 1313 4344 Caeterum

191 4359 222 4402 ru
236 4363 268 4406 ea
283 4369 316 4412 re
333 4364 432 4432 parunt
448 4365 492 4418 est
503 4355 650 4435 momenti,
669 4363 912 4426 modosunmun
928 4361 1074 4425 doctrinae
1088 4371 1206 4455 teueapt
1225 4357 1314 4422 lecto-
