2804 4762
406 49 412 77 Ι

107 315 108 322 q
204 310 207 319 ι
252 287 256 294 ,
292 200 479 326 prro-ursa.
519 223 601 317 aaa
618 187 1063 328 enumerandas:
1098 192 1100 196 ’
1149 227 1217 304 ‚rar

92 377 193 454 Quum
215 373 325 440 scribae
347 373 480 448 obrtInati
500 393 614 456 prorsus
637 384 736 436 essem
751 374 876 440 rarat
898 375 1010 453 hostes,
1032 377 1098 459 qnia
1116 387 1215 458 tyran-

90 456 160 530 nide
179 471 228 515 sua
246 463 407 534 oppressam
421 449 555 512 tenebant
574 445 738 524 Ecclesiam,
765 461 879 513 coactns
897 451 950 514 fuit
969 451 1096 516 Christus
1115 475 1215 516 eornm

90 527 199 614 flagitia
217 529 364 612 detegere:
383 525 436 588 nisi
453 527 528 586 enim
546 525 676 586 abstracti
690 525 729 586 ab
747 547 848 588 eorum
863 529 997 592 servitute
1014 529 1130 592 subrent
1145 530 1223 592 bonir'

93 620 123 668 et
140 605 296 686 simplices,
319 602 459 684 praeclusa
477 611 538 665 erat
555 599 709 684 Evangelio
726 601 818 663 ianua.
874 603 937 666 Alia
957 603 1112 668 etiam'foit
1130 607 1215 680 ratio,

92 682 160 767 quia
212 679 270 740 leba
294 678 400 740 licitum
422 675 474 740 sihi
497 697 557 738 esse
581 689 674 758 putat,
701 677 831 760 quicquid
854 699 870 741 a
893 679 948 742 suis
973 680 1131 742 rectoribus
1153 683 1214 744 fieri
1293 690 1296 706 '
1364 667 1370 690 ,

75 701 299 831 'animadvertit
319 753 465 836 legemque
486 749 539 815 sibi
557 751 639 836 fingit
657 771 692 814 en
709 753 816 816 vitiosis
834 754 1097 820 illotummaribus.
1140 757 1230 821 Cae-2
1268 779 1270 782 ·

75 847 190 910 ,terum
209 852 246 892 ne
263 829 323 912 quir
340 833 371 892 in
389 829 525 892 diversam
544 839 659 908 partem·
671 829 795 894 traheret
813 851 883 911 quae
901 831 1025 895 dicturus
1044 836 1113 910 erat,
1132 842 1223 914 prae-t

92 911 180 985 fatur,
199 907 399 988 qualescunque
414 906 471 970 sint
488 906 628 980 doctores,
646 903 760 966 minime
780 917 875 967 tamen
892 927 1010 987 acquum
1030 927 1096 985 esse,
1115 909 1162 971 vel
1180 930 1223 972 ex·

1 1009 3 1019 t
94 1007 197 1046 eorum
214 983 340 1046 sordibus
362 983 455 1044 labem
473 981 592 1060 aliquam
610 980 665 1040 Dei
682 981 773 1044 verbo
792 983 914 1066 aspergi,
936 982 981 1044 rel
1000 1005 1035 1044 er
1072 985 1144 1046 raris
1163 1006 1222 1046 εο-υ

1 1083 2 1090 “
93 1083 160 1122 rom
183 1059 312 1138 exemplis
336 1057 424 1138 arripi
467 1057 581 1118 eccandi
598 1055 747 1118 licentiam.
782 1059 882 1192 pltque
901 1060 969 1120 haec
987 1081 1039 1140 pru
1060 1061 1135 1122 entia
1150 1061 1216 1122 dili-

94 1149 196 1220 genter
212 1133 334 1196 notanda
353 1148 405 1194 est.
443 1075 573 1212 Plerique
592 1131 681 1207 enirn,
698 1131 765 1216 dum
802 1150 839 1193 oe
852 1137 943 1194 ‘unnrn
961 1146 1081 1214 captam,
1097 1148 1130 1196 ut
1148 1136 1215 1198 odio

96 1223 213 1296 gravent
236 1223 265 1272 et
286 1210 400 1270 infamia
421 1207 583 1268 deforment
604 1207 752 1289 improbos
775 1221 804 1269 et
821 1207 985 1286 sceleratos,
1007 1211 1223 1272 inconsiderato}

94 1310 147 1350 suo
166 1285 227 1349 relo
244 1287 366 1348 miscent
387 1285 482 1344 omnia
505 1295 535 1346 et
561 1283 749 1348 contundunt.
805 1285 1005 1348 Contemnitur
1027 1285 1102 1348 enim
1124 1287 1217 1348 omnis

95 1364 252 1445 disciplina,
279 1363 403 1424 calcatur
426 1357 531 1438 pudor:
567 1359 689 1441 denique
711 1357 801 1422 nullus
822 1373 920 1422 manet
936 1361 1047 1426 honesti
1064 1375 1223 1444 respectum

92 1441 152 1500 imo
175 1438 273 1500 multis
295 1435 397 1498 crescit
419 1434 484 1495 inde
508 1433 632 1510 audacia,
662 1437 781 1518 dataque
805 1455 891 1519 opera
909 1436 1085 1500 sacerdotum
1103 1450 1225 1520 peccata.
1264 1493 1269 1514 ,

67 1541 74 1562 ι
92 1517 260 1588 traducunt,
285 1523 318 1570 ut
335 1509 449 1572 liberius
466 1510 519 1592 ipsi
537 1509 652 1573 inducto
672 1510 768 1574 colore
789 1525 918 1594 peccent.
975 1515 1102 1578 Christus
1124 1526 1218 1588 antem

93 1595 137 1652 sic
159 1589 302 1650 invehitur
325 1587 354 1646 in
378 1586 496 1661 scribas,
528 1599 561 1666 ut
582 1589 690 1671 Legem
713 1587 768 1650 Dei
781 1589 866 1669 'prius
888 1603 1088 1673 aconttmptu
1106 1601 1216 1654 asserat.
1253 1593 1254 1600 ’

93 1669 177 1728 H'aec
196 1664 284 1747 igitur
302 1663 397 1724 eadem
418 1665 508 1724 cautio
526 1663 609 1724 nobis
628 1664 749 1726 tenenda
763 1677 814 1740 est,
834 1665 858 1726 si
867 1665 1097 1748 reprehensiones
1108 1679 1222 1728 nostras

93 1743 230 1824 prodesse
251 1739 385 1830 cupimus.
416 1741 523 1802 Rursus
541 1751 636 1802 tamen
654 1753 753 1802 notare
771 1745 913 1817 convenit,
932 1743 1033 1813 nrrllius
1050 1737 1218 1806 offendiculi

93 1830 175 1878 rnatu
195 1817 356 1878 deterritum
376 1814 460 1876 fuisse
480 1815 636 1892 Christum,
665 1817 813 1897 quominus
837 1819 938 1900 impios
962 1820 1108 1896 doctores,
1135 1819 1218 1882 sicuti

94 1892 191 1956 meriti
217 1904 310 1966 erant,
339 1891 512 1956 traduceret¹
555 1895 679 1957 Tantum
704 1891 774 1957 hanc
797 1895 1022 1956 moderationem
1041 1894 1149 1971 tenurit,
1178 1918 1225 1960 ne,

116 1983 216 2050 ropter
233 1967 379 2029 hominum
397 1968 574 2050 probra-Dei
591 1971 722 2031 doctrina
737 1970 892 2034 vilesceret
929 1972 1022 2034 Porro
1042 1984 1073 2032 ut
1090 1971 1217 2048 sciamus,
1261 1967 1266 1977 “

94 1991 133 2108 lle
152 2045 226 2113 vitiis
246 2046 443 2106 concionatum
463 2065 535 2118 esse,
553 2067 613 2106 non
633 2059 663 2106 ut
680 2047 806 2126 personis
825 2049 955 2111 invidiam
974 2061 1092 2124 crearet,
1113 2049 1162 2110 sed
1179 2069 1218 2108 ne

1 2194 2 2201 ἶ
96 2123 230 2202 contagio
254 2133 380 2200 serperet
401 2119 494 2196 latius,
524 2123 634 2184 diserte³
651 2123 780 2202 exprimit
803 2126 914 2185 Marcus
937 2123 965 2184 lo
985 2136 1083 2184 uotum
1102 2141 1168 2186 'esse
1186 2129 1218 2184 in
1265 2151 1266 2156 ¹

1 2204 2 2207 ’
95 2201 241 2258 doctrina.
270 2197 381 2271 Quibus
399 2197 654 2278 verbis-significat,
674 2197 777 2258 utiliter
795 2199 953 2260 admonitos
967 2147 1057 2260 luisse
1075 2201 1227 2260 auditores.

97 2289 130 2336 ut
143 2274 201 2334 'sibi
219 2283 359 2333 caverent.
399 2273 568 2352 Quanquam
586 2284 685 2336 autem.
698 2273 732 2333 ad
751 2273 899 2354 discipulos
920 2275 1030 2334 ridetur
1047 2275 1219 2356 restringere
1266 2299 1268 2306 ’

96 2353 201 2425 Lucas,
227 2347 373 2428 probabile
392 2358 488 2408 manen
510 2360 565 2420 est,
590 2367 749 2407 sermonem
767 2349 802 2408 ad
822 2362 912 2409 totam
930 2349 1041 2407 turbam
1061 2352 1220 2427 promiscue
1273 2389 1277 2400 ι

96 2427 183 2488 fuisse
207 2425 340 2484 habitum.
393 2423 492 2496 Quod.
505 2424 587 2482 etiarn
608 2419 705 2482 clarius
724 2434 800 2501 patet
818 2443 852 2482 ex
869 2424 1027 2499 Matthaeo,
1052 2437 1081 2482 et
1098 2425 1220 2502 resripsa

97 2501 241 2582 poscebat,
258 2507 291 2570 ut
308 2499 339 2556 in
358 2517 464 2577 genere
483 2513 581 2564 ornnes
599 2499 755 2578 respiceret
774 2497 911 2562 Christus.

174 2579 203 2635 2.
241 2577 278 2632 In
296 2574 440 2632 catiredrrr
458 2575 557 2632 Masis.
584 2575 651 2636 Non
671 2587 777 2634 temere
795 2573 870 2654 quod
888 2573 943 2634 alio
957 2573 1027 2637 ,loco
1047 2574 1146 2636 recitat
1160 2574 1219 2642 Lu-

99 2656 146 2714 ca's
164 2647 220 2710 h'ue
237 2649 361 2710 inserere
381 2647 471 2710 visum
490 2647 540 2710 esi.
582 2650 781 2728 Praeterquam
801 2651 874 2710 enirn
895 2649 970 2730 quod
989 2651 1085 2712 eadem
1105 2663 1147 2714 est
1166 2652 1219 2712 dos

100 2727 206 2801 ctrina,
233 2741 294 2787 non
316 2723 413 2785 dubito
436 2725 502 2803 quin
522 2726 626 2800 Lucas,
646 2737 794 2806 postquam
812 2727 1046 2806 dixerat„severe
1065 2741 1096 2788 et
1113 2727 1221 2789 duriter

99 2803 205 2866 scribas
225 2811 371 2882 correptos
390 2797 473 2862 fuisse
491 2822 507 2861 a
525 2801 663 2876 Domino,
688 2801 822 2864 addiderit
841 2803 923 2864 etiam
941 2803 1005 2864 alias
1023 2805 1219 2900 reprehensio-

39 2885 44 2894 '
98 2901 164 2954 nes,
187 2899 254 2960 quas
275 2878 431 2938 Matthaeus
449 2876 479 2935 in
498 2879 643 2958 proprium
662 2878 754 2940 locum
773 2879 906 2954 distulit·
939 2882 998 2940 Iam
1019 2903 1092 2942 enam
1111 2881 1218 2962 saepius

98 2957 219 3020 vidimus
230 2951 430 3036 Evangelistas,
447 2966 534 3033 prout
553 2955 661 3032 ferebat
679 2955 800 3030 occasio,
819 2955 941 3019 diversos
953 2956 1056 3018 Christi
1075 2976 1220 3033 sermones
1252 3013 1253 3020 ,

100 3051 286 3094 coacervasse.
332 3031 424 3090 Porro
467 3029 510 3090 uia
526 3029 637 3110 plenior
659 3032 732 3110 apud
750 3033 921 3095 hlatthaetun
939 3033 1074 3094 sententia
1093 3031 1220 3104 hahetur,

99 3109 158 3172 eius
182 3107 266 3170 verba
290 3106 383 3184 potius
407 3125 457 3185 exp
471 3105 565 3167 ‘canda
587 3111 724 3178 sumams
760 3098 897 3170 Hoitatur
917 3109 1055 3170 Dominus
1078 3107 1174 3168 fideles*
1189 3107 1251 3168 in,

100 3207 218 3260 summa,
238 3179 461 3263 quumpessime
481 3183 578 3244 vivant
595 3183 716 3260 scribae,
738 3205 776 3246 ue
794 3186 827 3244 ad
846 3205 991 3264 perversos
1011 3204 1108 3246 eorum
1126 3204 1221 3246 mores

6 3279 9 3290 ¹
100 3259 185 3322 vitam
204 3281 281 3322 suam
300 3260 424 3331 flectant,
443 3258 492 3318 sed
510 3259 603 3340 potius
621 3257 748 3324 lormen't
765 3261 894 3343 adLegis
913 3259 1047 3342 regulam,
1070 3266 1151 3338 quam
1170 3281 1220 3320 au-

1 3401 2 3405 ,
100 3337 181 3398 diunt
204 3357 238 3398 ex
260 3357 311 3396 ore
334 3336 496 3396 scribarum.
553 3336 676 3396 Necesse
705 3337 780 3396 enim
804 3337 922 3398 habebat
943 3343 994 3414 (ut
1011 3357 1050 3394 nu
1073 3357 1103 3396 cr
1120 3336 1219 3418 attigi)

99 3412 307 3494 reprehendere
330 3410 429 3472 multas
455 3410 485 3470 in
512 3409 564 3472 illis
589 3411 774 3489 corruptelas,
801 3415 949 3473 natatum
968 3356 1102 3492 popullrm
1120 3413 1220 3474 infice-

99 3499 172 3550 rent.
211 3491 290 3570 Ergo
312 3509 350 3548 ne
367 3487 494 3567 ipsorum
512 3488 632 3570 flagitiis,
642 3486 824 3550 labefactetur
842 3489 984 3566 doctrina,
1004 3489 1081 3550 cadus
1099 3487 1220 3551 ministri
1275 3497 1277 3508 ’
1320 3513 1323 3523 ·

101 3577 182 3625 erant
199 3586 232 3625 ac
252 3583 413 3644 praecones,
435 3563 528 3626 fideles
547 3565 581 3625 ad
598 3564 708 3627 illorum
729 3565 814 3624 verba
832 3567 954 3625 attentos
973 3586 1033 3624 csse
1052 3565 1140 3640 iubet,
1158 3577 1228 3625 nort

100 3651 194 3700 autem
212 3640 246 3700 ad
266 3639 443 3719 operaracsi
460 3640 588 3716 dixisset,
605 3661 665 3700 non
685 3661 744 3701 esse
763 3661 885 3716 causam,
907 3661 958 3700 cur
976 3641 1031 3702 Dei
1049 3641 1119 3702 filios
1138 3661 1153 3698 a
1172 3659 1220 3698 rc-

101 3727 149 3790 cte
173 3716 302 3776 vivendo
318 3713 387 3777 mala
409 3717 558 3776 Pastorum
581 3716 705 3798 erempla
725 3716 884 3796 impediant·
920 3717 1085 3784 Scribarum
1104 3715 1220 3796 nornine

1 3797 2 3828 f
100 3793 232 3852 doctores
251 3790 295 3850 vel
312 3790 397 3870 L'egis
414 3791 582 3870 interpretes
601 3793 693 3852 notari
712 3794 776 3854 satis
795 3793 938 3868 convenit,
956 3793 1040 3873 idque
1058 3791 1150 3872 phrasi
1168 3788 1219 3847 hes
1312 3808 1327 3822 ··

99 3866 204 3940 hraica,
223 3867 334 3925 eosdem
353 3867 425 3944 apud
443 3867 547 3928 Lucam
566 3869 661 3927 vocari
675 3869 760 3948 Legis
778 3866 884 3948 peritos
903 3881 1010 3930 cedam
1029 3879 1078 3930 est.
1125 3867 1220 3925 Pecu·

100 3940 206 4002 liariter
224 3953 315 4002 autem
334 3941 508 4018 Pharisaeos,
530 3943 676 4022 quierant
695 3965 728 4004 er
747 3938 898 4004 sc'rr‘oar‘um
923 3965 1058 4016 numero,
1084 3939 1224 4022 perstrinff

101 4019 144 4101 git
163 4017 315 4092 Dominus,
344 4019 408 4096 quia
430 4029 498 4077 tunc
522 4020 552 4078 in
574 4019 715 4080 Ecclesiae
738 4020 875 4102 regimine
899 4033 930 4080 et
946 4019 1107 4098 scripturae
1129 4016 1230 4083 intera.

123 4097 261 4156 relatione
279 4095 348 4153 haec
366 4104 440 4152 secta
460 4093 604 4171 primatum
624 4095 746 4155 tenebat.
802 4096 875 4156 Nam
893 4095 958 4154 alibi
975 4093 1108 4166 diximus,
1133 4110 1235 4178 quum¹

101 4120 261 4234 baaduraei-
276 4170 413 4237 etEssenl
429 4168 548 4236 literales
565 4169 664 4238 haberi
680 4171 803 4245 mallent,
821 4172 983 4235 Pharisaeos
1001 4167 1080 4228 aliam
1099 4167 1220 4226 docendr
1271 4237 1276 4242 ,

101 4249 239 4310 rationem
262 4245 338 4328 quasi
367 4266 420 4326 per
444 4243 540 4309 man'us
564 4245 617 4306 sihi
637 4268 654 4306 a
674 4245 826 4308 maioribus
847 4245 975 4306 traditam
997 4253 1128 4319 sequutus
1149 4257 1229 4315 csse,¹

101 4338 132 4386 ut
154 4325 259 4388 scilicet
281 4322 428 4406 mysticum
454 4321 615 4402 Scripturas
639 4343 749 4407 sensum
772 4315 1096 4396 subtiliusiaquirerent.
1134 4317 1242 4378 Unde&
