2790 4764
6 978 10 1014 i

397 195 583 338 (1so-ttt.
621 234 668 298 De
687 219 959 322 maingenae).
1175 241 1235 305 139

96 391 150 454 iilis
163 337 308 474 permittit
330 409 395 452 ase
414 389 475 472 ipso
494 405 621 524 equessns
642 395 799 450 evanescat.
830 385 970 480 ⁸Ideoqpe
988 383 1125 480 iubenmq
1140 400 1234 454 cram.

97 489 244 552 gressores
263 465 355 528 redire
373 465 408 526 ad
431 487 482 528 cor
501 469 515 539 (
532 485 570 524 es.
589 466 641 537 46,
655 461 713 598 ὅ).
751 464 886 546 Sequitur
904 475 989 530 meatu
1003 464 1153 542 confessio,
1167 467 1233 528 bon

97 543 210 626 qualem
228 541 372 604 fabricavit
391 543 478 623 Papa,
501 540 550 602 sed
574 541 627 620 qua'
685 561 726 599 sus
750 539 894 602 offensum
917 553 1026 634 patrem
1051 541 1104 604 edri
1148 543 1232 606 lacat:
1294 529 1314 575 7

96 643 165 681 nam
183 619 252 681 baec
266 619 402 680 humilitas
419 613 588 680 redimendis
603 615 722 677 offensis
737 617 855 678 omnino
871 639 1027 680 necessarta
1042 629 1094 680 est.
1125 565 1234 684 imma

31 737 34 752 t
67 729 70 750 t
96 697 168 768 haec
185 695 330 776 loquendi,
345 698 466 774 peccasti
484 698 515 754 in
534 695 645 752 coelum
663 702 693 752 et
713 715 813 756 coram
832 703 876 764 te,
895 695 1063 758 untundsm
1081 693 1157 756 vaiet
1175 695 1232 758 acsi

97 773 205 834 dictum
221 783 301 848 esset,
322 771 425 834 laesum
444 769 528 831 fuisse
546 769 640 830 Deum
659 767 691 828 in
707 790 828 852 persona
844 771 951 832 terreni
967 771 1066 854 patris.
1097 771 1135 832 Et
1152 784 1232 834 certe

95 848 153 910 hoc
172 860 269 908 natura
289 847 387 923 dictat,
408 847 570 927 quicunque
589 855 689 906 contra
706 857 815 926 patrem
834 843 990 922 insolescit,
1013 846 1098 929 impie
1116 867 1231 932 quoque

95 926 226 994 adversus
243 926 339 986 Deum
359 924 523 1006 insurgere,
549 919 597 1000 qui
616 919 688 980 filios
707 919 869 1072 pprentibus
888 921 1017 984 subiecit.

98 1037 102 1044 ·
167 1003 215 1063 ¹22.
246 1001 389 1077 Prosertc
408 1002 518 1060 stolam
533 1001 673 1076 primam.
739 1017 877 1076 uanquam
895 995 926 1057 in
944 996 1084 1078 parabolis
1104 997 1151 1074 (ut
1169 1021 1231 1064 sae-

27 1083 30 1093 *
95 1077 156 1158 pius
174 1078 275 1140 dictum
296 1077 357 1154 est)
375 1075 501 1160 singulas
521 1071 651 1133 minutias
672 1083 806 1132 excutere
825 1071 955 1209 ineptum
973 1073 1059 1148 foret,
1079 1073 1123 1134 bic
1136 1086 1231 1138 umen

95 1175 154 1216 non
177 1154 363 1236 torquebitur
382 1152 479 1226 litera,
501 1149 524 1210 si
547 1149 683 1222 dicamus,
709 1147 859 1210 coelestem
902 1161 993 1214 aerem
1010 1168 1071 1208 non
1089 1151 1175 1210 modo
1194 1152 1232 1213 ita

91 1233 239 1313 ignoscere
262 1228 390 1312 peccatis
414 1225 535 1298 nostris,
558 1236 592 1284 ut
619 1243 719 1284 eorum
742 1221 909 1284 memoriam
931 1223 1060 1306 sepeliat,
1086 1224 1136 1284 sed
1158 1225 1263 1290 dona.

6 1316 10 1373 ἰ
92 1307 174 1368 etiam
192 1307 364 1380 restituere,
389 1303 491 1384 quibus
513 1321 623 1361 cramus
648 1297 735 1360 exuti:
765 1297 847 1358 sicuti
869 1299 990 1362 vicissim
1014 1319 1067 1362 uos
1090 1298 1143 1361 illis
1167 1321 1233 1382 spo-

6 1380 17 1424 t.
88 1382 157 1446 lians
177 1381 413 1466 ingratitudinem
432 1389 559 1442 nostram
578 1373 704 1458 castigat,
722 1385 755 1436 ut
772 1374 904 1439 nuditatis
914 1375 1029 1463 ¹probro
1052 1387 1081 1440 et
1093 1377 1234 1440 dedecore

7 1541 8 1549 ἵ
88 1461 123 1520 ad
140 1461 288 1542 pudqrem
308 1475 362 1518 nos
382 1465 475 1538 cogat.
524 1473 535 1501 ⁴
855 1487 871 1520 4

4 3531 6 3562 t
91 3517 216 3600 qui'Dei

94 1730 106 1756 -’
177 1709 287 1794 (151.)
330 1705 433 1779 LUC.
447 1709 519 1774 XV.
561 1707 614 1774 25.
636 1707 836 1777 Eratnutem
860 1707 1040 1778 filiuseius
1062 1711 1173 1780 senior
1196 1711 1234 1777 in

90 1815 184 1904 agro,
219 1823 265 1880 et¹
282 1834 380 1906 quum
406 1813 544 1892 veniret,
574 1821 606 1877 et
630 1813 920 1902 appropinquasset
952 1811 1078 1909 domui,
1111 1813 1234 1882 audivit

91 1929 285 1995 concentum
312 1917 355 1988 et
371 1916 497 1986 choros.
545 1913 599 1980 26.
625 1915 669 1982 Et
695 1917 824 1992 vocavit
849 1937 948 2001 unum
978 1940 997 1984 e
1024 1917 1128 1986 servis
1156 1919 1234 2008 suis,

91 2032 124 2086 et
143 2020 362 2108 interrogavit,
384 2019 462 2107 quid
486 2029 592 2086 esseut
612 2017 676 2084 ilia.
719 2021 771 2084 27.
795 2019 867 2107 Ipse
889 2041 970 2086 vero
993 2018 1072 2086 dixit
1094 2021 1133 2101 ei,
1153 2019 1234 2087 Fra-

91 2120 140 2188 ter
161 2132 238 2189 tuus
254 2125 348 2202 venit,
370 2111 402 2188 ct
417 2125 564 2194 mactavit
582 2131 675 2214 pater
688 2131 761 2186 tuus
779 2123 912 2188 vitulum
933 2123 1120 2210 saginatum,
1144 2121 1234 2210 quod

90 2225 286 2295 incolumem
313 2225 405 2293 illurn
431 2226 597 2310 receperit.
651 2223 704 2287 28.
733 2222 922 2308 Indignatus
951 2233 1000 2288 est
1026 2228 1148 2298 autem,
1173 2245 1236 2299 nec

77 2327 226 2396 ¹volebat
252 2330 396 2394 introire.
451 2326 548 2392 Pater
575 2345 652 2412 ergo
682 2323 770 2389 iliius
800 2343 947 2410 egressus
974 2323 1110 2412 rogabat
1136 2323 1254 2389 illum*

89 2431 144 2500 29.
166 2432 211 2496 At
234 2415 288 2496 ille
306 2425 508 2514 respondens
529 2413 715 2514 dixit'patri,
735 2425 830 2504 Ecce,
851 2435 900 2493 tot
921 2427 1013 2490 annis
1035 2425 1144 2492 servio
1165 2423 1236 2507 tibi,

89 2547 312 2617 necunquam
329 2537 535 2618 praeceptum
557 2536 647 2591 tuum
668 2519 886 2614 transgressus
907 2519 990 2616 stim,
1012 2537 1044 2594 et
1059 2525 1138 2615 mibi
1153 2549 1236 2614 nun.

90 2651 191 2722 quatu
216 2629 331 2696 dedisti
351 2629 500 2708 hoedum,
519 2637 555 2692 nt
576 2649 647 2694 oum
671 2631 779 2697 amicis
801 2631 882 2696 meis
904 2629 1051 2699 laetarer.
1094 2629 1147 2698 30.
1168 2631 1235 2716 Sed

57 2753 61 2763 “
88 2743 264 2824 postquam
285 2731 372 2814 tilius
394 2743 468 2799 tuus
489 2731 548 2812 hic,
570 2710 625 2818 qui
644 2730 810 2810 devoravit
826 2731 1036 2817 substantiam
1051 2743 1138 2801 tuam
1160 2759 1234 2812 cum

89 2835 331 2922 meretricibus,
358 2837 461 2916 venit,
486 2837 630 2922 mactasti
651 2835 700 2907 illi
722 2835 855 2909 vitulum
877 2837 1063 2923 saginatum.
1106 2838 1160 2917 31.
1188 2841 1235 2911 At
1279 2881 1281 2888 ›

90 2941 147 3024 iile
171 2937 252 3006 dixit
273 2941 316 3018 ei,
343 2937 422 3016 Fili,
448 2947 483 3004 tu
510 2944 637 3026 semper
663 2960 785 3004 meorum
814 2962 861 3007 os:
895 2949 926 3006 et
951 2943 1059 3016 onmia
1079 2951 1151 3005 me'a
1177 2929 1257 3032 tuq

90 3053 175 3110 sunt.
207 3041 280 3118 '322
303 3037 437 3131 bactani
454 3032 584 3129 'antem
607 3050 639 3105 ot
670 3037 811 3131 gaudere
836 3032 1030 3131 oportebat,
1058 3043 1143 3128 quia.
1167 3041 1232 3107 fra-

90 3155 140 3212 tes
173 3153 249 3230 tuus
276 3143 330 3210 bic
361 3150 506 3222 mortuus
535 3153 615 3232 esst,
645 3153 676 3208 et
706 3147 837 3228 revixit:
871 3147 1027 3233 perierat,
1047 3153 1091 3208 'et
1121 3146 1234 3230 invem

4 3337 5 3342 ἵ
89 3258 142 3328 tus
165 3257 224 3314 est.

167 3444 235 3505 Hoc
261 3441 401 3534 posterius
415 3440 594 3578 limbmm.
616 3432 766 3580 paraboiqp
793 3441 1004 3534 inhumanitatis
1028 3443 1233 3539 ‚⁰0³*atcfflb
1282 3503 1284 3510 ,
1390 3441 1391 3448 '

90 3595 143 3657 m
163 3529 1055 3670 sncdttbttttstttttttt,virttitutttstttt
1070 3535 1234 3680 {titia-‘¹

92 3673 142 3753 qui
161 3672 215 3733 sibi
234 3672 356 3737 debitam
375 3669 482 3732 meritis
502 3671 557 3731 suis
576 3673 737 3732 mercedem
755 3692 816 3733 non
835 3673 972 3752 putabant
990 3675 1118 3756 rependi,
1139 3677 1162 3734 si
1179 3677 1234 3806 puss

4 3777 5 3780 ¹
91 3748 220 3810 blicanos
241 3759 270 3808 et
286 3747 478 3828 promiscuum
498 3746 598 3830 vulgus
619 3747 748 3810 Christus
775 3747 808 3808 ad
827 3771 905 3840 spem
924 3751 1056 3820 cisternae
1075 3749 1178 3810 haered
1222 3817 1228 3826 .

4 3877 5 3884 ,
90 3825 128 3885 tis
149 3823 318 3884 admitteret.
357 3825 472 3888 Summa
496 3823 584 3904 igitur
608 3834 663 3892 est:
691 3823 780 3884 sintii
799 3826 855 3886 Der
875 3827 986 3888 censeri
1006 3825 1146 3906 cupimus,
1174 3822 1233 3882 sra-

4 3907 5 3912 ’
90 3898 282 3982 trumvitiis,
309 3920 379 3979 qnae
403 3899 463 3978 ipse
487 3910 607 3976 paterne
629 3899 761 3976 remittit,
787 3900 917 3980 fraterne
936 3901 1142 3986 ignoscendum
1162 3905 1263 3998 essefp

4 4011 5 4020 κ
94 3973 158 4052 Qui
179 3985 280 4055 putant
304 3973 354 4035 sub
375 3977 566 4054 primogeniti
582 3978 648 4054 fatti
675 3987 745 4058 typo
769 3977 916 4046 Iudaicum
940 3977 1076 4059 populum
1100 3971 1232 4047 describi,

92 4050 205 4123 tametsi
224 4049 336 4112 ratione
355 4070 416 4110 non
435 4061 547 4126 carent,
566 4052 749 4116 minianen
769 4054 900 4120 videntur
919 4075 980 4114 non
996 4051 1063 4112 satis
1084 4049 1119 4109 ad
1136 4055 1234 4116 totum

93 4125 259 4192 contextum
278 4127 431 4188 attendere.
470 4126 544 4186 Nam
560 4149 598 4200 er
617 4129 772 4190 scribarum
791 4127 935 4200 murmure
954 4138 1035 4206 natus
1043 4144 1148 4206 sermo
1167 4123 1232 4202 tuit,
1261 4141 1288 4158 ⁴
1390 4111 1391 4120 ἵ

94 4207 197 4288 quibus
216 4202 334 4264 molesta
353 4214 413 4264 erat
432 4201 537 4264 Christi
555 4202 711 4280 humanitas
732 4225 799 4286 erga
817 4197 934 4284 miseros
961 4213 990 4272 et
1002 4215 1107 4278 'parum
1125 4200 1232 4282 proba-⁴

93 4293 139 4346 tae
156 4282 231 4342 vitae
250 4278 387 4340 homines.
427 4277 540 4342 Scribas
560 4279 707 4370 ecgohqui
726 4279 884 4412 arroqnntia
903 4273 1065 4354 turgebant,
1086 4287 1231 4364 comparat

95 4356 171 4446 frugi
196 4369 225 4419 et
248 4356 381 4418 modestis
404 4355 579 4434 hominbus,
604 4377 653 4434 qm
671 4375 783 4433 semper
811 4351 923 4411 noneste
946 4362 1086 4428 parceque
1104 4341 1229 4416 vivendo
