2830 4772
524 257 649 305 cutum
670 257 850 305 verteme.
1201 249 1258 312 277

127 396 348 470 surrectionem,
379 405 409 458 et
431 415 550 474 qucum
573 394 705 455 duntaxat
740 387 840 455 'stum
864 382 984 473 aliquem
1001 393 1081 455 Deru
1099 391 1155 454 suis
1174 415 1256 476 prae·
1287 454 1293 464 ,

127 473 203 548 huit,
231 485 264 533 ut
284 471 396 556 longius
416 491 464 533 eos
484 493 536 552 per
554 471 613 553 spei
633 483 662 532 et
680 469 832 552 patientiae
853 470 926 532 viam
946 469 1106 530 deduceret.
1145 469 1256 534 Secun-

127 551 195 610 dum
215 549 450 610 honorationem
469 569 558 628 usque
576 549 610 608 ad
628 546 758 608 ultimum
777 546 850 607 diem
869 545 989 606 fidelium
1009 556 1119 607 mentes
1138 569 1274 628 suspen-⁴

126 625 168 686 dit
188 623 331 698 Christus,
351 645 389 685 ne
407 636 507 703 putent
526 623 634 684 irritum
655 643 729 698 esse,
749 623 826 758 pppod
845 621 938 683 testati
957 635 1022 683 sunt
1040 621 1200 703 Prophetae
1218 627 1255 687 de

125 701 303 781 reparatione
327 700 435 773 lutura,
464 701 529 779 quia
553 700 604 760 suh
625 702 745 760 densae
780 699 914 759 ictionum
935 699 1056 785 caligine
1071 699 1161 782 longo
1179 713 1254 761 tem-

124 798 197 858 pore
216 777 389 837 submersum
407 775 500 836 lateat.
550 777 701 856 Perperam
726 796 794 836 vero
814 773 996 836 afflictionem
1014 771 1122 838 dierum
1141 775 1252 838 illorum
1288 815 1296 832 .

126 853 240 933 quidam
259 854 427 933 interpretes
451 854 486 914 de
505 851 721 932 Hierosolynrae
746 851 854 915 excidio
873 850 1030 942 accipiunt,
1055 875 1139 931 quum
1158 853 1252 934 potius

64 966 67 974 ·
116 929 259 990 universa
275 930 320 990 “sit
349 927 484 989 malorum
515 927 654 1001 omnium,
686 929 721 988 de
745 927 844 1006 quihus
867 939 932 986 ante
961 926 1087 988 Christus
1113 928 1251 1007 disseruit,

124 1005 346 1082 ἆνακεφαλαίωσις.
403 1007 497 1065 Porro
525 1003 580 1070 hoc
608 1015 776 1086 argumento
804 1004 839 1064 ad
864 1001 1040 1062 tolerantiim
1066 1025 1114 1064 eoa
1138 1006 1250 1082 animat,

145 1083 201 1139 uod
224 1081 392 1142 afflictiones
411 1081 524 1145 felicem
543 1080 655 1139 tandem
674 1078 837 1159 laetumque
854 1078 998 1139 habebunt
1019 1077 1131 1158 ercitum.
1180 1081 1250 1144 Acsi

120 1101 246 1231 llixisset,
297 1179 341 1216 am
361 1154 655 1237 diuperegrinahitur
673 1156 703 1214 in
722 1159 828 1216 mundo
842 1154 975 1227 Ecclesia,
994 1165 1109 1235 tempus
1124 1154 1250 1219 nubilum

123 1232 186 1293 fore
207 1245 271 1292 eto
294 1255 419 1293 scutum:
441 1253 540 1292 verum
560 1231 674 1312 simulac
693 1232 756 1292 finis
776 1231 930 1316 contigerit
949 1230 1075 1306 miseriis,
1094 1251 1249 1310 superven-

121 1321 216 1368 turum
236 1309 319 1382 diem,
340 1329 396 1388 quo
415 1307 527 1386 illustris
546 1320 679 1388 appareat
696 1330 744 1371 sua
763 1308 898 1370 maiestas.
931 1305 1082 1368 Caeterum
1103 1309 1248 1386 quomodo

123 1385 165 1444 sol
184 1386 376 1444 obsecrandus
395 1384 444 1458 sit,
464 1382 548 1446 hodie
567 1384 710 1445 coniicere
728 1405 787 1445 non
807 1385 960 1464 possumus,
979 1384 1028 1443 sed
1052 1395 1169 1446 eventus
1188 1383 1249 1464 ipse
1308 1425 1310 1432 =

122 1462 278 1554 ostendens
307 1460 406 1520 Stellas
432 1459 543 1538 quidem
566 1480 625 1520 non
651 1481 684 1520 re
707 1461 765 1541 ipsa
785 1482 893 1523 emuras
912 1459 1054 1540 intelligit,
1077 1460 1125 1520 sed
1141 1463 1259 1532 ,secun-¹

121 1537 188 1596 dum
209 1534 353 1597 bominum
373 1557 497 1596 sensum:
525 1535 589 1596 ideo
608 1537 682 1616 apud
700 1539 806 1598 Lucam
826 1549 935 1598 mutum
953 1535 1104 1618 praedicit,
1127 1533 1191 1596 sore
1208 1537 1248 1596 si-

120 1631 177 1692 gna
195 1611 227 1668 in
246 1611 306 1670 sole
324 1621 354 1670 et
371 1611 438 1672 luna
455 1623 484 1672 et
502 1612 594 1673 stellis.
642 1614 748 1674 Sensus
767 1635 837 1696 ergo
857 1625 913 1688 est,
935 1623 1041 1672 tantm
1060 1613 1124 1672 fore
1141 1612 1248 1672 machi-

119 1707 173 1746 nae
197 1687 270 1746 coeli
289 1689 523 1764 concussionem,
547 1701 578 1748 ut
595 1689 691 1750 stellae
709 1690 786 1770 ipsae
806 1691 905 1750 eadere
924 1699 1067 1770 putentur.
1125 1685 1247 1748 Additur

119 1762 204 1822 etiam
222 1765 295 1843 apud
305 1764 419 1838 Lucam,
438 1765 474 1826 de
492 1765 660 1826 formidabili
679 1769 760 1826 moth
779 1767 870 1840 maris,
890 1777 922 1824 ut
941 1765 1068 1826 homines
1086 1775 1246 1844 praemetet

119 1849 150 1897 et
168 1838 306 1900 anxietate
325 1840 463 1901 deficiant.
521 1842 637 1904 Summa
659 1855 754 1903 autem
779 1855 833 1918 est,
860 1853 999 1901 creaturas
1019 1861 1117 1902 omnes
1136 1862 1246 1902 sursum

118 1920 149 1974 et
176 1915 308 1976 dedrsum
338 1919 414 1998 quasi
441 1937 595 1996 praecones
621 1918 686 1980 fore
714 1920 831 1990 citandis
860 1917 1020 1978 bominibus
1051 1917 1084 1978 ad
1108 1916 1262 1978 horribile
1336 1929 1339 1934 '

117 1989 185 2052 illud
208 1992 344 2070 tribunal,
370 1995 450 2056 cuius
478 2005 644 2076 contemptu
666 1996 752 2077 impie
781 1997 815 2057 ad
841 1994 968 2054 ultimum
998 2013 1086 2074 usque
1107 1993 1182 2055 diem
1203 1993 1246 2056 la-

120 2077 257 2131 seruent·
481 2101 484 2108 .

192 2145 292 2204 blattb.
314 2147 362 2208 3⁰.
402 2147 483 2206 Tunc
504 2150 658 2226 apparebit
678 2137 826 2228 signum(
864 2145 972 2209 Clarius
994 2145 1051 2205 hoc
1074 2142 1244 2207 verbodic-

117 2219 211 2280 cernit
234 2219 363 2282 Christus
387 2236 562 2302 praesentem
587 2223 670 2305 regni
697 2224 741 2283 sui
770 2235 872 2283 statum
902 2244 918 2281 a
941 2222 1034 2281 futura
1060 2221 1118 2281 eius
1138 2219 1241 2357 {5⁰⁴⁸
1301 2251 1303 2261 ι

117 2296 169 2356 Fra
193 2297 267 2358 enim
288 2297 395 2378 species
417 2299 620 2374 concessionis,
645 2301 721 2378 quod
746 2299 775 2358 in
793 2297 979 2359 afflictionum
999 2297 1118 2378 caligine
1166 2295 1245 2356 bristi

117 2372 245 2434 maiestas
268 2391 329 2432 noo
357 2373 412 2432 erit
431 2376 595 2456 conspicua,
628 2397 683 2434 nec
701 2375 923 2456 redemptionem
943 2373 977 2448 ab
998 2394 1033 2433 eo
1050 2373 1159 2434 allatam
1177 2393 1244 2432 sen-

117 2448 193 2508 tient
210 2447 345 2522 lmmincs.
393 2450 467 2510 Nam
486 2462 563 2511 certe
581 2449 696 2510 confusa
714 2472 809 2510 rerum
849 2451 975 2510 ermixtio
995 2469 1066 2540 quae
1084 2470 1161 2508 nune
1181 2462 1244 2508 cer'-

117 2525 205 2613 nitur,
225 2537 284 2600 tram
303 2535 413 2585 mentes
431 2537 540 2588 nostras
560 2525 719 2602 obnubilat,
738 2539 800 2586 tum
818 2473 922 2588 ebriati
942 2537 1059 2609 gratiam
1078 2524 1187 2600 obnuit,
1212 2533 1244 2584 et

118 2621 197 2680 quasi
216 2620 383 2660 evanescere
402 2600 468 2661 facit
490 2624 523 2662 cx
543 2602 632 2662 oculis
653 2602 772 2673 nostris,
798 2603 895 2664 saltem
913 2615 946 2661 ut
964 2602 1054 2664 carnis
1078 2622 1162 2662 sensu
1181 2621 1243 2660 non

116 2673 342 2756 apprehendatur
366 2675 436 2738 salus
462 2677 496 2737 ab
522 2699 557 2739 eo
582 2691 668 2760 parta.
725 2679 796 2739 Ideo
823 2700 855 2741 se
879 2678 978 2739 ultimo
1004 2678 1134 2767 adventur
1150 2677 1240 2758 palam

117 2771 290 2812 emersurum
312 2751 471 2828 denuntiat,
496 2763 528 2814 ut
552 2753 668 2815 coelesti
685 2755 813 2835 potentia
831 2755 990 2838 praeditus,
1012 2754 1089 2834 quasi
1107 2751 1190 2836 signo
1208 2753 1242 2812 in,

117 2826 237 2889 sublime
259 2839 371 2914 efecto,
400 2831 435 2896 ad
458 2850 488 2890 se
507 2827 660 2890 *convertat
682 2831 768 2892 totius
786 2831 882 2891 mundi
905 2832 1046 2891 intuitum.
1085 2829 1239 2894 Caeterum

115 2904 178 2986 quia
201 2901 312 2964 videbat
334 2904 468 2966 maiorem
493 2906 637 2980 hominurn
661 2919 769 2987 partem
795 2907 941 2969 doctrinae
964 2927 1030 2974 suae
1053 2904 1241 2983 contemptri-

3 3019 7 3036 .
114 3002 178 3040 cem
198 2979 275 3057 fore,
294 3001 440 3063 regnoque
458 3004 510 3042 suo
530 2984 686 3059 adversam,
705 2985 785 3043 simul
803 2985 944 3066 planctum
963 2995 993 3042 et
1011 2982 1240 3041 lamentationem
1277 3021 1283 3028 -

114 3056 262 3117 denuntiat
278 3057 408 3118 omnihus
427 3058 551 3138 populis:
569 3060 633 3138 quia
654 3059 761 3120 scilicet
778 3079 898 3140 aequum
917 3072 961 3119 est
979 3071 1011 3118 ut
1029 3055 1148 3118 rebelles
1169 3075 1240 3118 con-

114 3145 202 3209 terat,
227 3135 325 3214 perdat
346 3155 381 3193 ue
407 3155 456 3194 sua
484 3135 639 3214 praeseutia
662 3135 710 3214 qui
738 3136 859 3197 absentis
884 3136 1034 3216 imperium
1061 3141 1236 3212 spreverunt.

116 3211 182 3280 ‚lloc
205 3212 298 3269 autem
322 3154 405 3284 bein,
433 3210 535 3302 partim
558 3223 589 3272 ut
612 3211 737 3291 superbis
760 3233 792 3271 ac
814 3211 978 3290 praefractis
998 3221 1139 3270 terrorem
1157 3207 1239 3268 incu-

45 3325 64 3336 κ
99 3287 189 3346 Δῑίειιε
213 3287 247 3346 ad
270 3287 488 3366 resipiscentiam
507 3308 556 3348 eos
574 3288 702 3348 adducat:
728 3287 828 3369 partim
848 3288 930 3351 etiam
948 3298 980 3346 ut
997 3305 1112 3346 suorum
1130 3285 1239 3346 animos

115 3362 264 3438 confirmet
282 3363 312 3424 in
330 3375 408 3439 tauta
428 3364 524 3424 mundi
543 3363 725 3424 contumacia.
780 3363 831 3423 Est
855 3364 929 3424 eninr
949 3383 1008 3421 noo
1027 3361 1095 3422 levis
1113 3360 1237 3423 offendi}-

116 3437 170 3498 culi
191 3437 314 3513 materia,
332 3439 482 3520 impiorum
500 3441 642 3514 securitas,
660 3443 723 3520 quia
741 3439 872 3500 videntur
889 3440 1003 3520 impune
1020 3439 1086 3498 Deo
1108 3437 1237 3504 illudere:

116 3509 227 3574 deindel
240 3515 310 3574 nihil
333 3515 483 3596 proclivius
507 3528 550 3577 est
572 3538 652 3597 quam
674 3537 826 3609 prosperae
847 3515 992 3592 fortunae,
1021 3537 1075 3596 qua
1096 3515 1239 3586 fruuntur,

114 3589 253 3650 illecebris
274 3591 344 3670 capi,
365 3605 397 3651 ut
415 3593 497 3654 nobis
517 3593 615 3654 effluat
632 3595 688 3653 Der
705 3591 872 3654 reverentia.
894 3592 989 3674 'Ergo
1007 3613 1045 3652 ne
1064 3591 1158 3654 ebriae
1175 3589 1239 3648 illo·

116 3686 180 3724 rum
204 3665 325 3726 laetitiae
346 3667 489 3730 invideant
511 3668 619 3744 fideles,
644 3669 771 3730 Christus
791 3690 852 3731 eam
870 3668 898 3728 in
919 3668 1025 3728 luctum
1045 3680 1074 3728 et
1091 3667 1239 3752 stridorem
1269 3671 1272 3679 '

116 3740 247 3799 dentium
263 3744 427 3820 pronuntiat
443 3744 556 3804 tandem
572 3747 744 3824 ,conversum
762 3745 805 3806 iri.
855 3744 963 3806 Atludit
982 3756 1090 3818 autem,
1109 3760 1174 3802 meo
1193 3760 1238 3796 tu·

117 3815 200 3888 dicio,
219 3817 254 3875 ad
275 3817 470 3881 duodecimum
490 3833 573 3902 caput
591 3822 748 3896 Zachariae,
767 3845 795 3882 v.
815 3825 871 3895 11,
890 3821 940 3880 ubi
957 3823 1037 3882 Deus
1057 3810 1238 3877 memorabile

117 3891 211 3952 iudicii
237 3892 280 3952 sui
302 3893 445 3974 specimen
473 3893 576 3960 instare
598 3896 715 3972 docens,
743 3896 883 3977 planctum
906 3899 980 3989 apud
1001 3913 1100 3956 omnes
1125 3887 1239 3950 familias

118 3968 181 4030 lore
201 3968 310 4041 asserit,
341 3970 427 4048 qualis
449 3969 511 4030 fieri
533 3971 604 4032 solet
623 3971 652 4031 iu
671 3972 770 4034 funere
792 3973 939 4064 unigeniti.
997 3973 1095 4047 Quare
1113 3987 1172 4027 non
1196 3973 1240 4026 esi

116 4043 193 4125 quod
212 4046 307 4104 nruodi
328 4045 542 4106 couversionem
561 4047 622 4126 quis
642 4055 795 4128 exspectet,
816 4071 881 4128 quia
897 4069 961 4109 sero
981 4061 1010 4106 et
1029 4045 1089 4105 sine
1106 4039 1284 4123 prolectuvv

117 4121 230 4181 tandem
248 4119 372 4182 sentient
390 4141 473 4200 quem
493 4123 666 4184 confixerint.
704 4125 837 4205 Sequitur
855 4124 955 4185 deinde
973 4120 1046 4204 signi
1064 4119 1135 4180 illins
1152 4116 1240 4198 expli·

119 4197 200 4276 catio,
218 4198 294 4283 quod
306 4196 408 4258 Filium
429 4197 550 4260 bominis
568 4198 703 4260 videbunt
722 4223 805 4282 super
825 4200 915 4260 nubes
932 4198 1102 4272 venientem,
1123 4193 1171 4276 qui
1185 4192 1238 4255 sub

116 4271 212 4338 habitu
230 4271 304 4340 servi
324 4272 541 4358 contemptibilis
561 4284 629 4337 tunc
648 4274 679 4336 in
698 4288 773 4338 terra
794 4276 903 4360 agebat.
961 4272 1056 4353 Atque
1079 4271 1135 4333 hoc
1153 4269 1240 4334 modo
