<?xml version="1.0" encoding="UTF-8"?>
<!DOCTYPE html PUBLIC "-//W3C//DTD XHTML 1.0 Transitional//EN"
    "http://www.w3.org/TR/xhtml1/DTD/xhtml1-transitional.dtd">
<html xmlns="http://www.w3.org/1999/xhtml" xml:lang="en" lang="en">
 <head>
  <title>
</title>
<meta http-equiv="Content-Type" content="text/html;charset=utf-8" />
  <meta name='ocr-system' content='tesseract 3.04.00' />
  <meta name='ocr-capabilities' content='ocr_page ocr_carea ocr_par ocr_line ocrx_word'/>
</head>
<body>
  <div class='ocr_page' id='page_1' title='image "./novumtestamentu00calvgoog_0066.png"; bbox 0 0 2796 4774; ppageno 0'>
   <div class='ocr_carea' id='block_1_1' title="bbox 161 45 165 51">
    <p class='ocr_par' dir='ltr' id='par_1_1' title="bbox 31 3 165 282">
     <span class='ocr_line' id='line_1_1' title="bbox 161 45 165 51; baseline 0 0"><span class='ocrx_word' id='word_1_1' title='bbox 161 45 165 51; x_wconf 78' lang='grc'>,</span> 
     </span>
    </p>
   </div>
   <div class='ocr_carea' id='block_1_2' title="bbox 296 177 1225 354">
    <p class='ocr_par' dir='ltr' id='par_1_2' title="bbox 296 177 1225 354">
     <span class='ocr_line' id='line_1_2' title="bbox 296 177 1225 354; baseline 0.012 -43"><span class='ocrx_word' id='word_1_2' title='bbox 296 251 378 332; x_wconf 69' lang='lat'>(1263</span> <span class='ocrx_word' id='word_1_3' title='bbox 415 247 580 318; x_wconf 72' lang='lat' dir='ltr'><strong>Pharisaeus</strong></span> <span class='ocrx_word' id='word_1_4' title='bbox 598 177 818 354; x_wconf 63' lang='lat' dir='ltr'><strong>etpublleauud</strong></span> <span class='ocrx_word' id='word_1_5' title='bbox 833 247 864 312; x_wconf 86' lang='lat' dir='ltr'><strong>in</strong></span> <span class='ocrx_word' id='word_1_6' title='bbox 885 246 1020 340; x_wconf 73' lang='lat' dir='ltr'><strong>templo)</strong></span> <span class='ocrx_word' id='word_1_7' title='bbox 1185 253 1225 322; x_wconf 77' lang='lat' dir='ltr'><strong>d&#39;l</strong></span> 
     </span>
    </p>
   </div>
   <div class='ocr_carea' id='block_1_3' title="bbox 31 377 1282 1015">
    <p class='ocr_par' dir='ltr' id='par_1_3' title="bbox 31 377 1282 1015">
     <span class='ocr_line' id='line_1_3' title="bbox 87 377 1224 484; baseline 0.002 -18"><span class='ocrx_word' id='word_1_8' title='bbox 87 389 206 480; x_wconf 64' lang='lat' dir='ltr'><strong>amilim‘</strong></span> <span class='ocrx_word' id='word_1_9' title='bbox 229 400 264 464; x_wconf 91' lang='lat' dir='ltr'><strong>in</strong></span> <span class='ocrx_word' id='word_1_10' title='bbox 283 377 693 468; x_wconf 63' lang='lat' dir='ltr'><strong>eulm&#39;fiduclam&#39;reemtese</strong></span> <span class='ocrx_word' id='word_1_11' title='bbox 704 423 766 466; x_wconf 85' lang='lat' dir='ltr'><strong>nec</strong></span> <span class='ocrx_word' id='word_1_12' title='bbox 784 401 877 466; x_wconf 86' lang='lat' dir='ltr'><strong>reluat</strong></span> <span class='ocrx_word' id='word_1_13' title='bbox 894 423 950 466; x_wconf 83' lang='lat' dir='ltr'><strong>nec</strong></span> <span class='ocrx_word' id='word_1_14' title='bbox 967 399 1076 467; x_wconf 79' lang='lat' dir='ltr'><strong>rblirat.</strong></span> <span class='ocrx_word' id='word_1_15' title='bbox 1121 401 1224 484; x_wconf 80' lang='lat' dir='ltr'><strong>Neque</strong></span> 
     </span>
     <span class='ocr_line' id='line_1_4' title="bbox 85 477 1222 616; baseline 0.002 -78"><span class='ocrx_word' id='word_1_16' title='bbox 85 480 165 616; x_wconf 80' lang='lat' dir='ltr'><strong>pnim</strong></span> <span class='ocrx_word' id='word_1_17' title='bbox 184 497 307 571; x_wconf 74' lang='lat' dir='ltr'><strong>pequram</strong></span> <span class='ocrx_word' id='word_1_18' title='bbox 323 491 369 572; x_wconf 66' lang='lat' dir='ltr'><strong>pst</strong></span> <span class='ocrx_word' id='word_1_19' title='bbox 387 500 408 570; x_wconf 46' lang='lat' dir='ltr'><strong>a·</strong></span> <span class='ocrx_word' id='word_1_20' title='bbox 422 477 548 616; x_wconf 78' lang='lat' dir='ltr'><strong>Depmino</strong></span> <span class='ocrx_word' id='word_1_21' title='bbox 567 478 671 570; x_wconf 73' lang='lat' dir='ltr'><strong>iurari,</strong></span> <span class='ocrx_word' id='word_1_22' title='bbox 691 479 740 560; x_wconf 79' lang='lat' dir='ltr'><strong>qui</strong></span> <span class='ocrx_word' id='word_1_23' title='bbox 758 479 834 616; x_wconf 55' lang='lat' dir='ltr'><strong>iguis</strong></span> <span class='ocrx_word' id='word_1_24' title='bbox 852 491 963 542; x_wconf 69' lang='lat' dir='ltr'><strong>taam</strong></span> <span class='ocrx_word' id='word_1_25' title='bbox 982 480 1137 616; x_wconf 70' lang='lat' dir='ltr'><strong>lrpnenter</strong></span> <span class='ocrx_word' id='word_1_26' title='bbox 1156 481 1222 541; x_wconf 85' lang='lat' dir='ltr'><strong>nnl-</strong></span> 
     </span>
     <span class='ocr_line' id='line_1_5' title="bbox 31 557 1282 722; baseline -0.003 -24"><span class='ocrx_word' id='word_1_27' title='bbox 31 629 32 698; x_wconf 86' lang='lat' dir='ltr'><strong>l</strong></span> <span class='ocrx_word' id='word_1_28' title='bbox 85 557 554 722; x_wconf 46' lang='lat' dir='ltr'><strong>{pmcpppppmpppcffltrppqqgepp</strong></span> <span class='ocrx_word' id='word_1_29' title='bbox 564 558 1245 721; x_wconf 49' lang='lat' dir='ltr'><strong>raudltgudbnbomiallebnpdasbldroirlbrlddbldsalbbb·</strong></span> <span class='ocrx_word' id='word_1_30' title='bbox 1277 617 1282 626; x_wconf 47' lang='lat'><strong>¹</strong></span> 
     </span>
     <span class='ocr_line' id='line_1_6' title="bbox 107 707 1221 791; baseline 0.002 -23"><span class='ocrx_word' id='word_1_31' title='bbox 107 707 238 784; x_wconf 86' lang='lat' dir='ltr'><strong>raedicrt,</strong></span> <span class='ocrx_word' id='word_1_32' title='bbox 270 708 312 769; x_wconf 89' lang='lat' dir='ltr'><strong>bis</strong></span> <span class='ocrx_word' id='word_1_33' title='bbox 325 708 429 772; x_wconf 63' lang='lat' dir='ltr'><strong>uerbis</strong></span> <span class='ocrx_word' id='word_1_34' title='bbox 452 707 627 791; x_wconf 64' lang='lat' dir='ltr'><strong>arguments,</strong></span> <span class='ocrx_word' id='word_1_35' title='bbox 657 729 681 768; x_wconf 87' lang='lat' dir='ltr'><strong>u</strong></span> <span class='ocrx_word' id='word_1_36' title='bbox 705 727 766 768; x_wconf 89' lang='lat' dir='ltr'><strong>non</strong></span> <span class='ocrx_word' id='word_1_37' title='bbox 789 719 846 768; x_wconf 68' lang='lat' dir='ltr'><strong>um</strong></span> <span class='ocrx_word' id='word_1_38' title='bbox 870 721 980 770; x_wconf 79' lang='lat' dir='ltr'><strong>matare</strong></span> <span class='ocrx_word' id='word_1_39' title='bbox 1003 714 1136 791; x_wconf 71' lang='lat' dir='ltr'><strong>appareat</strong></span> <span class='ocrx_word' id='word_1_40' title='bbox 1159 711 1221 770; x_wconf 84' lang='lat' dir='ltr'><strong>Re-</strong></span> 
     </span>
     <span class='ocr_line' id='line_1_7' title="bbox 85 729 1221 866; baseline 0.003 -22"><span class='ocrx_word' id='word_1_41' title='bbox 85 729 231 864; x_wconf 76' lang='lat' dir='ltr'><strong>demptor‚</strong></span> <span class='ocrx_word' id='word_1_42' title='bbox 260 784 396 845; x_wconf 85' lang='lat' dir='ltr'><strong>tarditatis</strong></span> <span class='ocrx_word' id='word_1_43' title='bbox 421 783 531 864; x_wconf 87' lang='lat' dir='ltr'><strong>culpam</strong></span> <span class='ocrx_word' id='word_1_44' title='bbox 555 803 644 864; x_wconf 89' lang='lat' dir='ltr'><strong>penes</strong></span> <span class='ocrx_word' id='word_1_45' title='bbox 666 781 795 866; x_wconf 85' lang='lat' dir='ltr'><strong>homines</strong></span> <span class='ocrx_word' id='word_1_46' title='bbox 814 784 879 845; x_wconf 83' lang='lat' dir='ltr'><strong>iore</strong></span> <span class='ocrx_word' id='word_1_47' title='bbox 913 785 978 864; x_wconf 84' lang='lat' dir='ltr'><strong>qaia</strong></span> <span class='ocrx_word' id='word_1_48' title='bbox 996 807 1082 846; x_wconf 89' lang='lat' dir='ltr'><strong>nemo</strong></span> <span class='ocrx_word' id='word_1_49' title='bbox 1103 785 1166 846; x_wconf 87' lang='lat' dir='ltr'><strong>sere</strong></span> <span class='ocrx_word' id='word_1_50' title='bbox 1185 785 1221 848; x_wconf 87' lang='lat' dir='ltr'><strong>ad</strong></span> 
     </span>
     <span class='ocr_line' id='line_1_8' title="bbox 31 819 1221 1015; baseline 0.002 -94"><span class='ocrx_word' id='word_1_51' title='bbox 31 819 33 950; x_wconf 81' lang='grc' dir='ltr'>Ι</span> <span class='ocrx_word' id='word_1_52' title='bbox 84 861 177 950; x_wconf 74' lang='lat' dir='ltr'><strong>ipsum</strong></span> <span class='ocrx_word' id='word_1_53' title='bbox 195 861 337 942; x_wconf 80' lang='lat' dir='ltr'><strong>respiciet.</strong></span> <span class='ocrx_word' id='word_1_54' title='bbox 377 859 602 1015; x_wconf 50' lang='lat' dir='ltr'><strong>Attprexgunam</strong></span> <span class='ocrx_word' id='word_1_55' title='bbox 620 879 681 920; x_wconf 88' lang='lat' dir='ltr'><strong>non</strong></span> <span class='ocrx_word' id='word_1_56' title='bbox 698 871 757 921; x_wconf 86' lang='lat' dir='ltr'><strong>tarn</strong></span> <span class='ocrx_word' id='word_1_57' title='bbox 775 857 852 922; x_wconf 85' lang='lat' dir='ltr'><strong>clare</strong></span> <span class='ocrx_word' id='word_1_58' title='bbox 870 829 954 922; x_wconf 79' lang='lat' dir='ltr'><strong>dubis</strong></span> <span class='ocrx_word' id='word_1_59' title='bbox 974 874 1119 923; x_wconf 84' lang='lat' dir='ltr'><strong>constaret</strong></span> <span class='ocrx_word' id='word_1_60' title='bbox 1136 861 1221 924; x_wconf 79' lang='lat' dir='ltr'><strong>buius</strong></span> 
     </span>
     <span class='ocr_line' id='line_1_9' title="bbox 522 957 537 996; baseline 0 0"><span class='ocrx_word' id='word_1_61' title='bbox 522 957 537 996; x_wconf 90' lang='lat' dir='ltr'><strong>e</strong></span> 
     </span>
    </p>
   </div>
   <div class='ocr_carea' id='block_1_4' title="bbox 31 933 1249 1173">
    <p class='ocr_par' dir='ltr' id='par_1_4' title="bbox 31 933 1249 1173">
     <span class='ocr_line' id='line_1_10' title="bbox 85 933 1249 1019; baseline 0.003 -23"><span class='ocrx_word' id='word_1_62' title='bbox 85 935 208 1015; x_wconf 71' lang='lat' dir='ltr'><strong>yatpcinii</strong></span> <span class='ocrx_word' id='word_1_63' title='bbox 235 935 371 1012; x_wconf 82' lang='lat' dir='ltr'><strong>effeetus,</strong></span> <span class='ocrx_word' id='word_1_64' title='bbox 395 956 426 998; x_wconf 80' lang='lat' dir='ltr'><strong>aa</strong></span> <span class='ocrx_word' id='word_1_65' title='bbox 465 957 480 997; x_wconf 88' lang='lat' dir='ltr'><strong>e</strong></span> <span class='ocrx_word' id='word_1_66' title='bbox 538 933 638 1012; x_wconf 63' lang='lat' dir='ltr'><strong>dentis</strong></span> <span class='ocrx_word' id='word_1_67' title='bbox 657 935 758 1012; x_wconf 86' lang='lat' dir='ltr'><strong>docet,</strong></span> <span class='ocrx_word' id='word_1_68' title='bbox 777 935 845 997; x_wconf 86' lang='lat' dir='ltr'><strong>licet</strong></span> <span class='ocrx_word' id='word_1_69' title='bbox 862 935 974 1019; x_wconf 85' lang='lat' dir='ltr'><strong>ingenti</strong></span> <span class='ocrx_word' id='word_1_70' title='bbox 992 937 1130 998; x_wconf 86' lang='lat' dir='ltr'><strong>malorum</strong></span> <span class='ocrx_word' id='word_1_71' title='bbox 1148 960 1249 1010; x_wconf 85' lang='lat' dir='ltr'><strong>con-.</strong></span> 
     </span>
     <span class='ocr_line' id='line_1_11' title="bbox 31 1008 1223 1107; baseline 0 -33"><span class='ocrx_word' id='word_1_72' title='bbox 31 1045 33 1074; x_wconf 75' lang='lat' dir='ltr'><strong>l</strong></span> <span class='ocrx_word' id='word_1_73' title='bbox 84 1012 162 1102; x_wconf 74' lang='lat' dir='ltr'><strong>geria</strong></span> <span class='ocrx_word' id='word_1_74' title='bbox 186 1012 327 1074; x_wconf 81' lang='lat' dir='ltr'><strong>obruatur</strong></span> <span class='ocrx_word' id='word_1_75' title='bbox 351 1023 382 1074; x_wconf 90' lang='lat' dir='ltr'><strong>et</strong></span> <span class='ocrx_word' id='word_1_76' title='bbox 408 1012 719 1104; x_wconf 31' lang='lat' dir='ltr'><strong>ppaguptuadmuadus,</strong></span> <span class='ocrx_word' id='word_1_77' title='bbox 750 1011 798 1072; x_wconf 80' lang='lat' dir='ltr'><strong>rix</strong></span> <span class='ocrx_word' id='word_1_78' title='bbox 830 1011 861 1071; x_wconf 91' lang='lat' dir='ltr'><strong>in</strong></span> <span class='ocrx_word' id='word_1_79' title='bbox 886 1013 992 1107; x_wconf 47' lang='lat' dir='ltr'><strong>paucis·</strong></span> <span class='ocrx_word' id='word_1_80' title='bbox 1006 1008 1134 1104; x_wconf 75' lang='lat' dir='ltr'><strong>exiguam</strong></span> <span class='ocrx_word' id='word_1_81' title='bbox 1151 1014 1223 1106; x_wconf 37' lang='lat' dir='ltr'><strong>&#39;fidei</strong></span> 
     </span>
     <span class='ocr_line' id='line_1_12' title="bbox 31 1085 1222 1173; baseline 0.002 -25"><span class='ocrx_word' id='word_1_82' title='bbox 31 1091 32 1166; x_wconf 74' lang='lat' dir='ltr'><strong>l</strong></span> <span class='ocrx_word' id='word_1_83' title='bbox 84 1087 228 1150; x_wconf 83' lang='lat' dir='ltr'><strong>scrnullara</strong></span> <span class='ocrx_word' id='word_1_84' title='bbox 246 1109 336 1173; x_wconf 87' lang='lat' dir='ltr'><strong>posse</strong></span> <span class='ocrx_word' id='word_1_85' title='bbox 355 1105 489 1171; x_wconf 55' lang='lat' dir='ltr'><strong>exprime*</strong></span> <span class='ocrx_word' id='word_1_86' title='bbox 521 1085 581 1150; x_wconf 77' lang='lat' dir='ltr'><strong>alu</strong></span> <span class='ocrx_word' id='word_1_87' title='bbox 591 1089 669 1168; x_wconf 79' lang='lat' dir='ltr'><strong>fidei</strong></span> <span class='ocrx_word' id='word_1_88' title='bbox 688 1107 795 1147; x_wconf 85' lang='lat' dir='ltr'><strong>nomeu</strong></span> <span class='ocrx_word' id='word_1_89' title='bbox 813 1106 869 1170; x_wconf 84' lang='lat' dir='ltr'><strong>pro</strong></span> <span class='ocrx_word' id='word_1_90' title='bbox 887 1097 1053 1172; x_wconf 71' lang='lat' dir='ltr'><strong>mtegntate</strong></span> <span class='ocrx_word' id='word_1_91' title='bbox 1070 1101 1222 1172; x_wconf 73' lang='lat' dir='ltr'><strong>accipiunt,</strong></span> 
     </span>
    </p>
   </div>
   <div class='ocr_carea' id='block_1_5' title="bbox 31 1163 867 1270">
    <p class='ocr_par' dir='ltr' id='par_1_5' title="bbox 31 1163 867 1270">
     <span class='ocr_line' id='line_1_13' title="bbox 31 1163 867 1270; baseline -0.002 -44"><span class='ocrx_word' id='word_1_92' title='bbox 31 1209 33 1270; x_wconf 41' lang='grc' dir='ltr'>ᾗ</span> <span class='ocrx_word' id='word_1_93' title='bbox 83 1165 131 1227; x_wconf 87' lang='lat' dir='ltr'><strong>red</strong></span> <span class='ocrx_word' id='word_1_94' title='bbox 147 1164 229 1249; x_wconf 87' lang='lat' dir='ltr'><strong>prior</strong></span> <span class='ocrx_word' id='word_1_95' title='bbox 247 1185 353 1230; x_wconf 75' lang='lat' dir='ltr'><strong>senuas</strong></span> <span class='ocrx_word' id='word_1_96' title='bbox 371 1163 611 1245; x_wconf 52' lang='lat' dir='ltr'><strong>numquam</strong></span> <span class='ocrx_word' id='word_1_97' title='bbox 628 1173 785 1228; x_wconf 76' lang='lat' dir='ltr'><strong>contextur-</strong></span> <span class='ocrx_word' id='word_1_98' title='bbox 864 1241 867 1248; x_wconf 25' lang='grc' dir='ltr'><strong><em>Ι</em></strong></span> 
     </span>
    </p>
   </div>
   <div class='ocr_carea' id='block_1_6' title="bbox 31 1337 1243 2666">
    <p class='ocr_par' dir='ltr' id='par_1_6' title="bbox 31 1337 1243 2566">
     <span class='ocr_line' id='line_1_14' title="bbox 166 1337 1224 1444; baseline -0.004 -24"><span class='ocrx_word' id='word_1_99' title='bbox 166 1351 290 1436; x_wconf 79' lang='lat'>(126.)</span> <span class='ocrx_word' id='word_1_100' title='bbox 335 1347 440 1419; x_wconf 78' lang='lat' dir='ltr'><strong>LUC.</strong></span> <span class='ocrx_word' id='word_1_101' title='bbox 461 1349 578 1418; x_wconf 85' lang='lat' dir='ltr'>XVIII.</span> <span class='ocrx_word' id='word_1_102' title='bbox 621 1351 653 1418; x_wconf 81' lang='grc'><strong>9.</strong></span> <span class='ocrx_word' id='word_1_103' title='bbox 684 1349 775 1418; x_wconf 84' lang='lat' dir='ltr'><strong>Dixit</strong></span> <span class='ocrx_word' id='word_1_104' title='bbox 801 1358 904 1426; x_wconf 83' lang='lat' dir='ltr'><strong>aulem</strong></span> <span class='ocrx_word' id='word_1_105' title='bbox 930 1337 1030 1420; x_wconf 62' lang='lat' dir='ltr'><strong>ct&#39;ad</strong></span> <span class='ocrx_word' id='word_1_106' title='bbox 1056 1347 1224 1444; x_wconf 77' lang='lat' dir='ltr'><strong>quosdam,</strong></span> 
     </span>
     <span class='ocr_line' id='line_1_15' title="bbox 31 1443 1225 1542; baseline 0.003 -24"><span class='ocrx_word' id='word_1_107' title='bbox 31 1443 37 1511; x_wconf 69' lang='grc'><strong>’.</strong></span> <span class='ocrx_word' id='word_1_108' title='bbox 86 1454 139 1542; x_wconf 87' lang='lat' dir='ltr'><strong>qui</strong></span> <span class='ocrx_word' id='word_1_109' title='bbox 166 1455 203 1521; x_wconf 92' lang='lat' dir='ltr'><strong>in</strong></span> <span class='ocrx_word' id='word_1_110' title='bbox 227 1477 272 1522; x_wconf 76' lang='lat' dir='ltr'><strong>¹se</strong></span> <span class='ocrx_word' id='word_1_111' title='bbox 303 1449 528 1531; x_wconf 80' lang='lat' dir='ltr'><strong>confidebant,</strong></span> <span class='ocrx_word' id='word_1_112' title='bbox 558 1450 649 1542; x_wconf 90' lang='lat' dir='ltr'><strong>quod</strong></span> <span class='ocrx_word' id='word_1_113' title='bbox 677 1461 783 1518; x_wconf 83' lang='lat' dir='ltr'><strong>essent</strong></span> <span class='ocrx_word' id='word_1_114' title='bbox 810 1455 885 1520; x_wconf 87' lang='lat' dir='ltr'><strong>iusti</strong></span> <span class='ocrx_word' id='word_1_115' title='bbox 913 1462 944 1521; x_wconf 86' lang='lat' dir='ltr'><strong>et</strong></span> <span class='ocrx_word' id='word_1_116' title='bbox 970 1451 1225 1542; x_wconf 76' lang='lat' dir='ltr'><strong>aspernabantur</strong></span> 
     </span>
     <span class='ocr_line' id='line_1_16' title="bbox 86 1553 1222 1646; baseline 0.006 -26"><span class='ocrx_word' id='word_1_117' title='bbox 86 1567 237 1640; x_wconf 87' lang='lat' dir='ltr'><strong>caeteros,</strong></span> <span class='ocrx_word' id='word_1_118' title='bbox 260 1553 452 1646; x_wconf 86' lang='lat' dir='ltr'><strong>parabolam</strong></span> <span class='ocrx_word' id='word_1_119' title='bbox 472 1558 577 1622; x_wconf 81' lang='lat' dir='ltr'><strong>istam:</strong></span> <span class='ocrx_word' id='word_1_120' title='bbox 620 1555 672 1623; x_wconf 88' lang='lat'><strong>10.</strong></span> <span class='ocrx_word' id='word_1_121' title='bbox 694 1557 772 1622; x_wconf 87' lang='lat' dir='ltr'><strong>Duo</strong></span> <span class='ocrx_word' id='word_1_122' title='bbox 788 1555 934 1624; x_wconf 87' lang='lat' dir='ltr'><strong>homines</strong></span> <span class='ocrx_word' id='word_1_123' title='bbox 950 1557 1166 1624; x_wconf 79' lang='lat' dir='ltr'><strong>ascendebant</strong></span> <span class='ocrx_word' id='word_1_124' title='bbox 1186 1559 1222 1627; x_wconf 85' lang='lat' dir='ltr'><strong>in</strong></span> 
     </span>
     <span class='ocr_line' id='line_1_17' title="bbox 31 1607 1224 1749; baseline 0.002 -26"><span class='ocrx_word' id='word_1_125' title='bbox 31 1607 33 1744; x_wconf 76' lang='lat' dir='ltr'><strong>l</strong></span> <span class='ocrx_word' id='word_1_126' title='bbox 83 1659 252 1749; x_wconf 84' lang='lat' dir='ltr'><strong>templum,</strong></span> <span class='ocrx_word' id='word_1_127' title='bbox 288 1668 325 1724; x_wconf 91' lang='lat' dir='ltr'><strong>ut</strong></span> <span class='ocrx_word' id='word_1_128' title='bbox 349 1667 568 1744; x_wconf 74' lang='lat' dir='ltr'><strong>precarentur:</strong></span> <span class='ocrx_word' id='word_1_129' title='bbox 601 1679 684 1724; x_wconf 89' lang='lat' dir='ltr'><strong>uuus</strong></span> <span class='ocrx_word' id='word_1_130' title='bbox 705 1657 896 1728; x_wconf 81' lang='lat' dir='ltr'><strong>Pharisaeus</strong></span> <span class='ocrx_word' id='word_1_131' title='bbox 919 1669 950 1726; x_wconf 89' lang='lat' dir='ltr'><strong>et</strong></span> <span class='ocrx_word' id='word_1_132' title='bbox 972 1659 1053 1728; x_wconf 83' lang='lat' dir='ltr'><strong>alter</strong></span> <span class='ocrx_word' id='word_1_133' title='bbox 1074 1659 1224 1728; x_wconf 58' lang='lat' dir='ltr'><strong>Publica*</strong></span> 
     </span>
     <span class='ocr_line' id='line_1_18' title="bbox 86 1759 1223 1852; baseline 0.004 -26"><span class='ocrx_word' id='word_1_134' title='bbox 86 1781 154 1831; x_wconf 84' lang='lat' dir='ltr'><strong>uus.</strong></span> <span class='ocrx_word' id='word_1_135' title='bbox 184 1763 256 1852; x_wconf 87' lang='grc'><strong>11.</strong></span> <span class='ocrx_word' id='word_1_136' title='bbox 291 1759 482 1828; x_wconf 78' lang='lat' dir='ltr'><strong>Pharisaeus</strong></span> <span class='ocrx_word' id='word_1_137' title='bbox 504 1773 592 1828; x_wconf 80' lang='lat' dir='ltr'><strong>stans</strong></span> <span class='ocrx_word' id='word_1_138' title='bbox 617 1760 696 1832; x_wconf 74' lang='lat' dir='ltr'><strong>baar</strong></span> <span class='ocrx_word' id='word_1_139' title='bbox 717 1759 803 1850; x_wconf 90' lang='lat' dir='ltr'><strong>apud</strong></span> <span class='ocrx_word' id='word_1_140' title='bbox 824 1784 861 1829; x_wconf 89' lang='lat' dir='ltr'><strong>se</strong></span> <span class='ocrx_word' id='word_1_141' title='bbox 883 1759 1011 1843; x_wconf 86' lang='lat' dir='ltr'><strong>orabat,</strong></span> <span class='ocrx_word' id='word_1_142' title='bbox 1035 1764 1128 1831; x_wconf 87' lang='lat' dir='ltr'><strong>Deua</strong></span> <span class='ocrx_word' id='word_1_143' title='bbox 1150 1785 1223 1850; x_wconf 75' lang='lat' dir='ltr'><strong>gra-</strong></span> 
     </span>
     <span class='ocr_line' id='line_1_19' title="bbox 87 1863 1223 1954; baseline 0.003 -25.812"><span class='ocrx_word' id='word_1_144' title='bbox 87 1865 144 1929; x_wconf 88' lang='lat' dir='ltr'><strong>tias</strong></span> <span class='ocrx_word' id='word_1_145' title='bbox 166 1887 229 1953; x_wconf 84' lang='lat' dir='ltr'><strong>ago</strong></span> <span class='ocrx_word' id='word_1_146' title='bbox 251 1863 328 1945; x_wconf 86' lang='lat' dir='ltr'><strong>tibi,</strong></span> <span class='ocrx_word' id='word_1_147' title='bbox 351 1863 440 1954; x_wconf 92' lang='lat' dir='ltr'><strong>quod</strong></span> <span class='ocrx_word' id='word_1_148' title='bbox 461 1885 530 1932; x_wconf 90' lang='lat' dir='ltr'><strong>non</strong></span> <span class='ocrx_word' id='word_1_149' title='bbox 552 1866 611 1931; x_wconf 88' lang='lat' dir='ltr'><strong>sim</strong></span> <span class='ocrx_word' id='word_1_150' title='bbox 632 1867 715 1932; x_wconf 82' lang='lat' dir='ltr'><strong>sicut</strong></span> <span class='ocrx_word' id='word_1_151' title='bbox 736 1867 852 1931; x_wconf 87' lang='lat' dir='ltr'><strong>caeteri</strong></span> <span class='ocrx_word' id='word_1_152' title='bbox 874 1865 1036 1945; x_wconf 88' lang='lat' dir='ltr'><strong>bomines,</strong></span> <span class='ocrx_word' id='word_1_153' title='bbox 1063 1877 1223 1954; x_wconf 85' lang='lat' dir='ltr'><strong>raptores,</strong></span> 
     </span>
     <span class='ocr_line' id='line_1_20' title="bbox 31 1947 1222 2065; baseline 0.003 -33"><span class='ocrx_word' id='word_1_154' title='bbox 31 1947 33 1960; x_wconf 55' lang='grc'><em>’</em></span> <span class='ocrx_word' id='word_1_155' title='bbox 87 1967 201 2048; x_wconf 87' lang='lat' dir='ltr'><strong>iniusti,</strong></span> <span class='ocrx_word' id='word_1_156' title='bbox 223 1965 376 2048; x_wconf 80' lang='lat' dir='ltr'><strong>adulteri,</strong></span> <span class='ocrx_word' id='word_1_157' title='bbox 401 1967 489 2034; x_wconf 87' lang='lat' dir='ltr'><strong>velut</strong></span> <span class='ocrx_word' id='word_1_158' title='bbox 509 1969 603 2034; x_wconf 84' lang='lat' dir='ltr'><strong>etiam</strong></span> <span class='ocrx_word' id='word_1_159' title='bbox 624 1967 677 2036; x_wconf 89' lang='lat' dir='ltr'><strong>bic</strong></span> <span class='ocrx_word' id='word_1_160' title='bbox 697 1965 898 2065; x_wconf 82' lang='lat' dir='ltr'><strong>publicanus.</strong></span> <span class='ocrx_word' id='word_1_161' title='bbox 949 1969 1001 2038; x_wconf 80' lang='lat'><strong>12.</strong></span> <span class='ocrx_word' id='word_1_162' title='bbox 1033 1969 1149 2037; x_wconf 85' lang='lat' dir='ltr'><strong>Ieiuno</strong></span> <span class='ocrx_word' id='word_1_163' title='bbox 1169 1967 1222 2036; x_wconf 92' lang='lat' dir='ltr'><strong>bis</strong></span> 
     </span>
     <span class='ocr_line' id='line_1_21' title="bbox 89 2067 1224 2161; baseline 0.004 -28"><span class='ocrx_word' id='word_1_164' title='bbox 89 2069 124 2134; x_wconf 88' lang='lat' dir='ltr'><strong>in</strong></span> <span class='ocrx_word' id='word_1_165' title='bbox 144 2067 291 2152; x_wconf 82' lang='lat' dir='ltr'><strong>sabbato,</strong></span> <span class='ocrx_word' id='word_1_166' title='bbox 313 2071 452 2136; x_wconf 79' lang='lat' dir='ltr'><strong>decimas</strong></span> <span class='ocrx_word' id='word_1_167' title='bbox 473 2069 518 2137; x_wconf 94' lang='lat' dir='ltr'><strong>do</strong></span> <span class='ocrx_word' id='word_1_168' title='bbox 541 2073 691 2146; x_wconf 88' lang='lat' dir='ltr'><strong>omnium,</strong></span> <span class='ocrx_word' id='word_1_169' title='bbox 713 2077 796 2158; x_wconf 85' lang='lat' dir='ltr'><strong>quae</strong></span> <span class='ocrx_word' id='word_1_170' title='bbox 815 2070 982 2159; x_wconf 85' lang='lat' dir='ltr'><strong>possideo.</strong></span> <span class='ocrx_word' id='word_1_171' title='bbox 1027 2070 1086 2138; x_wconf 81' lang='lat'><strong>13.</strong></span> <span class='ocrx_word' id='word_1_172' title='bbox 1112 2074 1154 2138; x_wconf 85' lang='lat' dir='ltr'><strong>Et</strong></span> <span class='ocrx_word' id='word_1_173' title='bbox 1164 2095 1224 2161; x_wconf 94' lang='lat' dir='ltr'><strong>pu-</strong></span> 
     </span>
     <span class='ocr_line' id='line_1_22' title="bbox 31 2166 1225 2262; baseline 0.005 -28"><span class='ocrx_word' id='word_1_174' title='bbox 31 2247 32 2258; x_wconf 17' lang='lat' dir='ltr'><strong>p</strong></span> <span class='ocrx_word' id='word_1_175' title='bbox 90 2166 237 2239; x_wconf 85' lang='lat' dir='ltr'><strong>blicanus</strong></span> <span class='ocrx_word' id='word_1_176' title='bbox 265 2173 381 2262; x_wconf 87' lang='lat' dir='ltr'><strong>procul</strong></span> <span class='ocrx_word' id='word_1_177' title='bbox 409 2185 511 2254; x_wconf 87' lang='lat' dir='ltr'><strong>stans,</strong></span> <span class='ocrx_word' id='word_1_178' title='bbox 542 2191 604 2240; x_wconf 86' lang='lat' dir='ltr'><strong>neo</strong></span> <span class='ocrx_word' id='word_1_179' title='bbox 625 2171 740 2240; x_wconf 85' lang='lat' dir='ltr'><strong>oeulos</strong></span> <span class='ocrx_word' id='word_1_180' title='bbox 761 2173 895 2240; x_wconf 86' lang='lat' dir='ltr'><strong>volebat</strong></span> <span class='ocrx_word' id='word_1_181' title='bbox 918 2173 959 2238; x_wconf 91' lang='lat' dir='ltr'><strong>ad</strong></span> <span class='ocrx_word' id='word_1_182' title='bbox 982 2173 1108 2240; x_wconf 85' lang='lat' dir='ltr'><strong>eoelum</strong></span> <span class='ocrx_word' id='word_1_183' title='bbox 1130 2175 1225 2240; x_wconf 91' lang='lat' dir='ltr'><strong>attol-</strong></span> 
     </span>
     <span class='ocr_line' id='line_1_23' title="bbox 31 2269 1224 2364; baseline 0.003 -25"><span class='ocrx_word' id='word_1_184' title='bbox 31 2279 33 2352; x_wconf 81' lang='lat' dir='ltr'><strong>l</strong></span> <span class='ocrx_word' id='word_1_185' title='bbox 90 2269 165 2356; x_wconf 84' lang='lat' dir='ltr'><strong>lere,</strong></span> <span class='ocrx_word' id='word_1_186' title='bbox 188 2275 248 2342; x_wconf 88' lang='lat' dir='ltr'><strong>aed</strong></span> <span class='ocrx_word' id='word_1_187' title='bbox 266 2275 467 2364; x_wconf 82' lang='lat' dir='ltr'><strong>percutiebat</strong></span> <span class='ocrx_word' id='word_1_188' title='bbox 485 2269 596 2364; x_wconf 82' lang='lat' dir='ltr'><strong>pectus</strong></span> <span class='ocrx_word' id='word_1_189' title='bbox 618 2296 726 2355; x_wconf 87' lang='lat' dir='ltr'><strong>suum,</strong></span> <span class='ocrx_word' id='word_1_190' title='bbox 748 2273 868 2350; x_wconf 89' lang='lat' dir='ltr'><strong>dicens,</strong></span> <span class='ocrx_word' id='word_1_191' title='bbox 891 2275 1042 2349; x_wconf 86' lang='lat' dir='ltr'><strong>Domine,</strong></span> <span class='ocrx_word' id='word_1_192' title='bbox 1055 2277 1224 2362; x_wconf 24' lang='lat' dir='ltr'><strong>‘propitius</strong></span> 
     </span>
     <span class='ocr_line' id='line_1_24' title="bbox 31 2373 1226 2470; baseline 0.001 -29"><span class='ocrx_word' id='word_1_193' title='bbox 31 2403 33 2470; x_wconf 68' lang='lat' dir='ltr'><strong>l</strong></span> <span class='ocrx_word' id='word_1_194' title='bbox 91 2387 162 2444; x_wconf 86' lang='lat' dir='ltr'><strong>esto</strong></span> <span class='ocrx_word' id='word_1_195' title='bbox 183 2378 263 2442; x_wconf 89' lang='lat' dir='ltr'><strong>mihi</strong></span> <span class='ocrx_word' id='word_1_196' title='bbox 284 2379 457 2466; x_wconf 84' lang='lat' dir='ltr'><strong>peccatori.</strong></span> <span class='ocrx_word' id='word_1_197' title='bbox 501 2377 553 2440; x_wconf 80' lang='lat' dir='ltr'><strong>ll.</strong></span> <span class='ocrx_word' id='word_1_198' title='bbox 580 2377 666 2442; x_wconf 87' lang='lat' dir='ltr'><strong>Ilioo</strong></span> <span class='ocrx_word' id='word_1_199' title='bbox 689 2374 792 2453; x_wconf 84' lang='lat' dir='ltr'><strong>vobis,</strong></span> <span class='ocrx_word' id='word_1_200' title='bbox 814 2373 980 2442; x_wconf 83' lang='lat' dir='ltr'><strong>descendit</strong></span> <span class='ocrx_word' id='word_1_201' title='bbox 999 2375 1052 2450; x_wconf 81' lang='lat' dir='ltr'><strong>bio</strong></span> <span class='ocrx_word' id='word_1_202' title='bbox 1072 2375 1226 2442; x_wconf 84' lang='lat' dir='ltr'><strong>iustifica-</strong></span> 
     </span>
     <span class='ocr_line' id='line_1_25' title="bbox 90 2475 1243 2566; baseline 0.002 -22"><span class='ocrx_word' id='word_1_203' title='bbox 90 2489 142 2545; x_wconf 86' lang='lat' dir='ltr'><strong>lus</strong></span> <span class='ocrx_word' id='word_1_204' title='bbox 165 2481 202 2544; x_wconf 89' lang='lat' dir='ltr'><strong>iu</strong></span> <span class='ocrx_word' id='word_1_205' title='bbox 226 2479 359 2544; x_wconf 89' lang='lat' dir='ltr'><strong>domum</strong></span> <span class='ocrx_word' id='word_1_206' title='bbox 382 2499 473 2544; x_wconf 90' lang='lat' dir='ltr'><strong>suam</strong></span> <span class='ocrx_word' id='word_1_207' title='bbox 493 2478 595 2562; x_wconf 79' lang='lat' dir='ltr'><strong>magis</strong></span> <span class='ocrx_word' id='word_1_208' title='bbox 617 2497 714 2564; x_wconf 89' lang='lat' dir='ltr'><strong>quam</strong></span> <span class='ocrx_word' id='word_1_209' title='bbox 735 2475 805 2540; x_wconf 75' lang='lat' dir='ltr'><strong>illes</strong></span> <span class='ocrx_word' id='word_1_210' title='bbox 828 2477 903 2562; x_wconf 91' lang='lat' dir='ltr'><strong>quia</strong></span> <span class='ocrx_word' id='word_1_211' title='bbox 926 2477 1040 2557; x_wconf 88' lang='lat' dir='ltr'><strong>omnis,</strong></span> <span class='ocrx_word' id='word_1_212' title='bbox 1060 2478 1243 2566; x_wconf 64' lang='lat' dir='ltr'><strong>quiseexa&#39;</strong></span> 
     </span>
    </p>

    <p class='ocr_par' dir='ltr' id='par_1_7' title="bbox 32 2575 1115 2666">
     <span class='ocr_line' id='line_1_26' title="bbox 32 2575 1115 2666; baseline -0.002 -20"><span class='ocrx_word' id='word_1_213' title='bbox 32 2613 33 2620; x_wconf 43' lang='lat'>1</span> <span class='ocrx_word' id='word_1_214' title='bbox 89 2579 189 2658; x_wconf 90' lang='lat' dir='ltr'><strong>tollit,</strong></span> <span class='ocrx_word' id='word_1_215' title='bbox 210 2579 438 2660; x_wconf 88' lang='lat' dir='ltr'><strong>humiliabitur,</strong></span> <span class='ocrx_word' id='word_1_216' title='bbox 459 2585 491 2644; x_wconf 89' lang='lat' dir='ltr'><strong>et</strong></span> <span class='ocrx_word' id='word_1_217' title='bbox 512 2579 568 2666; x_wconf 88' lang='lat' dir='ltr'><strong>qui</strong></span> <span class='ocrx_word' id='word_1_218' title='bbox 589 2600 624 2644; x_wconf 89' lang='lat' dir='ltr'><strong>se</strong></span> <span class='ocrx_word' id='word_1_219' title='bbox 644 2577 796 2660; x_wconf 80' lang='lat' dir='ltr'><strong>humiliat,</strong></span> <span class='ocrx_word' id='word_1_220' title='bbox 819 2575 997 2645; x_wconf 85' lang='lat' dir='ltr'><strong>extolletur.</strong></span> <span class='ocrx_word' id='word_1_221' title='bbox 1108 2581 1115 2592; x_wconf 86' lang='lat'><em>&#39;</em></span> 
     </span>
    </p>
   </div>
   <div class='ocr_carea' id='block_1_7' title="bbox 32 2695 1363 4463">
    <p class='ocr_par' dir='ltr' id='par_1_8' title="bbox 90 2695 1224 2935">
     <span class='ocr_line' id='line_1_27' title="bbox 167 2695 1223 2794; baseline 0.007 -36"><span class='ocrx_word' id='word_1_222' title='bbox 167 2697 256 2758; x_wconf 89' lang='lat' dir='ltr'><strong>Nunc</strong></span> <span class='ocrx_word' id='word_1_223' title='bbox 275 2696 311 2759; x_wconf 91' lang='lat' dir='ltr'><strong>de</strong></span> <span class='ocrx_word' id='word_1_224' title='bbox 328 2695 380 2758; x_wconf 87' lang='lat' dir='ltr'><strong>alia</strong></span> <span class='ocrx_word' id='word_1_225' title='bbox 398 2697 503 2759; x_wconf 83' lang='lat' dir='ltr'><strong>virtute</strong></span> <span class='ocrx_word' id='word_1_226' title='bbox 520 2698 657 2780; x_wconf 88' lang='lat' dir='ltr'><strong>praecipit</strong></span> <span class='ocrx_word' id='word_1_227' title='bbox 677 2696 815 2774; x_wconf 73' lang='lat' dir='ltr'><strong>Christum,</strong></span> <span class='ocrx_word' id='word_1_228' title='bbox 835 2716 907 2778; x_wconf 87' lang='lat' dir='ltr'><strong>qnae</strong></span> <span class='ocrx_word' id='word_1_229' title='bbox 926 2697 961 2758; x_wconf 91' lang='lat' dir='ltr'><strong>ad</strong></span> <span class='ocrx_word' id='word_1_230' title='bbox 978 2696 1034 2760; x_wconf 88' lang='lat' dir='ltr'><strong>rite</strong></span> <span class='ocrx_word' id='word_1_231' title='bbox 1047 2700 1223 2794; x_wconf 89' lang='lat' dir='ltr'><strong>precandum</strong></span> 
     </span>
     <span class='ocr_line' id='line_1_28' title="bbox 90 2773 1224 2859; baseline 0.001 -19"><span class='ocrx_word' id='word_1_232' title='bbox 90 2773 251 2841; x_wconf 82' lang='lat' dir='ltr'><strong>necessaria</strong></span> <span class='ocrx_word' id='word_1_233' title='bbox 275 2784 331 2849; x_wconf 90' lang='lat' dir='ltr'><strong>est,</strong></span> <span class='ocrx_word' id='word_1_234' title='bbox 359 2785 392 2834; x_wconf 87' lang='lat' dir='ltr'><strong>ut</strong></span> <span class='ocrx_word' id='word_1_235' title='bbox 413 2773 507 2838; x_wconf 84' lang='lat' dir='ltr'><strong>fideles</strong></span> <span class='ocrx_word' id='word_1_236' title='bbox 530 2775 560 2836; x_wconf 84' lang='lat' dir='ltr'><strong>in</strong></span> <span class='ocrx_word' id='word_1_237' title='bbox 584 2775 640 2838; x_wconf 90' lang='lat' dir='ltr'><strong>Dei</strong></span> <span class='ocrx_word' id='word_1_238' title='bbox 664 2779 848 2856; x_wconf 84' lang='lat' dir='ltr'><strong>conspectum</strong></span> <span class='ocrx_word' id='word_1_239' title='bbox 871 2793 932 2835; x_wconf 93' lang='lat' dir='ltr'><strong>non</strong></span> <span class='ocrx_word' id='word_1_240' title='bbox 955 2775 1010 2836; x_wconf 90' lang='lat' dir='ltr'><strong>nisi</strong></span> <span class='ocrx_word' id='word_1_241' title='bbox 1033 2778 1170 2859; x_wconf 76' lang='lat' dir='ltr'><strong>simplices</strong></span> <span class='ocrx_word' id='word_1_242' title='bbox 1189 2799 1224 2840; x_wconf 86' lang='lat' dir='ltr'><strong>ac</strong></span> 
     </span>
     <span class='ocr_line' id='line_1_29' title="bbox 92 2849 1223 2935; baseline 0 -21"><span class='ocrx_word' id='word_1_243' title='bbox 92 2850 196 2914; x_wconf 88' lang='lat' dir='ltr'><strong>deiecti</strong></span> <span class='ocrx_word' id='word_1_244' title='bbox 220 2849 343 2914; x_wconf 82' lang='lat' dir='ltr'><strong>veniam.</strong></span> <span class='ocrx_word' id='word_1_245' title='bbox 381 2849 481 2912; x_wconf 88' lang='lat' dir='ltr'><strong>Nullus</strong></span> <span class='ocrx_word' id='word_1_246' title='bbox 504 2851 592 2935; x_wconf 89' lang='lat' dir='ltr'><strong>magis</strong></span> <span class='ocrx_word' id='word_1_247' title='bbox 617 2851 733 2916; x_wconf 81' lang='lat' dir='ltr'><strong>exitialis</strong></span> <span class='ocrx_word' id='word_1_248' title='bbox 752 2851 869 2914; x_wconf 87' lang='lat' dir='ltr'><strong>morbus</strong></span> <span class='ocrx_word' id='word_1_249' title='bbox 889 2863 933 2912; x_wconf 76' lang='lat' dir='ltr'><strong>cst</strong></span> <span class='ocrx_word' id='word_1_250' title='bbox 951 2873 1033 2934; x_wconf 87' lang='lat' dir='ltr'><strong>quarn</strong></span> <span class='ocrx_word' id='word_1_251' title='bbox 1051 2875 1116 2916; x_wconf 89' lang='lat' dir='ltr'><strong>arro</strong></span> <span class='ocrx_word' id='word_1_252' title='bbox 1137 2856 1223 2931; x_wconf 82' lang='lat' dir='ltr'><strong>antia,</strong></span> 
     </span>
    </p>

    <p class='ocr_par' dir='ltr' id='par_1_9' title="bbox 32 2875 1224 3011">
     <span class='ocr_line' id='line_1_30' title="bbox 32 2875 1224 3011; baseline 0.001 -23"><span class='ocrx_word' id='word_1_253' title='bbox 32 2967 34 2978; x_wconf 69' lang='lat'><em>,</em></span> <span class='ocrx_word' id='word_1_254' title='bbox 93 2929 140 3008; x_wconf 88' lang='lat' dir='ltr'><strong>qui</strong></span> <span class='ocrx_word' id='word_1_255' title='bbox 163 2939 260 2988; x_wconf 88' lang='lat' dir='ltr'><strong>tamen</strong></span> <span class='ocrx_word' id='word_1_256' title='bbox 276 2925 410 2988; x_wconf 49' lang='lat' dir='ltr'><strong>&#39;omniurn</strong></span> <span class='ocrx_word' id='word_1_257' title='bbox 435 2929 561 2990; x_wconf 88' lang='lat' dir='ltr'><strong>medullis</strong></span> <span class='ocrx_word' id='word_1_258' title='bbox 580 2930 620 2992; x_wconf 85' lang='lat' dir='ltr'><strong>ita</strong></span> <span class='ocrx_word' id='word_1_259' title='bbox 638 2929 752 3011; x_wconf 84' lang='lat' dir='ltr'><strong>penitus</strong></span> <span class='ocrx_word' id='word_1_260' title='bbox 766 2921 870 2999; x_wconf 76' lang='lat' dir='ltr'><strong>¹iu&#39;fixus</strong></span> <span class='ocrx_word' id='word_1_261' title='bbox 891 2939 948 3004; x_wconf 88' lang='lat' dir='ltr'><strong>est,</strong></span> <span class='ocrx_word' id='word_1_262' title='bbox 976 2942 1009 2989; x_wconf 90' lang='lat' dir='ltr'><strong>ut</strong></span> <span class='ocrx_word' id='word_1_263' title='bbox 1027 2930 1074 2994; x_wconf 80' lang='lat' dir='ltr'><strong>rix</strong></span> <span class='ocrx_word' id='word_1_264' title='bbox 1092 2875 1155 2991; x_wconf 79' lang='lat' dir='ltr'><strong>ullis</strong></span> <span class='ocrx_word' id='word_1_265' title='bbox 1174 2951 1224 2990; x_wconf 87' lang='lat' dir='ltr'><strong>re-</strong></span> 
     </span>
    </p>

    <p class='ocr_par' dir='ltr' id='par_1_10' title="bbox 94 3003 1223 3092">
     <span class='ocr_line' id='line_1_31' title="bbox 94 3003 1223 3092; baseline 0 -28"><span class='ocrx_word' id='word_1_266' title='bbox 94 3003 190 3066; x_wconf 86' lang='lat' dir='ltr'><strong>mediis</strong></span> <span class='ocrx_word' id='word_1_267' title='bbox 210 3003 286 3092; x_wconf 85' lang='lat' dir='ltr'><strong>abigi</strong></span> <span class='ocrx_word' id='word_1_268' title='bbox 306 3015 335 3065; x_wconf 88' lang='lat' dir='ltr'><strong>et</strong></span> <span class='ocrx_word' id='word_1_269' title='bbox 355 3004 500 3085; x_wconf 79' lang='lat' dir='ltr'><strong>exstirpari</strong></span> <span class='ocrx_word' id='word_1_270' title='bbox 519 3018 613 3086; x_wconf 88' lang='lat' dir='ltr'><strong>queat.</strong></span> <span class='ocrx_word' id='word_1_271' title='bbox 651 3005 756 3066; x_wconf 77' lang='lat' dir='ltr'><strong>Mimm</strong></span> <span class='ocrx_word' id='word_1_272' title='bbox 775 3003 888 3085; x_wconf 88' lang='lat' dir='ltr'><strong>quidem</strong></span> <span class='ocrx_word' id='word_1_273' title='bbox 908 3015 951 3066; x_wconf 87' lang='lat' dir='ltr'><strong>ast</strong></span> <span class='ocrx_word' id='word_1_274' title='bbox 969 3005 1008 3065; x_wconf 85' lang='lat' dir='ltr'><strong>ita</strong></span> <span class='ocrx_word' id='word_1_275' title='bbox 1027 3005 1223 3086; x_wconf 84' lang='lat' dir='ltr'><strong>desipereho-</strong></span> 
     </span>
    </p>

    <p class='ocr_par' dir='ltr' id='par_1_11' title="bbox 34 3075 1224 3170">
     <span class='ocr_line' id='line_1_32' title="bbox 34 3075 1224 3170; baseline 0.003 -30"><span class='ocrx_word' id='word_1_276' title='bbox 34 3117 35 3120; x_wconf 60' lang='lat'><em>=</em></span> <span class='ocrx_word' id='word_1_277' title='bbox 92 3080 192 3170; x_wconf 76' lang='lat' dir='ltr'><strong>mines,</strong></span> <span class='ocrx_word' id='word_1_278' title='bbox 212 3093 244 3143; x_wconf 90' lang='lat' dir='ltr'><strong>ut</strong></span> <span class='ocrx_word' id='word_1_279' title='bbox 265 3075 395 3142; x_wconf 82' lang='lat' dir='ltr'><strong>adversus</strong></span> <span class='ocrx_word' id='word_1_280' title='bbox 409 3083 503 3141; x_wconf 87' lang='lat' dir='ltr'><strong>Deum</strong></span> <span class='ocrx_word' id='word_1_281' title='bbox 523 3083 621 3145; x_wconf 85' lang='lat' dir='ltr'><strong>cristas</strong></span> <span class='ocrx_word' id='word_1_282' title='bbox 641 3081 752 3170; x_wconf 84' lang='lat' dir='ltr'><strong>erigere</strong></span> <span class='ocrx_word' id='word_1_283' title='bbox 766 3082 900 3157; x_wconf 62' lang='lat' dir='ltr'><strong>‘audeant</strong></span> <span class='ocrx_word' id='word_1_284' title='bbox 919 3081 1118 3161; x_wconf 17' lang='lat' dir='ltr'><strong>suaque-apud</strong></span> <span class='ocrx_word' id='word_1_285' title='bbox 1131 3083 1224 3160; x_wconf 89' lang='lat' dir='ltr'><strong>ipsum</strong></span> 
     </span>
    </p>

    <p class='ocr_par' dir='ltr' id='par_1_12' title="bbox 95 3156 1223 3232">
     <span class='ocr_line' id='line_1_33' title="bbox 95 3156 1223 3232; baseline 0.004 -16"><span class='ocrx_word' id='word_1_286' title='bbox 95 3157 192 3218; x_wconf 88' lang='lat' dir='ltr'><strong>merita</strong></span> <span class='ocrx_word' id='word_1_287' title='bbox 211 3157 324 3220; x_wconf 85' lang='lat' dir='ltr'><strong>iactare.</strong></span> <span class='ocrx_word' id='word_1_288' title='bbox 349 3157 436 3217; x_wconf 86' lang='lat' dir='ltr'><strong>·Nam</strong></span> <span class='ocrx_word' id='word_1_289' title='bbox 454 3169 489 3217; x_wconf 86' lang='lat' dir='ltr'><strong>ut</strong></span> <span class='ocrx_word' id='word_1_290' title='bbox 506 3158 581 3220; x_wconf 85' lang='lat' dir='ltr'><strong>inter</strong></span> <span class='ocrx_word' id='word_1_291' title='bbox 599 3157 728 3222; x_wconf 84' lang='lat' dir='ltr'><strong>homines</strong></span> <span class='ocrx_word' id='word_1_292' title='bbox 747 3157 861 3219; x_wconf 87' lang='lat' dir='ltr'><strong>ambitio</strong></span> <span class='ocrx_word' id='word_1_293' title='bbox 881 3177 935 3218; x_wconf 90' lang='lat' dir='ltr'><strong>nos</strong></span> <span class='ocrx_word' id='word_1_294' title='bbox 955 3156 1086 3232; x_wconf 76' lang='lat' dir='ltr'><strong>fascinet,</strong></span> <span class='ocrx_word' id='word_1_295' title='bbox 1110 3158 1160 3219; x_wconf 86' lang='lat' dir='ltr'><strong>ubi</strong></span> <span class='ocrx_word' id='word_1_296' title='bbox 1178 3169 1223 3220; x_wconf 80' lang='lat' dir='ltr'><strong>ta-</strong></span> 
     </span>
    </p>

    <p class='ocr_par' dir='ltr' id='par_1_13' title="bbox 96 3231 1222 3314">
     <span class='ocr_line' id='line_1_34' title="bbox 96 3231 1222 3314; baseline 0.004 -22"><span class='ocrx_word' id='word_1_297' title='bbox 96 3251 160 3294; x_wconf 86' lang='lat' dir='ltr'><strong>men</strong></span> <span class='ocrx_word' id='word_1_298' title='bbox 183 3234 215 3294; x_wconf 86' lang='lat' dir='ltr'><strong>in</strong></span> <span class='ocrx_word' id='word_1_299' title='bbox 238 3231 296 3294; x_wconf 80' lang='lat' dir='ltr'><strong>oei</strong></span> <span class='ocrx_word' id='word_1_300' title='bbox 321 3245 507 3314; x_wconf 85' lang='lat' dir='ltr'><strong>conspectum</strong></span> <span class='ocrx_word' id='word_1_301' title='bbox 529 3234 656 3308; x_wconf 76' lang='lat' dir='ltr'><strong>venium,</strong></span> <span class='ocrx_word' id='word_1_302' title='bbox 685 3233 777 3294; x_wconf 88' lang='lat' dir='ltr'><strong>omnis</strong></span> <span class='ocrx_word' id='word_1_303' title='bbox 801 3233 989 3296; x_wconf 82' lang='lat' dir='ltr'><strong>confidentiae</strong></span> <span class='ocrx_word' id='word_1_304' title='bbox 1014 3231 1144 3302; x_wconf 83' lang='lat' dir='ltr'><strong>oblivisci</strong></span> <span class='ocrx_word' id='word_1_305' title='bbox 1167 3256 1222 3298; x_wconf 85' lang='lat' dir='ltr'><strong>nos</strong></span> 
     </span>
    </p>

    <p class='ocr_par' dir='ltr' id='par_1_14' title="bbox 98 3309 1224 3394">
     <span class='ocr_line' id='line_1_35' title="bbox 98 3309 1224 3394; baseline 0.004 -24"><span class='ocrx_word' id='word_1_306' title='bbox 98 3309 226 3374; x_wconf 78' lang='lat' dir='ltr'><strong>decebat:</strong></span> <span class='ocrx_word' id='word_1_307' title='bbox 245 3309 360 3370; x_wconf 87' lang='lat' dir='ltr'><strong>iuterim</strong></span> <span class='ocrx_word' id='word_1_308' title='bbox 378 3310 444 3370; x_wconf 83' lang='lat' dir='ltr'><strong>satis</strong></span> <span class='ocrx_word' id='word_1_309' title='bbox 463 3310 636 3372; x_wconf 86' lang='lat' dir='ltr'><strong>humiliatum</strong></span> <span class='ocrx_word' id='word_1_310' title='bbox 654 3331 685 3372; x_wconf 87' lang='lat' dir='ltr'><strong>se</strong></span> <span class='ocrx_word' id='word_1_311' title='bbox 702 3311 764 3392; x_wconf 66' lang='lat' dir='ltr'><strong>&#39;quis</strong></span> <span class='ocrx_word' id='word_1_312' title='bbox 786 3313 821 3370; x_wconf 79' lang='lat' dir='ltr'><strong>ue&#39;</strong></span> <span class='ocrx_word' id='word_1_313' title='bbox 839 3321 926 3390; x_wconf 83' lang='lat' dir='ltr'><strong>putat,</strong></span> <span class='ocrx_word' id='word_1_314' title='bbox 946 3309 970 3370; x_wconf 89' lang='lat' dir='ltr'><strong>si</strong></span> <span class='ocrx_word' id='word_1_315' title='bbox 988 3319 1171 3394; x_wconf 80' lang='lat' dir='ltr'><strong>tantumper</strong></span> <span class='ocrx_word' id='word_1_316' title='bbox 1184 3311 1224 3374; x_wconf 80' lang='lat' dir='ltr'><strong>ai-</strong></span> 
     </span>
    </p>

    <p class='ocr_par' dir='ltr' id='par_1_15' title="bbox 98 3385 1224 3468">
     <span class='ocr_line' id='line_1_36' title="bbox 98 3385 1224 3468; baseline 0.004 -23"><span class='ocrx_word' id='word_1_317' title='bbox 98 3386 278 3447; x_wconf 73' lang='lat' dir='ltr'><strong>malationem</strong></span> <span class='ocrx_word' id='word_1_318' title='bbox 296 3387 399 3447; x_wconf 82' lang='lat' dir='ltr'><strong>reniae</strong></span> <span class='ocrx_word' id='word_1_319' title='bbox 418 3387 453 3447; x_wconf 89' lang='lat' dir='ltr'><strong>de</strong></span> <span class='ocrx_word' id='word_1_320' title='bbox 473 3387 617 3448; x_wconf 89' lang='lat' dir='ltr'><strong>recatione</strong></span> <span class='ocrx_word' id='word_1_321' title='bbox 637 3398 742 3459; x_wconf 80' lang='lat' dir='ltr'><strong>utatur.</strong></span> <span class='ocrx_word' id='word_1_322' title='bbox 796 3387 858 3446; x_wconf 89' lang='lat' dir='ltr'><strong>linc</strong></span> <span class='ocrx_word' id='word_1_323' title='bbox 877 3385 1042 3468; x_wconf 82' lang='lat' dir='ltr'><strong>colligimus,</strong></span> <span class='ocrx_word' id='word_1_324' title='bbox 1062 3407 1144 3467; x_wconf 87' lang='lat' dir='ltr'><strong>quam</strong></span> <span class='ocrx_word' id='word_1_325' title='bbox 1162 3399 1224 3450; x_wconf 86' lang='lat' dir='ltr'><strong>nou</strong></span> 
     </span>
    </p>

    <p class='ocr_par' dir='ltr' id='par_1_16' title="bbox 100 3459 1224 3550">
     <span class='ocr_line' id='line_1_37' title="bbox 100 3459 1224 3550; baseline 0.008 -32"><span class='ocrx_word' id='word_1_326' title='bbox 100 3483 130 3519; x_wconf 87' lang='lat' dir='ltr'><strong>su</strong></span> <span class='ocrx_word' id='word_1_327' title='bbox 149 3461 326 3526; x_wconf 78' lang='lat' dir='ltr'><strong>ervacrta&#39;sit</strong></span> <span class='ocrx_word' id='word_1_328' title='bbox 348 3459 419 3524; x_wconf 89' lang='lat' dir='ltr'><strong>haec</strong></span> <span class='ocrx_word' id='word_1_329' title='bbox 467 3463 556 3525; x_wconf 87' lang='lat' dir='ltr'><strong>omini</strong></span> <span class='ocrx_word' id='word_1_330' title='bbox 580 3461 743 3524; x_wconf 86' lang='lat' dir='ltr'><strong>admonitio.</strong></span> <span class='ocrx_word' id='word_1_331' title='bbox 781 3463 875 3524; x_wconf 83' lang='lat' dir='ltr'><strong>Porro</strong></span> <span class='ocrx_word' id='word_1_332' title='bbox 895 3462 952 3523; x_wconf 88' lang='lat' dir='ltr'><strong>duo</strong></span> <span class='ocrx_word' id='word_1_333' title='bbox 971 3461 1039 3526; x_wconf 84' lang='lat' dir='ltr'><strong>vitia</strong></span> <span class='ocrx_word' id='word_1_334' title='bbox 1058 3465 1224 3550; x_wconf 82' lang='lat' dir='ltr'><strong>perstringit</strong></span> 
     </span>
    </p>

    <p class='ocr_par' dir='ltr' id='par_1_17' title="bbox 101 3535 1224 3624">
     <span class='ocr_line' id='line_1_38' title="bbox 101 3535 1224 3624; baseline 0.006 -28"><span class='ocrx_word' id='word_1_335' title='bbox 101 3535 125 3596; x_wconf 82' lang='lat' dir='ltr'>C</span> <span class='ocrx_word' id='word_1_336' title='bbox 157 3541 238 3614; x_wconf 81' lang='lat' dir='ltr'><strong>istus,</strong></span> <span class='ocrx_word' id='word_1_337' title='bbox 263 3559 334 3619; x_wconf 89' lang='lat' dir='ltr'><strong>qaae</strong></span> <span class='ocrx_word' id='word_1_338' title='bbox 352 3541 485 3600; x_wconf 76' lang='lat' dir='ltr'><strong>damnare</strong></span> <span class='ocrx_word' id='word_1_339' title='bbox 504 3539 557 3620; x_wconf 87' lang='lat' dir='ltr'><strong>ipsi</strong></span> <span class='ocrx_word' id='word_1_340' title='bbox 576 3539 692 3600; x_wconf 85' lang='lat' dir='ltr'><strong>Christo</strong></span> <span class='ocrx_word' id='word_1_341' title='bbox 711 3539 889 3624; x_wconf 87' lang='lat' dir='ltr'><strong>propositum</strong></span> <span class='ocrx_word' id='word_1_342' title='bbox 908 3539 976 3614; x_wconf 83' lang='lat' dir='ltr'><strong>luit,</strong></span> <span class='ocrx_word' id='word_1_343' title='bbox 999 3561 1113 3621; x_wconf 85' lang='lat' dir='ltr'><strong>pravam</strong></span> <span class='ocrx_word' id='word_1_344' title='bbox 1131 3542 1224 3610; x_wconf 85' lang='lat' dir='ltr'><strong>nostri</strong></span> 
     </span>
    </p>

    <p class='ocr_par' dir='ltr' id='par_1_18' title="bbox 100 3611 1224 3698">
     <span class='ocr_line' id='line_1_39' title="bbox 100 3611 1224 3698; baseline 0.01 -28"><span class='ocrx_word' id='word_1_345' title='bbox 100 3611 238 3691; x_wconf 81' lang='lat' dir='ltr'><strong>fiduciam,</strong></span> <span class='ocrx_word' id='word_1_346' title='bbox 268 3625 298 3675; x_wconf 90' lang='lat' dir='ltr'><strong>et</strong></span> <span class='ocrx_word' id='word_1_347' title='bbox 321 3615 480 3698; x_wconf 89' lang='lat' dir='ltr'><strong>superbiam</strong></span> <span class='ocrx_word' id='word_1_348' title='bbox 503 3615 534 3676; x_wconf 88' lang='lat' dir='ltr'><strong>in</strong></span> <span class='ocrx_word' id='word_1_349' title='bbox 556 3615 722 3696; x_wconf 86' lang='lat' dir='ltr'><strong>spernendis</strong></span> <span class='ocrx_word' id='word_1_350' title='bbox 742 3614 899 3690; x_wconf 82' lang='lat' dir='ltr'><strong>iratribus„</strong></span> <span class='ocrx_word' id='word_1_351' title='bbox 912 3635 1033 3696; x_wconf 87' lang='lat' dir='ltr'><strong>quorum</strong></span> <span class='ocrx_word' id='word_1_352' title='bbox 1051 3618 1170 3681; x_wconf 86' lang='lat' dir='ltr'><strong>alterum</strong></span> <span class='ocrx_word' id='word_1_353' title='bbox 1189 3637 1224 3680; x_wconf 82' lang='lat' dir='ltr'><strong>ox</strong></span> 
     </span>
    </p>

    <p class='ocr_par' dir='ltr' id='par_1_19' title="bbox 102 3688 1223 3774">
     <span class='ocr_line' id='line_1_40' title="bbox 102 3688 1223 3774; baseline 0.005 -28"><span class='ocrx_word' id='word_1_354' title='bbox 102 3688 186 3754; x_wconf 86' lang='lat' dir='ltr'><strong>altero</strong></span> <span class='ocrx_word' id='word_1_355' title='bbox 216 3690 351 3752; x_wconf 87' lang='lat' dir='ltr'><strong>nascitur.</strong></span> <span class='ocrx_word' id='word_1_356' title='bbox 399 3693 472 3770; x_wconf 87' lang='lat' dir='ltr'><strong>Nam</strong></span> <span class='ocrx_word' id='word_1_357' title='bbox 497 3691 618 3772; x_wconf 85' lang='lat' dir='ltr'><strong>quisquis</strong></span> <span class='ocrx_word' id='word_1_358' title='bbox 648 3713 678 3752; x_wconf 89' lang='lat' dir='ltr'><strong>se</strong></span> <span class='ocrx_word' id='word_1_359' title='bbox 702 3691 779 3750; x_wconf 87' lang='lat' dir='ltr'><strong>inani</strong></span> <span class='ocrx_word' id='word_1_360' title='bbox 806 3691 907 3751; x_wconf 86' lang='lat' dir='ltr'><strong>fiducia</strong></span> <span class='ocrx_word' id='word_1_361' title='bbox 931 3693 1048 3774; x_wconf 83' lang='lat' dir='ltr'><strong>decipit,</strong></span> <span class='ocrx_word' id='word_1_362' title='bbox 1076 3695 1138 3758; x_wconf 85' lang='lat' dir='ltr'><strong>fieri</strong></span> <span class='ocrx_word' id='word_1_363' title='bbox 1161 3713 1223 3753; x_wconf 90' lang='lat' dir='ltr'><strong>non</strong></span> 
     </span>
    </p>

    <p class='ocr_par' dir='ltr' id='par_1_20' title="bbox 102 3763 1285 3852">
     <span class='ocr_line' id='line_1_41' title="bbox 102 3763 1285 3852; baseline 0.002 -28"><span class='ocrx_word' id='word_1_364' title='bbox 102 3777 193 3846; x_wconf 86' lang='lat' dir='ltr'><strong>potest</strong></span> <span class='ocrx_word' id='word_1_365' title='bbox 217 3767 287 3852; x_wconf 81' lang='lat' dir='ltr'><strong>quin</strong></span> <span class='ocrx_word' id='word_1_366' title='bbox 309 3787 395 3849; x_wconf 87' lang='lat' dir='ltr'><strong>supra</strong></span> <span class='ocrx_word' id='word_1_367' title='bbox 419 3767 522 3829; x_wconf 84' lang='lat' dir='ltr'><strong>iratres</strong></span> <span class='ocrx_word' id='word_1_368' title='bbox 546 3789 578 3829; x_wconf 87' lang='lat' dir='ltr'><strong>se</strong></span> <span class='ocrx_word' id='word_1_369' title='bbox 602 3767 714 3833; x_wconf 75' lang='lat' dir='ltr'><strong>efferat:</strong></span> <span class='ocrx_word' id='word_1_370' title='bbox 743 3787 798 3828; x_wconf 84' lang='lat' dir='ltr'><strong>nec</strong></span> <span class='ocrx_word' id='word_1_371' title='bbox 817 3767 929 3828; x_wconf 90' lang='lat' dir='ltr'><strong>mirum.</strong></span> <span class='ocrx_word' id='word_1_372' title='bbox 970 3763 1126 3845; x_wconf 86' lang='lat' dir='ltr'><strong>Quomodo</strong></span> <span class='ocrx_word' id='word_1_373' title='bbox 1146 3768 1225 3829; x_wconf 89' lang='lat' dir='ltr'><strong>euim·</strong></span> <span class='ocrx_word' id='word_1_374' title='bbox 1280 3812 1285 3818; x_wconf 79' lang='lat'>.</span> 
     </span>
    </p>

    <p class='ocr_par' dir='ltr' id='par_1_21' title="bbox 103 3841 1338 4290">
     <span class='ocr_line' id='line_1_42' title="bbox 103 3841 1257 3938; baseline 0.01 -40"><span class='ocrx_word' id='word_1_375' title='bbox 103 3861 163 3904; x_wconf 79' lang='lat' dir='ltr'><strong>non</strong></span> <span class='ocrx_word' id='word_1_376' title='bbox 192 3841 321 3938; x_wconf 76' lang='lat' dir='ltr'><strong>aequ&#39;ales</strong></span> <span class='ocrx_word' id='word_1_377' title='bbox 354 3865 420 3904; x_wconf 89' lang='lat' dir='ltr'><strong>snos</strong></span> <span class='ocrx_word' id='word_1_378' title='bbox 455 3844 626 3926; x_wconf 86' lang='lat' dir='ltr'><strong>despiceret,</strong></span> <span class='ocrx_word' id='word_1_379' title='bbox 667 3843 716 3924; x_wconf 90' lang='lat' dir='ltr'><strong>qui</strong></span> <span class='ocrx_word' id='word_1_380' title='bbox 749 3857 849 3904; x_wconf 88' lang='lat' dir='ltr'><strong>contra</strong></span> <span class='ocrx_word' id='word_1_381' title='bbox 877 3846 972 3906; x_wconf 86' lang='lat' dir='ltr'><strong>Deum</strong></span> <span class='ocrx_word' id='word_1_382' title='bbox 1001 3848 1094 3906; x_wconf 89' lang='lat' dir='ltr'><strong>isum</strong></span> <span class='ocrx_word' id='word_1_383' title='bbox 1122 3863 1224 3923; x_wconf 73' lang='lat' dir='ltr'><strong>super·</strong></span> <span class='ocrx_word' id='word_1_384' title='bbox 1254 3891 1257 3910; x_wconf 90' lang='lat'>.</span> 
     </span>
     <span class='ocr_line' id='line_1_43' title="bbox 104 3911 1225 4054; baseline -0.004 -74"><span class='ocrx_word' id='word_1_385' title='bbox 104 3911 158 3980; x_wconf 79' lang='lat' dir='ltr'><strong>bit?</strong></span> <span class='ocrx_word' id='word_1_386' title='bbox 196 3921 246 3982; x_wconf 81' lang='lat' dir='ltr'><strong>Sur</strong></span> <span class='ocrx_word' id='word_1_387' title='bbox 261 3931 365 3984; x_wconf 73' lang='lat' dir='ltr'><strong>autem</strong></span> <span class='ocrx_word' id='word_1_388' title='bbox 386 3920 487 3998; x_wconf 73' lang='lat' dir='ltr'><strong>fiducia</strong></span> <span class='ocrx_word' id='word_1_389' title='bbox 509 3921 633 4002; x_wconf 88' lang='lat' dir='ltr'><strong>&#39;quisquis</strong></span> <span class='ocrx_word' id='word_1_390' title='bbox 656 3919 785 3995; x_wconf 84' lang='lat' dir='ltr'><strong>inflatur,</strong></span> <span class='ocrx_word' id='word_1_391' title='bbox 798 3919 915 3982; x_wconf 87' lang='lat' dir='ltr'><strong>&#39;bellum</strong></span> <span class='ocrx_word' id='word_1_392' title='bbox 934 3942 998 3983; x_wconf 89' lang='lat' dir='ltr'><strong>cum</strong></span> <span class='ocrx_word' id='word_1_393' title='bbox 1046 3925 1082 3980; x_wconf 78' lang='lat' dir='ltr'><strong>eo</strong></span> <span class='ocrx_word' id='word_1_394' title='bbox 1103 3938 1136 3979; x_wconf 78' lang='lat' dir='ltr'><strong>ex</strong></span> <span class='ocrx_word' id='word_1_395' title='bbox 1155 3937 1225 4054; x_wconf 84' lang='lat' dir='ltr'><strong>pro-</strong></span> 
     </span>
     <span class='ocr_line' id='line_1_44' title="bbox 105 3991 1225 4092; baseline 0.006 -42"><span class='ocrx_word' id='word_1_396' title='bbox 105 3991 175 4056; x_wconf 88' lang='lat' dir='ltr'><strong>l&#39;esso</strong></span> <span class='ocrx_word' id='word_1_397' title='bbox 194 3996 280 4092; x_wconf 64' lang='lat' dir='ltr'><strong>gerit,</strong></span> <span class='ocrx_word' id='word_1_398' title='bbox 299 4017 385 4075; x_wconf 89' lang='lat' dir='ltr'><strong>quem</strong></span> <span class='ocrx_word' id='word_1_399' title='bbox 403 3998 487 4058; x_wconf 85' lang='lat' dir='ltr'><strong>nobis</strong></span> <span class='ocrx_word' id='word_1_400' title='bbox 506 3997 566 4058; x_wconf 85' lang='lat' dir='ltr'><strong>sola</strong></span> <span class='ocrx_word' id='word_1_401' title='bbox 584 3997 676 4078; x_wconf 74' lang='lat' dir='ltr'><strong>noslpi</strong></span> <span class='ocrx_word' id='word_1_402' title='bbox 695 3997 846 4080; x_wconf 82' lang='lat' dir='ltr'><strong>abnegatio</strong></span> <span class='ocrx_word' id='word_1_403' title='bbox 867 3999 1011 4071; x_wconf 77' lang='lat' dir='ltr'><strong>conciliat,</strong></span> <span class='ocrx_word' id='word_1_404' title='bbox 1031 3995 1099 4055; x_wconf 89' lang='lat' dir='ltr'><strong>dum</strong></span> <span class='ocrx_word' id='word_1_405' title='bbox 1117 3995 1157 4054; x_wconf 89' lang='lat' dir='ltr'><strong>sci</strong></span> <span class='ocrx_word' id='word_1_406' title='bbox 1168 3994 1225 4057; x_wconf 83' lang='lat' dir='ltr'><strong>&#39;cet</strong></span> 
     </span>
     <span class='ocr_line' id='line_1_45' title="bbox 106 4071 1224 4152; baseline -0.004 -22"><span class='ocrx_word' id='word_1_407' title='bbox 106 4071 234 4133; x_wconf 84' lang='lat' dir='ltr'><strong>eainamti</strong></span> <span class='ocrx_word' id='word_1_408' title='bbox 254 4075 332 4138; x_wconf 82' lang='lat' dir='ltr'><strong>omui</strong></span> <span class='ocrx_word' id='word_1_409' title='bbox 351 4093 404 4152; x_wconf 89' lang='lat' dir='ltr'><strong>pro</strong></span> <span class='ocrx_word' id='word_1_410' title='bbox 426 4074 483 4134; x_wconf 86' lang='lat' dir='ltr'><strong>riae</strong></span> <span class='ocrx_word' id='word_1_411' title='bbox 501 4074 613 4135; x_wconf 82' lang='lat' dir='ltr'><strong>virtutis</strong></span> <span class='ocrx_word' id='word_1_412' title='bbox 633 4087 662 4135; x_wconf 86' lang='lat' dir='ltr'><strong>et</strong></span> <span class='ocrx_word' id='word_1_413' title='bbox 680 4073 801 4135; x_wconf 85' lang='lat' dir='ltr'><strong>iustitiae</strong></span> <span class='ocrx_word' id='word_1_414' title='bbox 819 4073 918 4136; x_wconf 84' lang='lat' dir='ltr'><strong>fiducia</strong></span> <span class='ocrx_word' id='word_1_415' title='bbox 936 4075 967 4134; x_wconf 89' lang='lat' dir='ltr'><strong>in</strong></span> <span class='ocrx_word' id='word_1_416' title='bbox 985 4071 1151 4152; x_wconf 29' lang='lat' dir='ltr'><strong>unamteius</strong></span> <span class='ocrx_word' id='word_1_417' title='bbox 1169 4071 1224 4131; x_wconf 86' lang='lat' dir='ltr'><strong>ml..</strong></span> 
     </span>
     <span class='ocr_line' id='line_1_46' title="bbox 106 4147 1244 4235; baseline 0.005 -31"><span class='ocrx_word' id='word_1_418' title='bbox 106 4147 284 4212; x_wconf 79' lang='lat' dir='ltr'><strong>sericordiam</strong></span> <span class='ocrx_word' id='word_1_419' title='bbox 302 4155 372 4235; x_wconf 74' lang='lat' dir='ltr'><strong>regip</strong></span> <span class='ocrx_word' id='word_1_420' title='bbox 422 4148 501 4210; x_wconf 72' lang='lat' dir='ltr'><strong>&#39;mua</strong></span> <span class='ocrx_word' id='word_1_421' title='bbox 609 4183 635 4202; x_wconf 85' lang='lat'><strong>.·</strong></span> <span class='ocrx_word' id='word_1_422' title='bbox 1150 4174 1154 4188; x_wconf 88' lang='lat'><strong>·</strong></span> <span class='ocrx_word' id='word_1_423' title='bbox 1204 4151 1207 4158; x_wconf 84' lang='lat'>&#39;</span> <span class='ocrx_word' id='word_1_424' title='bbox 1242 4185 1244 4194; x_wconf 43' lang='grc' dir='ltr'>ν</span> 
     </span>
     <span class='ocr_line' id='line_1_47' title="bbox 156 4217 1338 4290; baseline -0.014 -2"><span class='ocrx_word' id='word_1_425' title='bbox 156 4220 427 4288; x_wconf 71' lang='lat' dir='ltr'><strong>1⁰.=Duodolllbtee</strong></span> <span class='ocrx_word' id='word_1_426' title='bbox 438 4226 642 4288; x_wconf 78' lang='lat' dir='ltr'><strong>nscmdeborrt.</strong></span> <span class='ocrx_word' id='word_1_427' title='bbox 662 4223 882 4290; x_wconf 87' lang='lat' dir='ltr'><strong>Duoshominas</strong></span> <span class='ocrx_word' id='word_1_428' title='bbox 892 4223 967 4280; x_wconf 82' lang='lat' dir='ltr'><strong>inter</strong></span> <span class='ocrx_word' id='word_1_429' title='bbox 976 4237 1006 4276; x_wconf 86' lang='lat' dir='ltr'><strong>ee</strong></span> <span class='ocrx_word' id='word_1_430' title='bbox 1017 4217 1131 4280; x_wconf 80' lang='lat' dir='ltr'><strong>confert</strong></span> <span class='ocrx_word' id='word_1_431' title='bbox 1141 4223 1227 4285; x_wconf 58' lang='lat' dir='ltr'><strong>Cirpi.</strong></span> <span class='ocrx_word' id='word_1_432' title='bbox 1333 4259 1338 4267; x_wconf 28' lang='lat' dir='ltr'><strong>a</strong></span> 
     </span>
    </p>

    <p class='ocr_par' dir='ltr' id='par_1_22' title="bbox 109 4289 1363 4398">
     <span class='ocr_line' id='line_1_48' title="bbox 109 4289 1363 4398; baseline -0.006 -37"><span class='ocrx_word' id='word_1_433' title='bbox 109 4309 170 4377; x_wconf 77' lang='lat' dir='ltr'><strong>abu,</strong></span> <span class='ocrx_word' id='word_1_434' title='bbox 188 4301 239 4385; x_wconf 87' lang='lat' dir='ltr'><strong>qui</strong></span> <span class='ocrx_word' id='word_1_435' title='bbox 278 4301 447 4368; x_wconf 80' lang='lat' dir='ltr'><strong>uuua&#39;ambo</strong></span> <span class='ocrx_word' id='word_1_436' title='bbox 466 4301 577 4398; x_wconf 85' lang='lat' dir='ltr'><strong>pietatis</strong></span> <span class='ocrx_word' id='word_1_437' title='bbox 595 4301 717 4366; x_wconf 86' lang='lat' dir='ltr'><strong>studium</strong></span> <span class='ocrx_word' id='word_1_438' title='bbox 735 4299 842 4358; x_wconf 87' lang='lat' dir='ltr'><strong>orando</strong></span> <span class='ocrx_word' id='word_1_439' title='bbox 861 4289 1078 4375; x_wconf 84' lang='lat' dir='ltr'><strong>praescierant,</strong></span> <span class='ocrx_word' id='word_1_440' title='bbox 1095 4296 1228 4386; x_wconf 66' lang='lat' dir='ltr'><strong>videntur</strong></span> <span class='ocrx_word' id='word_1_441' title='bbox 1358 4308 1363 4321; x_wconf 85' lang='lat'><strong><em>‘</em></strong></span> 
     </span>
    </p>

    <p class='ocr_par' dir='ltr' id='par_1_23' title="bbox 109 4321 1227 4463">
     <span class='ocr_line' id='line_1_49' title="bbox 109 4321 1227 4463; baseline -0.004 -25"><span class='ocrx_word' id='word_1_442' title='bbox 109 4383 199 4442; x_wconf 79' lang='lat' dir='ltr'><strong>tamea</strong></span> <span class='ocrx_word' id='word_1_443' title='bbox 227 4321 318 4444; x_wconf 68' lang='lat' dir='ltr'><strong>sabbe</strong></span> <span class='ocrx_word' id='word_1_444' title='bbox 336 4375 426 4463; x_wconf 81' lang='lat' dir='ltr'><strong>longo</strong></span> <span class='ocrx_word' id='word_1_445' title='bbox 448 4379 579 4461; x_wconf 67' lang='lat' dir='ltr'><strong>dispares.</strong></span> <span class='ocrx_word' id='word_1_446' title='bbox 628 4376 704 4438; x_wconf 84' lang='lat' dir='ltr'><strong>Naro</strong></span> <span class='ocrx_word' id='word_1_447' title='bbox 724 4371 891 4436; x_wconf 80' lang='lat' dir='ltr'><strong>llbaaisaeus</strong></span> <span class='ocrx_word' id='word_1_448' title='bbox 914 4373 1029 4428; x_wconf 61' lang='lat' dir='ltr'><strong>merua</strong></span> <span class='ocrx_word' id='word_1_449' title='bbox 1044 4371 1227 4434; x_wconf 69' lang='lat' dir='ltr'><strong>auctusne</strong></span> 
     </span>
    </p>
   </div>
   <div class='ocr_carea' id='block_1_8' title="bbox 0 0 1427 4774">
    <p class='ocr_par' dir='ltr' id='par_1_24' title="bbox 0 0 1427 4774">
     <span class='ocr_line' id='line_1_50' title="bbox 0 0 1427 4774; baseline 0 0"><span class='ocrx_word' id='word_1_450' title='bbox 0 0 1427 4774; x_wconf 95' lang='lat' dir='ltr'><strong> </strong></span> 
     </span>
    </p>
   </div>
  </div>
 </body>
</html>
