2796 4774
414 2 415 10 ’
433 13 439 44 ι

241 177 249 182 ’
309 189 502 266 (hide-²16.
523 185 671 248 rMulieres
691 185 848 278 sepulerum
867 188 1049 268 admotae->2
1085 203 1097 244 ἢ
1173 165 1238 256 338
1271 277 1278 290 ‚

135 342 362 403 erintetremars-
376 351 410 402 et·
424 345 544 420 stupore
561 341 725 420 ennepius,
753 351 786 400 ut
808 361 875 420 prae
896 351 976 401 metu
994 341 1236 422 obstupescerent.

110 361 174 477 iet
191 416 293 479 solutio
307 420 378 477 *non
400 417 611 496 adeoldifficilis
635 428 690 477 est:
719 415 782 496 quia
804 439 889 508 quum
913 417 1116 478 animns'esset
1133 421 1235 500 angelo

20 531 31 542 κ
114 511 229 574 parere,
256 505 435 554 nontamen
457 493 620 576 suppetebat
638 492 766 563 facultas,
794 493 848 556 msi
874 494 1013 554 Dominus
1032 493 1092 574 ipse
1110 495 1237 556 solvisset

114 568 264 632 silentium.
321 572 429 630 Verum
447 567 482 628 ‚in
506 591 557 644 eo,
609 569 665 630 uod
687 569 823 646 iequitur,
852 570 942 650 maior
971 581 1017 630 est
1035 572 1237 662 repugnantiae

68 707 70 714 ,
113 639 231 722 aphrici.
269 647 380 706 blancus
404 646 479 706 enim
502 657 562 717 uon
584 591 669 719 dicit,
700 637 813 718 obviam
828 645 882 723 illis
899 645 983 706 fnisse
1003 646 1160 722 Christum,
1187 647 1237 707 sed
1284 695 1287 698 .

114 731 225 780 mutum
242 721 423 803 Magdaleuae
437 724 614 811 apparuisse
629 725 725 800 primo
743 722 889 779 dibsculos
914 723 1004 782 Lucas
1022 722 1105 784 buius
1121 723 1240 784 visionis

115 797 256 869 intbtum
276 817 336 856 non
353 798 488 858 memimt
532 798 590 858 Sed
612 798 682 869 baec
703 797 909 880 praetermissio
953 819 1038 887 quum
1056 799 1176 860 minime
1200 799 1243 860 sit*

114 873 303 954 Evangelistis
325 871 451 950 insolita,
480 873 563 934 nohis
585 871 703 934 absurda
722 873 813 935 rideri
831 893 891 934 non
909 839 1007 951 debet,
1031 877 1107 954 quod
1124 877 1159 936 ad
1181 875 1239 938 dis·
1337 891 1340 911 ¹

115 948 226 1009 crimen
247 950 398 1012 verborum
418 949 551 1010 Matthaei
574 961 604 1011 et
625 949 853 1030 Marci'spectat,
878 948 939 1018 lieri
957 961 1053 1030 potest
1071 961 1104 1010 ut
1121 954 1167 1011 Ma
1188 954 1238 1013 da*

60 1065 63 1070 ·
115 1025 270 1086 lenatanti
287 1026 357 1088 boni
368 1046 493 1104 compos
511 1023 597 1092 faerit
614 1037 680 1085 ante
699 1017 788 1104 alias,
805 1021 851 1084 vel
864 1024 953 1086 etiam
970 1045 1022 1117 per
1039 972 1239 1108 synecdodlren

114 1103 151 1161 ad
170 1121 273 1163 omnes·
288 1103 418 1165 extendat
437 1100 606 1176 Matthaeus,
646 1101 701 1165 uod
720 1102 801 1180 unius
814 1101 869 1162 fuit
882 1100 1037 1182 proprium.
1060 1101 1239 1164 probabilius
1332 1135 1335 1141 ·

115 1189 286 1260 tamenest,
306 1177 394 1239 solam
413 1177 552 1240 nominari
576 1199 592 1237 a
615 1124 725 1250 blarru,
753 1179 817 1258 quia
839 1178 931 1272 primo
957 1177 1061 1239 Christi
1085 1190 1241 1259 conspectu
1276 1223 1290 1248 s

117 1265 149 1317 et
167 1253 300 1346 peculiari
319 1255 404 1314 modo
428 1274 495 1345 prae
518 1253 575 1313 aliis
594 1255 684 1334 potita
708 1253 807 1328 fuerit,
837 1265 947 1314 ¹interea
971 1254 1029 1316 cios
1049 1253 1168 1314 comites
1187 1273 1241 1316 suu¹

115 1331 216 1392 ordine
241 1329 384 1390 Christum
411 1327 529 1392 ¹vidisse:
563 1329 682 1410 ideoque
712 1329 900 1408 communiter
926 1329 981 1391 boc
1010 1329 1139 1392 omnibus
1166 1329 1240 1412 apud
1313 1403 1317 1409 μ

116 1405 293 1468 Matthaeum
317 1405 414 1465 tribui.
460 1405 529 1467 Fuit
550 1417 644 1466 autem
667 1405 722 1468 hoc
749 1403 909 1468 admirabile
922 1402 1065 1467 'bonitatis
1087 1405 1241 1485 specimen,

115 1480 192 1562 qnod
211 1480 456 1542 coelestemsuam
476 1479 595 1564 gloriam
617 1483 735 1542 miserae
757 1481 892 1555 feminae,
921 1501 991 1561 qnae
1010 1503 1026 1541 a
1044 1493 1154 1562 septem
1174 1481 1242 1543 tae-

116 1556 220 1616 moniis
238 1567 363 1636 possmsa
380 1557 486 1634 suerat,
505 1557 632 1619 Christus
651 1557 797 1638 patefecit:
830 1557 863 1617 et'
875 1556 967 1628 lucem
987 1579 1078 1620 novae
1095 1571 1241 1622 aeternae-

117 1654 175 1713 que
193 1633 267 1709 vitae
284 1632 412 1724 proferre
430 1631 543 1708 volens,
560 1633 626 1695 inde
645 1655 759 1696 exorsus
778 1644 835 1706 est,
857 1632 906 1695 uhi
925 1633 995 1692 nihil
1014 1634 1167 1695 secundum
1185 1634 1245 1718 hoq

115 1709 223 1770 minem
242 1707 296 1768 nisr
317 1709 528 1788 contemptibsse
551 1722 580 1770 et
604 1709 774 1790 pudendum.
813 1709 871 1770 Sed
890 1709 944 1768 hoc
964 1709 1136 1771 documento
1154 1705 1254 1771 testa-'

116 1797 164 1846 tus
183 1795 226 1846 est
246 1783 389 1861 Christus,
424 1785 473 1846 uhi
491 1778 577 1848 semel
596 1787 713 1868 gratiam
733 1807 800 1868 erga
820 1805 873 1848 nos
897 1807 973 1846 suam
994 1785 1129 1863 exseruit,
1158 1804 1243 1868 mam

117 1861 269 1922 liberaliter
287 1862 345 1922 eius
370 1883 481 1924 cursum
506 1863 639 1944 prosequi
657 1861 759 1942 soleat,
790 1873 820 1924 et
842 1860 923 1922 simul
942 1875 1057 1922 omnem
1081 1863 1170 1924 caruis
1194 1885 1273 1929 sta-r

116 1937 244 2020 perbiam
262 1937 372 1999 deiecit
428 1989 435 1997 .
719 1963 722 1968 ¹
998 1967 999 1972 1
1174 1963 1176 1967 ’

192 2017 221 2078 9.
263 2017 427 2074 Terruerunt
447 2014 536 2106 pedes
558 2017 631 2076 eiua.
689 2014 810 2075 Videtur
826 2013 895 2074 hoc
924 2035 988 2076 cum
1012 2013 1105 2084 verbis
1119 2007 1245 2090 loannis
1290 2037 1300 2085 ,¹

118 2107 180 2149 non
203 2109 378 2171 congruere,
409 2088 457 2149 ubi
478 2100 615 2162 testatur,
649 2089 818 2171 prohibitam
846 2088 931 2149 fuisse
954 2091 1071 2150 Mariam
1095 2112 1111 2150 a
1136 2089 1244 2154 Christi

120 2175 260 2226 contactu.
300 2162 463 2224 Sedvsacilis
475 2161 642 2226 'conciliatio
661 2176 718 2239 est,
742 2165 821 2245 quod
840 2165 980 2226 Dominus
998 2165 1116 2226 Mariam
1135 2167 1244 2242 ridens,

118 2241 270 2321 in'pedum
289 2260 405 2300 suorum
425 2239 554 2319 amplexu
574 2251 603 2300 et
621 2240 718 2300 osculo
739 2238 822 2300 nimis
842 2239 957 2300 deliram
976 2260 1052 2310 esse,
1082 2261 1144 2300 eam
1163 2251 1247 2301 rece:

119 2320 188 2379 dere
206 2317 314 2388 iubeat:
347 2315 414 2396 quia
430 2309 596 2395 cdrrigenda
615 2327 677 2376 erat
688 2315 865 2396 ··superstitio,
884 2326 913 2376 et
931 2315 1128 2375 monstrandus
1148 2336 1243 2391 resur-

118 2393 255 2454 rectionis
274 2392 351 2466 finis,
386 2411 477 2472 aquo
501 2391 617 2452 Mariam
640 2391 741 2472 partim
759 2394 899 2452 terrenus
925 2409 1088 2470 crassusque
1117 2391 1244 2468 allectus,
1295 2420 1297 2425 ·

119 2469 224 2551 partim
241 2469 340 2530 stultus
358 2466 456 2530 fervor
474 2467 659 2529 abstrahebat.
695 2467 786 2530 Pedes
805 2487 874 2528 vero
895 2467 1069 2550 suoa=primo
1089 2487 1244 2550 congressu
1326 2488 1329 2494 ·

119 2559 237 2628 tangere
255 2566 350 2627 passps
368 2555 413 2605 est
430 2544 583 2620 Dominus,
613 2557 650 2604 n‘e
674 2543 741 2624 qnid
759 2543 794 2606 ad
813 2543 1007 2607 certitudinem
1029 2543 1153 2608 deesset:
1184 2545 1246 2604 Ita-

119 2642 176 2702 que
205 2619 351 2684 continuo
368 2631 434 2700 post
461 2620 574 2682 subiicit
601 2621 772 2697 Matthaeus,
804 2619 877 2701 ipsas
904 2621 1047 2681 odorasse
1076 2623 1245 2683 Dominum:

120 2696 196 2780 quod
216 2698 328 2780 signum
346 2695 400 2757 fuit
417 2717 476 2763 non
490 2697 641 2780 ambiguae
658 2697 785 2759 notitiae.
818 2770 820 2775 Ι
938 2769 939 2774 ¹
977 2727 978 2735 ι
1088 2715 1116 2776 ,ι

198 2777 245 2838 10.
284 2775 365 2844 Tune
383 2777 430 2832 ait
447 2775 511 2834 illia
528 2775 623 2834 Iesus.
661 2773 808 2836 Timorem
828 2771 912 2836 luisse
929 2772 1060 2836 vitiosum
1079 2773 1246 2858 colligimus,

122 2870 180 2932 quo
208 2871 319 2912 rursum
339 2847 474 2912 Christus
502 2870 547 2910 eas
571 2849 685 2912 liberat:
718 2853 874 2932 quanquam
901 2848 976 2912 eninr
1007 2850 1247 2912 exadmir'atione
1277 2858 1281 2874 ‘

121 2927 266 2994 oriebatur
296 2926 452 2988 contrarius
471 2939 565 2986 umen
584 2938 643 2988 erat
661 2925 824 3008 tranquillae
840 2927 965 2989 fiduciae.
1004 2927 1083 3006 Ergo
1102 2938 1135 2985 ut
1153 2947 1184 2986 se
1203 2935 1247 2984 at:

121 3003 223 3066 tollant
241 2969 276 3064 ad
291 3002 436 3066 Christum
453 3003 552 3065 mortis
574 3005 724 3077 victorem,
744 3004 875 3064 iubentur
894 3003 968 3064 laeto
987 3001 1168 3064 esseanimo.
1188 3001 1247 3062 Sed

122 3079 221 3140 iisdem
240 3079 333 3140 verbis
352 3080 500 3154 docemur,
527 3101 602 3140 nnnc
624 3079 737 3140 demum
763 3080 817 3140 rite
832 3101 850 3140 a
870 3079 953 3141 nobis
974 3078 1109 3160 cognosci
1129 3077 1248 3156 Domini

121 3156 374 3231 resurrectionem,
403 3155 426 3215 si
446 3167 582 3234 concepta
600 3155 699 3214 fiducia
725 3153 838 3236 gloriari
855 3157 1001 3222 audemus,
1033 3151 1156 3214 eiusdem
1173 3154 1248 3216 vitae

122 3254 177 3294 nos
196 3253 256 3295 esse
279 3232 366 3295 factos
385 3231 544 3312 participes.
584 3229 670 3291 Certe
687 3231 831 3309 hucusque
849 3231 986 3310 proficere
1005 3228 1090 3288 debet
1104 3229 1175 3290 ,fides
1195 3249 1247 3290 uo-¹

123 3319 195 3382 stra,
211 3330 250 3370 ne
269 3309 354 3370 timor
372 3307 535 3390 praevaleat
573 3307 666 3370 Porro
686 3305 814 3368 Christus
831 3306 932 3368 iubens
950 3305 1073 3366 nuntiari
1091 3305 1145 3366 boc
1164 3305 1249 3384 disci7

144 3383 211 3457 ulis,
237 3385 288 3448 hac
306 3386 448 3470 legatione
471 3384 627 3464 dissipatam
647 3380 800 3446 Ecclesiam
819 3381 854 3444 de
871 3382 985 3463 integro
1006 3379 1122 3465 collegit
1141 3396 1170 3444 et
1188 3383 1249 3448 col-

124 3403 227 3552 lapsam
247 3461 343 3520 erexit.
380 3463 456 3526 Nam
472 3461 555 3522 sicuti
578 3481 631 3522 nos
653 3457 738 3537 hodie
758 3459 904 3540 praecipue
926 3457 1047 3521 vivificat
1064 3459 1250 3536 resurrectio-

124 3557 170 3599 ms
188 3534 266 3607 fides,
285 3535 322 3595 ita
340 3547 408 3598 tunc
428 3537 560 3618 oportuit
573 3537 659 3598 vitam
678 3535 744 3597 disci
766 3535 815 3596 ulis
833 3534 955 3611 restitui,
979 3535 1054 3596 uude
1078 3534 1251 3596 exciderant.

124 3609 184 3675 tttc
203 3631 317 3690 quoque
335 3615 456 3674 notauda
480 3625 523 3676 est
544 3612 717 3678 incredibilis
781 3611 841 3674 risti
864 3612 1034 3684 humanitas,
1062 3611 1141 3692 quod
1158 3622 1253 3670 usne

124 3689 157 3751 lu
195 3710 221 3760 s,
240 3685 287 3764 qui
306 3707 369 3746 eum
387 3688 509 3768 turpiter
527 3691 721 3760 deseruerant,
739 3689 856 3749 lratrum
875 3689 991 3750 nomine
1009 3688 1149 3770 dignatur.
1187 3685 1251 3748 Nec

127 3705 245 3826 dubium
264 3774 319 3835 est,
353 3762 498 3840 quintam
522 3763 623 3824 blanda
645 3763 829 3843 appellatione
852 3785 1027 3836 moerorem,
1061 3779 1117 3840 quo
1142 3759 1251 3821 sciebat

127 3842 204 3921 ipsos
247 3837 350 3899 rariter
371 3839 513 3918 torqueri,
545 3839 634 3899 lenire
657 3839 732 3899 ultro
755 3839 885 3903 voluerit.
930 3841 1077 3900 Caeterum
1104 3836 1251 3915 quianon

128 3917 204 3980 solos
224 3859 382 3996 hpostolos
403 3912 521 3974 fratrum
543 3913 609 3974 loco
634 3914 796 3996 complexus
822 3929 877 3991 est,
906 3917 1022 3976 sciamus
1043 3912 1147 3974 Christi
1170 3934 1251 3973 man-
1310 3971 1313 3979 ,

129 3991 362 4073 hesperiarum
393 3990 478 4051 luisse
503 3987 577 4050 bunc
605 3990 750 4065 nuntium,
788 4003 821 4050 ut
850 3994 884 4052 ad
911 4013 964 4050 nos
992 3990 1094 4049 deinde
1117 3999 1254 4050 manaret.

132 4069 233 4144 Quare
249 4067 352 4148 frigide
369 4060 505 4128 ahdienda
528 4087 588 4127 non
613 4078 656 4126 est
675 4069 890 4129 resurrectionis
908 4065 1037 4139 historia,
1099 4066 1172 4126 ando
1189 4064 1255 4125 iure

129 4145 272 4206 fraternae
294 4141 505 4206 necmeitudinis
526 4145 560 4204 ad
582 4142 793 4224 percipiendum
819 4144 876 4220 eins
903 4141 1024 4202 fructum
1050 4087 1178 4205 Clitistus
1200 4162 1254 4201 suo

131 4243 183 4283 ore
200 4241 254 4282 nos
274 4219 393 4283 comiter
412 4218 519 4282 invitat
559 4219 646 4294 Quod
664 4219 774 4300 quidam
793 4221 960 4298 interpretes
979 4218 1030 4280 sub
1042 4219 1183 4295 fratrum
1200 4237 1253 4276 no-

131 4299 209 4364 miae
229 4297 333 4362 Christi
353 4309 492 4382 cognatos
507 4297 685 4380 intelligunt,
706 4316 804 4359 eorum
823 4315 949 4364 errorem
968 4296 1031 4358 satia
1050 4314 1189 4377 superque
1206 4314 1254 4355 re-
