2790 4764
292 331 295 336 ,
335 263 525 342 (nr-xre
567 257 779 358 nusquam
797 259 944 325 annosa
962 215 1041 340 aar
1194 262 1268 325 aaa:
1307 211 1336 286 f

102 425 134 474 et
154 433 229 494 qnae
248 411 346 502 plures
365 411 459 476 clades
477 394 589 485 inierat,
610 431 693 492 quam
714 411 791 492 qnod
805 411 909 474 multos
927 410 1063 484 scandalis
1081 410 1190 472 turbari
1205 413 1251 474 vel

100 489 229 558 deficere
255 489 413 573 continget.
456 487 552 569 Atque
575 485 622 548 hie
646 510 744 558 seusus
768 489 868 562 melius¹
893 491 1021 570 quadrat:
1055 499 1148 569 neque
1173 489 1249 550 enim

101 565 218 644 dubito,
240 566 308 648 quin
326 565 465 632 Dominus
484 566 519 626 de
537 564 671 626 scandalis
690 563 742 636 alia
761 566 912 628 occasione
930 566 1067 648 loquutus
1086 585 1248 634 sermonem

100 635 154 702 lob
178 642 221 703 lus
241 629 420 724 protraxhrit,
440 651 473 720 ut
491 661 557 705 suos
576 640 610 700 ad
630 638 784 710 cavendum
804 641 892 737 magis
911 655 1035 713 attentos
1055 640 1247 722 sollicitosque

1 748 2 772 i
103 661 250 779 redderet.
284 719 330 779 Ne
348 717 433 800 igitur
451 737 504 778 nos
523 727 671 798 torpentes
691 720 893 796 circumveniat
910 720 1004 794 Satan,
1026 717 1162 782 exclamat
1180 720 1246 779 Do-

1 853 2 859 ,
103 793 299 870 minus„n0n
322 791 432 854 aliunde
455 794 547 881 magis
570 813 630 853 esse
653 793 940 874 uobismetuendum
959 817 1041 876 quarn
1060 815 1077 855 a
1095 793 1244 856 scandalis:

1 933 2 954 ,
106 869 174 947 quia
192 891 276 950 quum
294 869 379 940 Satan
398 869 548 944 innumera
565 867 668 944 habeat
686 871 720 931 ad
738 874 866 951 manum,
892 891 953 954 non
971 871 1074 950 desinit
1092 870 1126 930 ad
1145 871 1245 954 singu-

105 944 152 1006 los
172 945 232 1007 fere
249 965 343 1038 passus
362 965 439 1027 nova
457 945 576 1010 subinde
597 943 734 1008 obiicere:
763 957 794 1006 et
812 967 879 1020 nos,
898 957 931 1024 ut
951 945 1068 1016 nimium
1087 967 1180 1008 minos
1192 955 1245 1007 ‘te-

108 1022 173 1080 neri
191 1021 234 1083 vel
252 1022 356 1106 tgntvt’‚
377 1021 460 1082 facile
478 1021 695 1104 succumbimus,
738 1021 783 1080 Ita
800 1021 841 1097 fit,
863 1033 896 1082 ut
914 1021 997 1114 pauci
1014 1021 1045 1080 ln
1067 1016 1173 1084 Christi
1189 1023 1245 1086 lide

108 1097 261 1178 mediocres
277 1098 383 1160 iaciant
396 1117 573 1191 progressus,
584 1096 740 1176 ⁴ex-paucis
758 1109 929 1180 autem,qu1
951 1097 1069 1168 stadium
1087 1096 1180 1158 salutis
1198 1099 1245 1158 in-

143 1174 196 1234 essi
224 1186 303 1254 suut,
332 1167 380 1235 le
405 1175 530 1234 decumus
555 1171 673 1252 quisque
702 1173 737 1233 ad
767 1178 871 1244 metam
901 1169 1055 1242 indelessus
1083 1173 1244 1246 contendat.
1276 1231 1290 1246 x

104 1193 189 1311 §runc
208 1251 295 1330 qu'um
314 1251 372 1325 hoc
392 1249 511 1310 consilio
530 1255 670 1324 terrorem
690 1269 706 1308 a
725 1247 859 1320 scandalis
877 1247 1033 1328 metasserat
1053 1246 1190 1328 Christus,
1211 1261 1244 1308 ut

103 1347 169 1388 suos
189 1324 437 1409 expergefaceret,
457 1323 510 1386 vae
528 1334 641 1384 nostrae
659 1323 802 1398 incuriae,
822 1325 877 1384 nisi
894 1325 928 1402 ad
948 1323 983 1386 ea'
999 1323 1153 1405 superanda
1172 1329 1245 1384 stre·
1353 1338 1360 1389 .'

102 1423 160 1462 nue
179 1404 210 1482 se
230 1403 349 1496 quisque
368 1411 522 1482 comparet.
544 1395 676 1482 ¹litterate
694 1410 741 1462 cst
760 1403 845 1482 enlm,
863 1412 898 1461 ut
912 1399 1033 1472 ueniant
1048 1401 1242 1477 offendicula.

103 1476 174 1552 Quo
192 1478 283 1559 magis
302 1483 429 1544 suorum'
438 1483 540 1542 'curam'
555 1487 584 1556 et
602 1475 820 1557 sollicitudinem
835 1485 916 1539 acuat
931 1478 1086 1552 Dominus,
1101 1477 1244 1548 admonet,

102 1554 165 1614 fieri
190 1550 271 1612 aliter
294 1573 355 1612 nun
379 1572 464 1644 posse
489 1552 556 1634 quin
579 1553 754 1637 pergendum
778 1551 815 1616 sit
838 1549 990 1636 perraria
1014 1553 1154 1628 scandala,
1186 1551 1245 1614 acsi

103 1628 235 1704 dixisset,
259 1627 421 1690 inevitabile
446 1649 506 1692 esse
531 1629 721 1692 hocmalum.
763 1629 809 1691 Ita
832 1631 1009 1693 confirmatio
1033 1640 1076 1691 est
1097 1628 1243 1711 pontianae
1311 1669 1313 1679 ·

1 1707 3 1784 l
103 1704 277 1779 sententiae,
300 1703 365 1786 quia
389 1703 455 1766 inde
477 1703 563 1768 docet
582 1705 725 1794 Christus,
750 1717 852 1788 quanta
869 1707 1050 1770 incommoda
1072 1727 1088 1766 a
1106 1704 1243 1767 scandalis

1 1791 32 1866 ¹.
102 1780 300 1862 impendeant,
326 1802 412 1860 quum
430 1781 465 1842 ab
484 1781 540 1844 hoc
559 1782 632 1844 malo
651 1804 796 1864 nunquam
819 1778 950 1846 immunis
971 1782 1066 1843 sutura
1084 1781 1121 1842 sit
1140 1781 1256 1843 Eccle-'

1 1865 2 1872 ’
104 1857 157 1934 sia,
176 1877 233 1934 nec
252 1870 312 1930 esse
351 1869 432 1936 ucat,
462 1856 617 1936 Caeterum
634 1861 811 1936 necessitatis
827 1881 937 1922 causam
952 1879 1016 1920 non
1036 1857 1181 1940 exprimit,
1201 1859 1240 1919 si-

106 1944 155 2017 cut
173 1931 274 2014 Paulus
293 1879 508 2020 deqbaeresihus
531 1925 650 2016 loquens
672 1935 738 1997 ideo
759 1935 825 2012 dIcit
844 1935 931 2016 oriri,
950 1948 983 1997 ut
1005 1935 1053 2016 qui
1087 1929 1157 2020 'nobi
1173 1946 1240 2018 sunt

103 2009 330 2094 manifestiyfiant
349 2011 387 2089 (l.
406 2011 476 2074 Cor.
496 2016 542 2088 ll,
562 2012 633 2090 19.).
673 2013 735 2076 Sed
750 2011 979 2076 hoc'tcnendum
999 2023 1051 2088 est,
1070 1951 1165 2072 bam
1183 2010 1240 2070 ho-

104 2085 194 2152 mines
212 2086 345 2148 scandalis
364 2087 437 2150 velle
456 2109 517 2150 esse
536 2088 683 2164 obnoxios,
707 2109 764 2169 quo
783 2090 867 2160 fidem
884 2111 1001 2162 suorum
1023 2099 1162 2162 exerceat,
1184 2083 1239 2168 luy-2

104 2162 226 2242 pocritae
246 2175 339 2244 autem
357 2175 490 2245 tanquam
509 2165 666 2246 quisquilias
689 2176 718 2224 et
736 2165 843 2251 paleam
863 2165 984 2241 excutiat
1002 2185 1018 2223 a
1057 2185 1110 2242 uro
1129 2163 1237 2242 tritico,

103 2236 136 2298 Si
155 2238 215 2318 quis
234 2251 328 2300 autern
347 2240 506 2321 obstrepat,
523 2249 560 2298 'et
579 2251 727 2320 queratur,
749 2229 911 2320 ‘absurdum'
927 2238 988 2299 esse
1003 2185 1098 2297 talari
1117 2231 1238 2298 Satanae

100 2314 216 2376 frenum
233 2327 250 2376 a
268 2315 406 2392 Domino,
424 2329 457 2376 ut
475 2313 587 2375 miseris
599 2313 889 2376 hominibusenitium
903 2313 1089 2384 machinetur,
1103 2323 1240 2374 nostrum

103 2403 345 2466 est„revercnter
363 2390 474 2464 sentire,
486 2391 523 2450 de
542 2390 649 2450 arcanis
668 2389 724 2448 Dei
743 2389 880 2462 consiliis,
900 2409 934 2466 ex
974 2385 1131 2459 nibushoc
1149 2407 1242 2456 unum,

101 2478 160 2540 est,
174 2468 259 2545 quod
283 2465 417 2544 scandalis
438 2485 555 2538 necesse
578 2475 627 2530 est¹
642 2465 778 2542 mundum
801 2463 919 2542 turbari.
991 2470 1167 2544 auruumen
1181 2469 1239 2536 cat

100 2542 215 2616 homins}
233 2563 288 2618 per
313 2534 637 2620 quenuoffsndtculum
659 2543 763 2615 serait„
787 2536 858 2600 Post
960 2539 995 2599 ad
1014 2535 1136 2600 cavenda
1155 2557 1237 2599 scan-

52 2672 55 2676 .
102 2615 166 2680 dala
184 2617 471 2692 suoshortatusrest,
487 2629 583 2676 rursus
601 2615 632 2674 in
646 2627 780 2676 auctores
799 2615 867 2676 inre
888 2614 957 2676 ‘tura
979 2625 1009 2676 et
1028 2635 1085 2696 qno
1104 2611 1167 2696 plus
1185 2635 1240 2677 ve·
1314 2618 1320 2622 ’

100 2690 262 2753 hementiae
279 2690 382 2766 haheat
399 2690 579 2752 comminatio
594 2691 679 2767 addit,
697 2711 753 2753 nec
763 2692 864 2754 dextro
879 2691 962 2752 oculo
978 2713 1033 2754 nec
1047 2691 1160 2772 dextrae
1174 2712 1237 2763 ma.

1 2825 2 2836 ,
86 2769 153 2830 tnui
192 2769 345 2828 arcendum
364 2771 432 2843 esse,
452 2768 475 2828 si
493 2766 576 2828 nobis
595 2767 761 2830 offendiculi
778 2789 888 2845 causant
902 2769 1064 2850 praebcant.
1091 2767 1163 2829 Nam
1180 2768 1236 2829 hoc

0 2849 1 2854 ’
100 2867 146 2906 am
163 2787 290 2927 dfiffidl
310 2865 391 2905 causa
413 2843 537 2906 additum
557 2843 642 2920 fuisse
664 2845 853 2936 interpretor,
876 2845 930 2911 acsi
949 2845 1075 2927 diuisset,
1097 2844 1236 2926 Tamne-

100 2866 170 2982 dulb
191 2932 221 2982 et
239 2931 405 2982 constanter
421 2920 607 2982 resistendum
627 2933 669 2984 est
687 2921 834 2996 scandalis,
856 2932 890 2985 ut
907 2919 1116 3002 oculos‘potius
1134 2937 1236 3008 eruere
1339 2961 1342 2968 f

101 3009 136 3060 ct
156 3017 254 3060 manns
277 2998 442 3060 abscindere
465 2999 630 3074 conueniat,
659 3019 743 3079 quam
762 3011 794 3058 ut
810 2997 938 3064 ¹scandala
955 2995 1084 3060 foveatis.
1122 2995 1155 3060 Si
1174 3016 1236 3074 quta

100 3074 179 3144 enim
197 3075 392 3152 membrorum
407 3095 523 3150 suerunt
541 3074 676 3136 iacturam
695 3073 789 3150 facere
807 3074 924 3156 dubitet,
942 3073 994 3150 hae
1011 3069 1187 3154 indulgentia
1204 3091 1240 3148 se,

100 3143 216 3232 proiicit
234 3150 264 3212 in
283 3162 428 3224 aeternum
448 3149 602 3226 interitum.
636 3149 731 3230 Quam
751 3148 999 3232 horribttietgttur,
1016 3147 1086 3206 ultio
1107 3164 1155 3207 eos
1174 3167 1236 3222 ma-

78 3293 79 3296 ,
99 3237 162 3302 net,
182 3226 229 3307 qui
244 3225 347 3298 ,fratres
367 3225 545 3287 offendiculis
564 3224 757 3308 perdiderint?
785 3226 869 3302 Quia
885 3238 982 3287 autem
1001 3223 1058 3284 duo
1074 3222 1120 3283 isti
1137 3243 1236 3284 versus

99 3323 186 3381 supra
207 3303 296 3384 capite
316 3307 344 3366 5.
365 3303 483 3384 expositi
502 3301 632 3377 luerunt,
653 3302 718 3366 satis
740 3301 794 3362 fuit
818 3323 902 3367 nuuc,
920 3301 1081 3384 atdngere„
1100 3320 1235 3381 quorsum

99 3377 158 3454 hoc
177 3378 242 3458 loco
265 3380 382 3451 eandem
400 3378 570 3458 sententiam
588 3389 699 3462 repetat
718 3377 856 3459 Christus,
924 3420 929 3432 ·
1218 3431 1222 3441 .

180 3458 225 3522 1⁰.
259 3456 294 3518 V
292 3458 370 3534 idete
388 3477 424 3515 ne
442 3460 637 3515 contemnatis
657 3451 747 3524 udum
765 3477 803 3514 ex
823 3458 902 3526 istis.
925 3451 1087 3531 ¹Quoniam
1105 3451 1249 3536 superbia

100 3541 195 3591 mater
210 3542 255 3592 ‘est
274 3531 475 3604 contumeliae,
503 3544 532 3592 et
557 3543 671 3596 contem
692 3525 744 3592 tus*
760 3531 960 3592 scandalizandi
982 3529 1122 3592 audaciam
1144 3544 1236 3614 geno·

100 3618 158 3680 rat,
181 3607 284 3686 merito
306 3609 445 3684 Christus,
468 3619 500 3668 ut
518 3606 584 3675 huic
602 3551 706 3676 morbo
725 3609 848 3678 sanando
867 3612 1064 3688 opportuntnn
1079 3605 1236 3675 remedium
1310 3671 1316 3684 ¹

1 3725 3 3747 .
100 3683 245 3758 adhibeat,
268 3684 399 3764 parvulos
421 3695 501 3758 vetat
523 3684 677 3766 contemni,
714 3685 753 3756 Et
777 3695 869 3758 certe,
892 3683 1124 3778 quemadmodum
1143 3700 1236 3760 nuper

100 3759 401 3850 attigimus,quisquis
418 3759 519 3821 iustam
539 3759 657 3838 fratrum
678 3781 772 3839 curam
791 3759 917 3835 habebit,
940 3781 1083 3842 nunquam
1102 3750 1182 3817 iacile
1200 3751 1235 3842 ad

102 3835 276 3896 offendens
295 3835 430 3916 prosiliet.
476 3837 584 3896 Eodem
602 3857 673 3897 vero
691 3835 785 3896 tendit
802 3835 872 3897 haec
891 3835 972 3897 etiarn
992 3833 1131 3898 sermonis
1151 3830 1236 3892 Chn-

101 3912 142 3972 str'
163 3910 294 3984 clausula,
320 3931 376 3990 quo
395 3911 518 3988 initium,
543 3933 649 3993 nempe
667 3912 852 3982 submissione
872 3923 901 3974 et
918 3913 1055 3984 modestia
1073 3907 1242 3970 certandum.

100 3989 181 4059 inter
200 4007 255 4056 nos
274 4007 343 4061 esse,
364 3987 427 4070 quiq
442 3985 571 4068 parvulos
586 3991 664 4064 Deus
683 3987 815 4072 singulari
831 4009 926 4066 amore
941 3983 1145 4070 complectitur,
1180 3981 1237 4070 At-

102 4063 154 4152 qui
178 4061 213 4122 ah
238 4061 354 4121 bomine
377 4063 490 4123 mortali
513 4065 617 4144 despici
642 4064 689 4126 vel
730 4085 763 4141 ro
788 4063 875 4124 nihilo
900 4065 977 4139 duci,
1009 4073 1079 4141 quos
1104 4059 1183 4117 Deus
1205 4075 1239 4140 ¹¹¹.

103 4151 186 4200 tanto
204 4139 297 4220 pretio
316 4137 410 4214 hahet,
428 4139 511 4204 nimis
530 4140 679 4204 absurdum
698 4087 783 4204 ἐπεὶ.
816 4143 960 4212 ‚Aaronem
977 4131 1152 4223 pomp-inde
1166 4151 1238 4221 pro3
1336 4151 1339 4163 ¹

104 4217 170 4293 hat,
196 4215 273 4300 quod
296 4215 402 4298 angeli,
427 4215 474 4296 qui
492 4214 613 4290 ministri
630 4215 808 4298 suntsalutis
829 4216 968 4295 ipsorum,
993 4209 1163 4282 familiariter
1181 4211 1239 4272 Det
1265 4229 1278 4260 1
1348 4283 1352 4290 1

107 4305 264 4387 conspectu
282 4291 426 4370 fruuntur,
512 4313 649 4378 uanquam
667 4313 728 4352 non
748 4289 911 4371 simpliciter
929 4303 995 4358 mco
1013 4279 1116 4340 iudicio
1134 4283 1240 4345 docere

106 4368 212 4476 uplnrt,
236 4389 320 4456 quarn
338 4367 498 4434 honorilice
515 4361 619 4433 tractet
635 4364 690 4432 'eos
707 4366 802 4462 lleus,
826 4354 942 4443 angelos
959 4355 1011 4419 illis
1028 4351 1172 4439 amlgnam
1189 4377 1240 4421 cu.
1305 4355 1306 4362 ¹
