2790 4764
343 187 426 270 (aaa.
464 184 607 252 raama
624 185 736 272 agam
754 187 791 252 re
810 186 893 252 eota
910 185 1113 271 nauata.)
1235 151 1295 264 sas

156 339 276 424 quoties
289 339 351 409 sni
369 355 431 402 non
449 359 511 402 esse
529 337 623 400 datum
642 337 855 421 obstrepentes,
879 337 1013 424 quioquid
1030 337 1127 404 tulerit
1145 357 1246 406 eorum
1263 341 1298 407 li-

157 417 246 493 bido,
270 417 368 478 Deum
388 415 553 480 infirmitatis
571 414 742 478 insimulant
1263 465 1269 476 .
1323 481 1326 486 ,

239 495 269 554 2.
311 493 410 572 mum
428 489 553 572 eoeperit
570 515 635 560 erae
652 511 786 572 vespera
824 489 878 553 His
892 491 987 555 verbis
1007 491 1142 556 admouet
1157 493 1297 574 Christus,

161 569 230 633 satis
248 581 379 631 testatam
398 589 458 630 esse
476 591 554 629 suam
571 569 719 644 virtutem,
743 583 775 630 ut
793 567 960 632 visitationis
983 591 1050 632 suae
1073 581 1194 653 tempor·
1206 593 1298 656 agno.

161 667 246 709 scere
263 645 416 721 deberent,
438 644 493 728 nisi
512 656 615 728 sponte
634 645 733 708 oculos
753 645 907 707 claudendo
923 645 1098 730 refugerent·
1108 659 1234 730 apertam
1253 650 1298 710 let-

163 743 238 786 cem.
284 722 385 784 Pulcra
408 733 501 788 autem
525 732 555 782 et
570 719 658 783 ratde
681 721 807 806 apposita
830 721 1009 785 similitudine
1033 723 1136 786 utitur:
1169 725 1324 806 quamvis·

107 831 125 844 ι·
163 800 242 861 enim
263 797 402 863 mutabilis
430 796 468 858 sit
493 797 566 858 airis
588 798 675 874 ratio,
709 811 741 858 ut
766 819 842 860 nuuc
865 812 985 880 repente
1009 820 1057 861 sur
1077 811 1107 860 at
1133 811 1296 883 tempestas,

148 897 242 938 ¹nunc
264 875 398 936 serenitas
420 885 536 964 praeter
559 893 638 954 spem
658 873 805 956 affulgeat,
831 885 930 934 nanua
948 886 1044 936 umen
1057 819 1134 938 buce
1153 897 1187 939 ex
1207 879 1295 962 signis

163 952 341 1046 praesagiunt
359 951 503 1025 hommes,
526 970 642 1010 serenus
663 971 700 1010 en
717 950 829 1011 nubilus
848 949 907 1010 dies
934 948 1045 1016 iuturus
1068 953 1114 1012 sit.
1165 953 1297 1030 'Quaerit

161 1049 173 1090 ι
196 1029 250 1088 'tur
267 1027 411 1102 Christus,
431 1047 488 1088 cur
506 1045 628 1107 regnum
646 1026 703 1087 Dei
721 1045 783 1086 non
799 1025 893 1101 minus
914 1026 1090 1088 evidentibus
1109 1027 1195 1120 siguis
1213 1043 1296 1110 pate·

176 1117 268 1166 actum
286 1125 378 1174 nona
420 1113 532 1163 escant:
552 1122 618 1160 nana
636 1099 703 1164 hinc
713 1112 792 1162 certe
802 1099 958 1176 constabat,
977 1120 1027 1162 eos
1037 1113 1157 1163 terrens
1167 1125 1296 1168 commo·
1323 1118 1331 1130 ‘

161 1181 203 1242 dis
222 1202 255 1242 ac
280 1181 391 1242 caducis
410 1178 529 1240 nimium
547 1177 674 1237 addictos
713 1175 826 1257 nicquid
844 1177 878 1237 ad
898 1175 1051 1239 coelestem
1069 1177 1295 1262 spiritualemque

160 1258 249 1319 vitam
269 1267 413 1338 spectaret
431 1277 476 1316 sus
517 1275 533 1314 e
551 1255 642 1334 deque
660 1198 774 1327 habere,
794 1273 848 1314 uec
867 1265 925 1314 tam
944 1271 1043 1314 errore
1057 1253 1201 1316 coecutir'e
1214 1278 1295 1336 quam

74 1395 98 1422 ὁ
161 1345 318 1415 spontanea
341 1331 454 1392 malitia.
478 1275 563 1392 qllleo
583 1329 667 1390 etiam
684 1331 858 1410 hypocritas
881 1340 978 1406 vocat,
1007 1329 1240 1466 tprssiasbnulent,
1264 1355 1295 1395 se

201 1427 300 1473 aerere
327 1406 404 1488 quod
427 1405 480 1468 sibi
507 1418 653 1468 ostensum
679 1425 798 1468 cernere
821 1405 965 1467 nolebant.
1048 1427 1065 1466 o

175 1507 223 1547 ere
244 1484 383 1544 mundum
405 1482 533 1564 pertinet
554 1483 651 1544 eadem
670 1481 866 1566 exprobratio:
897 1503 962 1543 nam
981 1482 1045 1563 quia
1062 1484 1099 1552 ad
1116 1495 1295 1566 praesentem
1333 1539 1338 1552 ,

159 1583 245 1624 usum
262 1579 381 1621 acrunen
401 1581 482 1620 suum
499 1559 652 1620 intendunt
674 1559 818 1635 homines,
848 1571 878 1620 et
900 1581 998 1624 sensus
1020 1559 1177 1642 applicant,
1206 1582 1294 1622 nemo

159 1639 226 1700 iere
251 1648 307 1712 est,
373 1635 380 1650 ’
398 1635 451 1696 hac
468 1635 499 1694 in
517 1647 598 1716 parte
616 1635 760 1698 nonsatis
778 1635 884 1718 polleat
901 1635 1031 1720 ingenio,
1060 1635 1108 1699 vel
1126 1637 1225 1698 saltem
1242 1638 1294 1698 ali-

203 1715 210 1729 '
248 1657 401 1794 tolerablb’s
423 1711 542 1774 notitiae
565 1712 681 1804 adeptus
699 1725 832 1805 sequatur
852 1713 928 1794 quod
947 1712 1066 1796 expedit
1118 1715 1205 1784 Unde
1224 1733 1295 1808 ergo

182 1803 219 1866 t,
231 1801 265 1850 ut
282 1789 365 1852 uobis
384 1789 500 1872 insipida
517 1789 577 1854 sint,
593 1809 687 1872 agua,
707 1789 807 1870 quibus
824 1809 879 1857 nos
895 1789 930 1850 ad
948 1811 982 1851 ss
998 1791 1077 1851 Deus
1092 1789 1212 1868 invitat,
1240 1791 1295 1852 nrsi
1392 1859 1393 1864 η

160 1867 227 1950 quia
244 1865 420 1934 volurnriae
437 1865 585 1928 socordiae
603 1885 635 1926 se
653 1865 771 1948 quisque
789 1867 918 1932 dedendo
939 1861 1035 1927 lunieu
1055 1865 1181 1928 oblatura
1201 1867 1294 1928 sulio-

161 1941 225 2005 cat?
283 1942 390 2007 Christi
414 1953 509 2009 autem
532 1942 655 2005 vocatio·
672 1954 700 2004 et
722 1963 855 2026 praeseus
880 1940 1015 2004 exhibitio
1039 1955 1172 2006 aeternae
1196 1941 1292 2006 salutis

1067 1427 1116 1467 rro
1143 1408 1178 1469 ad
1202 1419 1296 1471 totum

161 2019 313 2102 conspicua
332 2019 429 2082 scribis
449 2031 510 2082 erat
527 2029 585 2080 tam
605 2039 640 2082 ex
654 2019 739 2102 *Lege
758 2017 966 2102 et'Prophetis,
1084 2041 1119 2081 ex
1137 2019 1223 2101 ipsius
1242 2021 1295 2080 do·
1392 2027 1393 2032 ’

163 2097 268 2171 ctrina,
283 2097 329 2158 cui
349 2107 378 2158 et
395 2094 528 2156 miracula
546 2115 654 2170 annexa
674 2107 763 2155 eraut
774 2139 778 2149 a
791 2095 875 2156 Tales
895 2105 963 2155 sunt
1001 2095 1065 2157 odie
1083 2081 1226 2176 permulti,
1247 2094 1295 2176 qui

162 2171 195 2234 iu
214 2173 297 2233 rebus
317 2171 456 2254 perplexis
475 2193 506 2232 se
524 2171 627 2231 merito
641 2169 966 2252 suspendereiudicium
985 2181 1142 2246 causantur,
1162 2172 1295 2250 quimer-

161 2251 312 2330 spectanda
330 2249 366 2310 sit
385 2260 463 2310 certa
482 2245 621 2309 definitior
640 2245 699 2306 imo
718 2245 887 2326 prudentiae·
901 2245 958 2310 hoc
979 2257 1163 2326 esseputant,
1180 2266 1296 2309 omnem

160 2325 224 2388 veri
246 2325 458 2405 inquisitionem
481 2323 544 2382 data
567 2341 655 2402 opera
676 2321 786 2404 sugere.
846 2321 937 2394 Quasi
960 2340 1031 2380 vero
1054 2317 1144 2398 turpis
1167 2317 1298 2402 ignaviae

160 2397 289 2476 nonsit,
314 2423 400 2482 quum
417 2409 476 2457 tam
496 2395 593 2457 sedulo
614 2409 717 2456 curent
734 2416 806 2475 quae
826 2395 916 2456 carnis
934 2405 1002 2454 sunt
1020 2414 1053 2454 ac
1072 2406 1179 2476 terrae,
1205 2395 1296 2478 negli-

161 2498 233 2560 gere
251 2487 396 2537 aeternam
413 2471 571 2533 animarum
589 2469 716 2545 salutem,
737 2471 899 2531 et'interim
919 2487 1026 2532 crassae
1041 2491 1074 2531 ac
1087 2471 1221 2551 supinaei
1262 2493 1296 2534 o·

160 2551 272 2620 santiae
289 2567 378 2622 vanos
393 2547 454 2608 eibi
468 2567 610 2608 arcessere
628 2557 797 2626 praetextus
831 2545 921 2618 Nimis
940 2555 1033 2610 auteur
1051 2547 1170 2614 absurde
1188 2544 1218 2610 in
1238 2549 1297 2612 octi

146 2627 279 2696 ¹¹uidam
305 2625 434 2684 homines
459 2643 494 2684 ex
518 2621 662 2684 hocloco
687 2621 803 2684 eliciunt
847 2643 907 2684 non
931 2621 1017 2684 licere
1040 2645 1075 2688 ex
1102 2623 1174 2686 coeli
1192 2627 1297 2688 iutuitu

164 2649 261 2764 lircere
284 2699 330 2762 vel
353 2700 388 2762 de
411 2695 572 2780 temperie,
591 2699 636 2760 vel
661 2699 697 2760 de
720 2663 861 2780 procellis
876 2698 1017 2760 iudicium.
1065 2701 1164 2764 Potius
1184 2704 1260 2764 enim
1279 2723 1295 2762 a

155 2790 246 2846 ¹recto
266 2787 382 2838 naturae
403 2777 503 2838 ordine
522 2775 615 2860 arguit
634 2774 780 2852 Christus,
804 2777 880 2838 iuste
901 2797 949 2836 sue
967 2776 996 2836 in
1033 2777 1170 2838 atitudiae
1182 2779 1296 2861 perire,

160 2855 212 2938 qui
236 2853 268 2914 in
289 2853 375 2916 rebus
393 2851 549 2936 praesentis
568 2852 642 2916 vitae
660 2853 726 2923 setis
745 2853 821 2914 acuti
840 2851 994 2914 coelestem
1024 2873 1106 2916 ucem
1126 2855 1246 2916 scientes
1268 2866 1298 2916 et

160 2930 292 2995 volentes
311 2941 428 3012 stupore
447 2927 647 2990 suoobruunt.
691 2929 779 3022 Apud
797 2933 931 2990 Marcum
949 2929 1067 3006 additur,
1087 2929 1241 3004 Christum
1253 2933 1295 3007 in-

159 3009 310 3092 gemuisse
328 3007 453 3088 spirita:
473 3003 574 3086 qrtihus
592 3005 687 3067 verbis
707 3006 854 3088 srgnificat,
874 3006 1006 3066 dolenter
1023 3005 1182 3083 acerbeqrie
1191 3004 1297 3080 tulisse,

160 3107 250 3166 quum
272 3085 383 3146 videret
406 3083 533 3166 ingratos
556 3082 627 3144 istos
651 3082 781 3144 homines
806 3083 964 3164 praefracte
983 3083 1049 3142 Deo
1073 3081 1215 3142 resistere.
1259 3083 1299 3142 Et

162 3173 242 3222 certe
269 3181 369 3221 omues
380 3167 382 3172 “
393 3159 501 3244 gloriae
523 3158 581 3218 Dei
603 3159 758 3234 studiosos,
785 3172 815 3222 et
833 3160 1001 3240 qrricunque
1012 3155 1161 3216 hominurn
1179 3157 1297 3220 salutem

114 3250 120 3270 ¹
162 3259 249 3298 curae
266 3237 381 3312 habent,
400 3236 441 3296 sic
459 3234 596 3316 animatos
616 3257 677 3296 esse
696 3228 786 3311 decet,
808 3247 841 3295 ut
861 3233 937 3295 nulla
955 3256 1011 3298 res
1056 3231 1146 3293 aviori
1165 3250 1299 3297 moerore
1369 3236 1377 3256 ²

162 3334 214 3374 eos
236 3313 382 3388 vulneret,
399 3333 497 3398 rquam
521 3311 588 3371 du'm
613 3311 775 3374 incredulos
798 3311 852 3373 sibi
872 3312 951 3374 -uiam
975 3331 1007 3372 cr
1021 3254 1109 3372 ilenti
1128 3311 1190 3372 data
1209 3327 1299 3394 o'pera

131 3401 137 3412 ·
162 3389 312 3452 obstruere
337 3390 449 3464 uident,
475 3398 504 3448 et
528 3407 563 3447 eo
587 3385 875 3468 confeirequicquid'
893 3385 1001 3446 habent
1018 3386 1048 3445 in
1071 3383 1140 3462 euii,
1166 3399 1199 3448 ut
1217 3387 1299 3450 verbi

162 3476 194 3526 et
218 3485 335 3546 operum
359 3465 416 3528 Dei
440 3463 580 3546 fulgorem
605 3463 662 3528 suls
691 3463 803 3526 nebulis
828 3464 991 3525 obscurent
1064 3467 1146 3524 ocem
1171 3469 1299 3544 spiritam

162 3541 320 3622 emphatice
342 3542 464 3624 positam
489 3561 550 3601 esse
573 3539 710 3616 arbitror,
735 3552 768 3602 ut
788 3540 921 3615 sciamus,
938 3532 1080 3678 (pertitam
1102 3539 1178 3602 hunc
1199 3563 1233 3604 ex
1251 3541 1297 3603 in-

160 3619 241 3678 timo·
252 3615 345 3680 cordis
364 3616 469 3680 aflectu
487 3637 628 3692 manasse,
655 3634 693 3678 ne
712 3615 774 3696 quis
793 3615 919 3698 sophista
957 3617 1059 3693 iceret,
1082 3617 1228 3680 Christum
1246 3635 1299 3697 ge-

161 3705 209 3754 stu
233 3715 301 3776 prae
324 3715 355 3756 se
377 3693 474 3760 tulisse
497 3691 640 3767 dolorem,
671 3715 755 3774 quem
773 3692 858 3752 intus
882 3701 946 3753 non
975 3695 1104 3756 sentiret
1163 3695 1298 3752 Sanctam
1392 3725 1393 3732 κ

162 3769 240 3862 enipi
263 3773 396 3864 animam,
427 3788 517 3852 quarn
529 3769 651 3906 Spiritus
669 3769 725 3830 aeli
743 3768 941 3852 gubernabat,
958 3781 1017 3831 tam
1033 3768 1120 3851 impia
1139 3763 1297 3850 pervicacia

159 3859 274 3928 penetus
292 3859 397 3926 tristari
414 3865 531 3910 necesse
561 3857 612 3906 tut.
638 3885 642 3888 -
680 3897 683 3910 .
813 3885 815 3894 ·
848 3892 850 3904 .
875 3885 876 3893 κ

237 3921 308 3984 Luc.
327 3926 375 3988 ot.
416 3927 478 3983 Cur
500 3941 539 3980 err
563 3923 646 3982 uobis
669 3923 754 4002 ipsis,
797 3915 855 3986 Hie
878 3921 944 3984 mali
967 3919 1078 3982 iontem
1102 3915 1193 4000 aperit
1213 3911 1298 3979 Chri·

160 4011 234 4075 stus,
255 4011 284 4060 et
302 3996 380 4080 quasi
398 3999 529 4081 scalpello
548 3997 627 4060 ulctis
645 3998 737 4080 ipsum
756 4001 858 4082 tangit,
879 4001 955 4080 quod
973 3991 1078 4060 scilicet
1095 3995 1126 4052 in
1145 4011 1206 4052 suas
1227 4011 1299 4052 coru
1392 4017 1393 4022 ¹

161 4075 294 4138 scientias
316 4092 378 4136 uon
402 4075 587 4150 descendent,
619 4094 714 4156 neque
736 4075 794 4136 illic
818 4097 914 4136 eoram
933 4073 1000 4140 Deo'
1025 4089 1121 4158 secum
1145 4066 1299 4148 inquirant,

160 4151 232 4246 qpid
256 4165 366 4214 rectum
384 4147 432 4214 sit,
467 4151 546 4212 Hinc
563 4151 641 4218 enirn
660 4163 736 4212 tanta
755 4152 913 4232 hypocritis
931 4151 967 4208 ad
985 4143 1166 4206 revidendum
1184 4157 1300 4232 protere

158 4247 221 4304 vra,
242 4229 321 4310 quod
344 4241 408 4294 suas
427 4225 560 4309 ampullas
578 4245 678 4288 secure
697 4223 727 4286 in
746 4235 860 4287 aerem.
886 4217 1035 4308 roiiciupt:
1074 4236 1135 4276 non
1148 4289 1150 4296 γ
1161 4218 1300 4308 colligunt

161 4315 258 4390 atatem
278 4315 344 4370 atros
363 4316 476 4385 seusus,
495 4319 557 4380 nec·
570 4319 602 4367 se
621 4301 700 4384 ipsos
721 4301 825 4366 sistunt
842 4249 885 4416 ad
894 4295 953 4357 Dei
971 4287 1108 4424 tnbpgltffls
1126 4302 1161 4350 ut
1179 4294 1299 4371 palmam

829 4575 843 4604 ,
960 4579 965 4590 .
