2790 4764
640 209 645 242 l

358 307 378 318 a
411 269 490 349 (rao.
524 260 713 334 'semesam
731 269 999 350 curaremus
1200 227 1281 338 ιιι

27 381 42 474 l
127 412 314 506 'fragmentis
346 383 458 512 plenos
490 423 684 492 sustulistis?
739 423 861 494 Dicunt
887 428 930 507 ei,
958 423 1148 504 Duodecim.
1198 425 1264 490 20:

28 579 29 606 ,
130 523 241 609 Quum
271 536 373 597 autem
395 537 512 616 septem
534 531 569 594 in
591 523 730 616 quatuor
750 527 863 610 millia,
891 539 971 618 quot
991 541 1117 620 sportas
1138 550 1178 594 ex
1197 549 1251 594 re·
1282 568 1291 580 =

28 632 33 747 i
69 702 75 712 ,
127 624 237 711 liquiis
267 626 511 747 fragmentorum
539 629 680 704 tulistis?
703 635 706 644 ‘
727 625 779 697 llli
810 653 889 698 vero
923 631 1080 716 dixerunt,
1110 623 1249 744 Septem.

29 790 32 803 ,
72 816 74 822 ¹
128 727 183 795 21.
202 729 244 795 Et
262 729 337 818 plmrt
356 730 431 812 illis,
455 731 524 820 Qui
542 733 590 812 fit,
610 741 646 820 nt
667 753 735 801 nou
755 733 957 822 intelligatis?

80 921 93 938 ‘
146 961 149 968 ·
186 915 305 1004 ωε,
325 914 396 1004 ΧΗ,
441 939 472 1004 l.
499 937 610 1034 Quum
637 949 741 1005 autem
769 941 972 1008 convenisset
996 941 1247 1009 innumeratum

122 1032 185 1100 hae
209 1037 394 1118 multitudo,
427 1039 509 1106 adeo
533 1050 569 1104 ut
590 1062 626 1106 se
647 1043 783 1138 invicem
805 1041 1045 1134 conculcarent,
1072 1045 1178 1128 coepit
1198 1041 1248 1106 di-

99 1161 206 1228 cerel
218 1141 258 1208 ad
288 1141 469 1232 discipulos
496 1163 588 1224 suos,
617 1141 767 1208 Primum‘
785 1153 895 1208 cavete
921 1139 1016 1215 vobis
1043 1143 1123 1230 ipsis
1145 1165 1164 1206 a
1185 1141 1246 1208 ler·
1308 1199 1310 1204 .

119 1253 224 1320 memo
245 1246 504 1324 Pharisaeorum,
526 1231 616 1331 quod
638 1233 904 1334 cst'hypocrisis.
928 1257 931 1262 '
1131 1229 1133 1238 ’

191 1483 298 1544 Matth.
320 1487 348 1548 5¹.
391 1485 490 1565 Ouum
501 1487 649 1546 comerent
666 1485 815 1564 discipuli.
853 1485 910 1550 llic
930 1484 1059 1550 Christus
1078 1503 1113 1546 ex
1131 1503 1163 1546 re
1181 1494 1247 1546 nata

117 1557 268 1640 discipulos
286 1561 433 1634 hortatur,
452 1573 485 1622 ut
502 1561 554 1622 sahi
574 1583 590 1622 a
608 1564 774 1642 corruptelis
793 1563 929 1625 omnihus
943 1575 1072 1638 caveant,
1096 1573 1168 1642 quae
1187 1561 1246 1620 sin-

82 1670 84 1674 .
118 1656 209 1696 ceram
229 1637 365 1717 pietatem
384 1639 518 1700 inliciunt.
557 1641 706 1700 Venerunt
724 1640 807 1722 paulo
826 1652 892 1718 ante
910 1639 1063 1714 Pharisaei,
1087 1637 1135 1718 qui
1154 1637 1246 1718 speci-

117 1717 182 1772 meh
200 1711 343 1776 dederant
360 1713 515 1776 virulentae
533 1713 719 1796 pervicaciam
738 1717 891 1778 Sadducaei
909 1715 965 1778 illis
982 1716 1095 1777 sueram
1111 1714 1245 1776 comites:

116 1787 151 1846 ah
176 1789 229 1849 alia
241 1805 339 1871 parte
362 1793 453 1852 stabat
476 1793 606 1853 Herodes
630 1793 777 1871 pessimus,
798 1793 905 1873 etipse
924 1815 1007 1854 sanae
1029 1791 1176 1852 doctrinae
1195 1790 1265 1852 ad·-

116 1867 253 1926 versarios
274 1879 303 1928 et
321 1881 480 1950 corruptor.
497 1895 499 1902 ·
518 1870 601 1928 Inter
618 1868 688 1930 haec
704 1869 830 1962 pericula
849 1869 1007 1930 necessario
1026 1869 1161 1930 monendi
1179 1867 1243 1928 lire·

116 1953 183 2000 runt
202 1943 344 2026 discipuli,
368 1958 400 2004 nt
419 1945 472 2006 sihi
492 1957 735 2014 carerent;‚:nam
793 1969 840 2006 um
859 1948 893 2006 ad
911 1948 1062 2010 vanitatem
1082 1957 1244 2022 memores

117 2031 218 2098 sponte
244 2020 362 2082 inclinet
390 2021 543 2082 humanum
566 2021 725 2103 ingenium,
761 2037 763 2042 ’
795 2023 881 2094 iaoa
905 2021 1088 2084 circumstant
1131 2029 1244 2083 deversa

118 2101 286 2172 commenta,
304 2098 476 2159 adulterinae
494 2098 649 2172 doctrinae,
671 2111 701 2160 et
719 2089 821 2160 similis
837 2099 912 2182 'aliae
927 2111 1031 2178 pestes,
1050 2097 1081 2158 ni
1101 2097 1108 2112 ‘
1138 2093 1244 2176 proeli·
1282 2149 1283 2156 ,

116 2169 176 2257 yios
194 2185 242 2234 est
260 2194 344 2252 quam
361 2175 483 2236 deficere
501 2195 516 2234 a
535 2193 603 2244 vera
622 2184 652 2232 et
668 2174 761 2234 nativa
779 2175 900 2266 puritate
918 2175 999 2234 verhi
1018 2173 1083 2234 Dei.
1122 2171 1155 2233 Si
1173 2189 1244 2232 vero

115 2265 170 2306 ram
189 2249 345 2332 contigerit
362 2271 417 2312 nos
436 2249 529 2314 teneri
547 2247 711 2326 implicitos,
732 2248 794 2310 herr
812 2270 957 2328 nonquam
976 2248 1097 2328 poterit,
1120 2261 1154 2308 ut
1169 2245 1246 2306 inte-

31 2366 33 2393 ,
115 2341 199 2402 grum
224 2347 349 2408 regnum
370 2327 402 2386 in
425 2325 509 2386 nohis
532 2325 660 2386 obtineat
685 2345 754 2384 vera
777 2324 889 2406 religio.
927 2325 1038 2384 Verum
1063 2333 1096 2382 ut
1117 2342 1166 2385 res
1186 2321 1246 2400 ipsa

116 2397 218 2460 clarius
237 2415 337 2480 pateat,
354 2403 540 2480 expendamus
558 2399 646 2458 verba
666 2398 783 2458 Christi.
834 2425 837 2432 ⁴
905 2435 906 2440 κ
1184 2461 1187 2470 „

194 2480 223 2537 u.
261 2481 290 2536 A
307 2479 458 2552 fermento
482 2475 724 2536 Pharisaeorum.
766 2471 925 2534 Matthaeus
948 2469 1125 2533 Sadducaeos
1146 2469 1246 2535 Phari-

115 2551 189 2610 saeis
213 2549 350 2634 adiungit:
382 2555 495 2612 Marcus
518 2548 641 2630 proluis
666 2547 795 2610 secundis
818 2543 963 2610 substituit
986 2547 1144 2626 Herodem:
1171 2549 1245 2609 aud

115 2625 229 2684 Lucam
248 2629 283 2688 de
302 2625 531 2690 solisPlrarisaeis
550 2623 582 2686 fir
599 2626 708 2686 mentio
726 2623 897 2706 (quanquam
914 2623 1060 2686 inserturi·
1074 2638 1125 2702 est,
1139 2569 1244 2687 anlo-
1270 2687 1272 2692 ,

117 2721 166 2761 cas
195 2704 317 2764 eundem
344 2703 449 2764 recitet
471 2721 633 2764 sermonem
660 2701 799 2777 Christi),
830 2713 861 2762 et
883 2700 1054 2762 fermentum
1078 2701 1245 2786 hypocrisin

116 2798 181 2838 esse
204 2777 314 2840 definit:
351 2779 473 2859 denique
495 2778 621 2840 breviter
643 2778 811 2861 perstringit
833 2777 906 2838 hano
930 2779 1112 2854 sententiam,
1136 2781 1194 2842 acsi
1212 2781 1244 2839 in

114 2854 213 2916 verbis
238 2855 308 2917 nihil
335 2856 435 2934 luisset
455 2856 529 2916 amh'
568 2877 625 2916 um.
716 2877 854 2936 uanqnam
878 2866 970 2916 autem
993 2855 1158 2937 metaphora
1176 2857 1242 2931 fer-

27 2921 32 2980 l
116 2937 225 3004 taeenti,
254 2951 324 3013 qcne
346 2933 394 2994 hic
417 2932 502 2994 salsae
526 2875 672 2994 diutinae
691 2943 815 3014 aptatur,
843 2931 961 2998 alibiad
982 2931 1057 2993 vitae
1074 2948 1244 3010 morumque

28 3009 32 3042 '¹
115 3007 281 3102 hypocrisin
299 3009 564 3092 transserri'potuit,
582 3008 628 3070 vel
646 3009 732 3070 etiam
750 3008 825 3070 idem
835 3007 886 3084 tus
905 3007 971 3082 dici,
990 3007 1060 3069 nihil
1078 3019 1173 3066 tamen
1193 3003 1244 3066 ab·
1282 3071 1290 3080 „
1343 3013 1356 3062 ί

116 3085 195 3144 surdi
218 3099 285 3163 eru,
308 3087 332 3146 si
354 3085 491 3160 dicamus,
515 3107 585 3166 quae
604 3084 649 3145 alii
668 3087 727 3146 duo
746 3085 900 3146 secundum
918 3083 1052 3148 historiae
1071 3083 1172 3144 seriem
1192 3101 1244 3142 co-

27 3189 29 3200 s
116 3161 224 3240 piosius
242 3175 365 3237 narrant,
384 3183 401 3222 a
419 3163 497 3223 Luca
514 3163 597 3240 paulo
612 3161 703 3237 aliter,
720 3183 774 3224 nee
792 3183 846 3222 suo
865 3161 932 3222 loco
950 3158 996 3221 vel
1015 3159 1115 3220 ordine
1134 3158 1244 3242 attingi,

117 3248 150 3294 ut
173 3249 269 3300 tamen
294 3241 327 3300 in
348 3261 381 3299 re
404 3239 479 3298 nulla
502 3240 591 3300 disere
613 3237 689 3298 antia
712 3238 757 3298 sit.
808 3239 840 3300 Si
863 3236 937 3296 hanc
955 3234 1147 3296 coniecturam
1165 3238 1246 3329 sequi

27 3371 28 3390 ,
117 3309 216 3389 libeat,
245 3317 412 3396 hypocrisis
436 3315 509 3384 alind
532 3337 570 3376 no
620 3315 645 3376 it
667 3335 750 3394 quam
773 3313 899 3376 sucosam
922 3333 955 3372 ac
979 3311 1073 3372 fictam
1093 3312 1245 3394 sapientiae

27 3415 28 3468 ἦ
117 3389 273 3468 speciem,
290 3414 395 3485 nempe
424 3391 535 3462 iontem
557 3391 649 3472 ipsum
673 3413 706 3452 ac
728 3391 872 3452 materiam
891 3385 981 3448 inanis
1003 3409 1138 3486 pompae,
1174 3411 1246 3472 quae

27 3469 28 3478 ’
117 3485 253 3547 magnum
279 3469 313 3530 ali
354 3471 382 3529 rd
411 3489 507 3530 coram
535 3466 697 3528 hominihus
728 3479 874 3540 ostentans
900 3463 979 3526 nullu
998 3467 1075 3546 apud
1098 3467 1193 3528 Deum
1214 3467 1245 3526 in

118 3545 213 3620 pretio
234 3557 283 3606 est.
350 3567 395 3605 am
414 3545 486 3606 siem
504 3543 579 3606 oculi
597 3542 725 3618 Domini,
747 3555 823 3604 teste
840 3539 1054 3617 Ieremia(1er.
1074 3546 1102 3619 5,
1120 3542 1174 3621 3.),
1193 3564 1249 3605 vem
1337 3608 1341 3612 ,

119 3617 231 3680 ritatem
252 3622 425 3702 respiciunt,
451 3621 491 3680 ita
513 3620 604 3681 verlso
629 3641 681 3680 suo
706 3619 802 3694 fideles
820 3621 864 3680 ad‘
874 3618 989 3692 solidam
1009 3619 1145 3702 pietatem
1163 3619 1245 3678 insti·
1324 3645 1325 3650 ¹

119 3695 193 3771 tuit,
219 3710 251 3757 ut
274 3698 403 3778 perlecto
425 3719 458 3758 ao
481 3697 593 3757 sincero
621 3696 707 3758 corde
730 3694 850 3758 iustitiae
872 3693 1054 3769 adhaereant,
1081 3697 1158 3754 iuxta
1179 3691 1245 3752 illud

120 3769 222 3846 (Dent.
243 3777 292 3849 lu,
312 3776 384 3850 la),
402 3776 447 3837 „Et
465 3795 542 3836 nunc
560 3772 656 3847 Israel,
676 3771 742 3852 quid
760 3772 813 3836 abs
828 3783 857 3834 te
896 3771 947 3831 etit
966 3773 1121 3846 Dominus,
1139 3767 1194 3857 nisi
1213 3777 1247 3826 ut

120 3847 173 3906 sihi
197 3849 345 3912 adhaereas
369 3861 434 3911 toto
459 3851 545 3912 corde
569 3861 597 3910 et
619 3861 679 3910 tota
698 3848 813 3909 =anima?
885 3859 967 3909 ontra
991 3869 1075 3921 uero,
1098 3845 1247 3931 hommum

118 3925 285 3988 traditiones
304 3925 465 4007 posthabito
484 3925 617 4008 spirituali
637 3925 713 3988 cultu
733 3925 865 4002 evanidos
880 3923 990 3986 colores
1003 3923 1150 3994 inducunt,
1169 3937 1248 3996 quase

119 4001 200 4062 Deus
219 4002 319 4062 talibus
337 4001 476 4062 illecebris
496 4023 528 4062 ca
548 4003 558 4061 i
575 4013 686 4082 posset:
709 4020 774 4062 nam
796 4000 971 4082 quantumvis
991 3999 1132 4084 emine-ant
1154 4003 1267 4052 extem.

119 4099 176 4139 nae
195 4078 500 4152 ceremoniaacoram
549 4099 584 4140 eo
602 4089 699 4140 tamen
738 4079 839 4142 oeriles
858 4095 952 4156 nugae
971 4085 1051 4147 sunt,
1073 4091 1129 4130 nur
1148 4079 1248 4150 quate-

119 4175 175 4216 nus
197 4171 296 4214 'earum
318 4152 488 4216 adminiculo
501 4175 678 4216 »exercemur
701 4100 736 4215 ad
759 4175 855 4216 ueram
878 4155 1020 4237 pietatem.
1062 4147 1148 4232 anc
1167 4159 1249 4204 tene·

120 4251 200 4306 mus,
236 4251 289 4290 cur
314 4229 481 4313 hypocrisin
502 4229 568 4292 loco
591 4229 802 4294 commentitiae
824 4229 969 4288 doctrmae
990 4230 1117 4298 posuerrt
1136 4221 1249 4310 Lucus,

121 4317 152 4367 et
173 4304 232 4368 hoc
254 4307 375 4369 nomine
396 4305 557 4388 complexus
580 4307 615 4367 sit
636 4305 786 4366 hominum
809 4301 1056 4385 fermenta,·quae
1074 4301 1185 4353 tantum
1204 4313 1251 4351 m-

121 4383 207 4462 llant,
234 4403 333 4453 coram
356 4385 425 4449 Deo
444 4395 540 4448 autem
558 4381 628 4446 nihil
647 4379 799 4444 continent
816 4371 950 4466 solidum
973 4383 1031 4425 *¹1¹⁰
1050 4385 1121 4462 ‘tute
1140 4375 1254 4428 meum
