2796 4774
218 195 278 259 346
434 192 546 258 sm,
566 129 638 256 xlx
688 199 1118 257 momenmentum.

220 343 312 410 ctrina
329 343 460 412 morat?
496 343 599 424 Neque
619 363 679 405 nmo
696 353 807 404 tantm
824 343 998 406 dirruentes
1016 358 1123 408 nostras
1141 357 1265 438 occupat
1281 359 1336 408 tam
1367 327 1368 340 ¹

218 423 319 486 brutus
336 433 450 502 stupor,
482 420 531 482 sed
550 431 703 512 perpetuus
721 431 779 494 est,
809 418 902 482 donec
925 442 978 482 sno
996 443 1048 482 nos
1066 433 1180 502 aspectu
1198 423 1336 506 dignetur,

218 499 268 580 qni
285 497 360 560 solos
382 497 466 558 conde
485 495 630 570 hominum
649 497 797 558 convertit.
852 497 963 557 Notore
981 509 1076 558 tomen
1098 503 1334 580 operaepretium

218 585 275 651 cst,
292 593 352 634 non
371 572 456 634 lnioe
474 568 618 655 vulgarem
636 571 767 632 intuitum
784 571 859 660 (qnia
874 573 971 634 ludent
990 574 1067 654 prius
1085 594 1234 654 respexere
1292 577 1335 655 qui

216 663 312 712 nmen
330 647 417 708 nihilo
436 649 502 710 inde
521 647 644 710 redditus
662 647 755 708 luerat
772 646 899 722 melior),
926 651 977 710 sed
1002 650 1032 709 in
1056 650 1231 730 respiciendo
1277 665 1334 713 nro

217 725 306 787 oculis
324 725 379 786 suis
397 726 552 786 adiunxisse
570 745 696 786 arcanam
715 723 835 804 Spiritus
854 724 1019 802 efficaciam,
1037 738 1122 808 atquc
1138 727 1209 786 adeo
1283 729 1333 788 tire
1367 763 1368 772 κ

216 821 283 863 sure
301 801 384 864 radiis
402 800 433 860 in
452 821 505 864 cor
523 800 582 862 eius
599 811 769 882 penetrasse.
823 799 920 875 Quare
941 802 1073 877 sciamus,
1113 803 1222 894 quoties
1271 827 1334 884 psus
1367 845 1368 848 κ

216 877 304 939 luerit
326 877 479 958 quitiam,
515 877 625 938 cinon
652 895 714 938 esse
739 875 929 957 poenitentiae
956 877 1066 938 initium
1095 877 1149 944 orsi
1177 899 1193 938 a
1219 881 1334 940 Domini
1367 869 1368 960 J

215 966 339 1035 aspecto
449 957 604 1015 itomore.
633 951 792 1012 Verisimile
811 963 854 1013 est
872 954 988 1014 Petrum
1006 966 1086 1014 meto
1104 975 1248 1038 mom
1267 977 1333 1032 csse,
1367 961 1368 992 ³

215 1051 281 1168 gppp
298 1030 370 1092 llere
387 1051 484 1092 coram
503 1028 620 1092 testibus
638 1049 698 1088 non
716 1029 848 1090 audebat:
871 1027 901 1090 in
919 1051 978 1110 quo
997 1049 1028 1090 se
1046 1053 1141 1092 rursus
1156 1030 1249 1092 ndlrnc
1266 1053 1332 1112 pro

273 1107 368 1169 teins
390 1104 545 1168 infirmitas.
601 1105 687 1166 Unde
717 1104 885 1187 colligimus,
924 1126 984 1166 non
1009 1107 1197 1172 satisfactione
1224 1109 1332 1170 veniam

215 1183 302 1246 tuine
320 1185 518 1265 promeritum,
548 1180 597 1242 sed
621 1201 681 1242 eam
705 1182 836 1261 adeptum
853 1191 967 1262 paterne
984 1183 1041 1242 Dei
1058 1181 1239 1266 indulgentia.
1276 1185 1332 1244 At·
1367 1183 1368 1212 ³

215 1281 273 1340 que
297 1258 352 1320 lroc
376 1259 504 1339 exemplo
532 1257 680 1332 docemur,
718 1257 842 1336 quemvis
870 1257 1007 1319 claudicet
1031 1271 1128 1320 nostra
1154 1259 1331 1350 poenitentia,
1367 1217 1368 1308 l

214 1335 291 1398 bene
308 1347 404 1396 tamen
422 1333 589 1412 sperandum
608 1354 681 1394 esse:
704 1333 768 1412 quir
786 1351 823 1394 ne
841 1333 960 1394 debilem
979 1334 1091 1414 quidem
1109 1335 1329 1414 resipiscentiam,

214 1413 302 1472 modo
320 1411 428 1472 sincera
446 1410 497 1485 sit,
516 1411 596 1470 Dens
616 1421 787 1489 aspernatur.
825 1409 943 1470 Interim
962 1411 1091 1471 occultae
1109 1411 1187 1474 Petri
1204 1409 1330 1474 lacrinm

178 1530 182 1552 .
214 1509 310 1552 veram
335 1487 393 1548 eius
418 1505 513 1546 coram
539 1487 604 1546 Deo
628 1497 657 1546 et
676 1507 710 1546 nn
733 1485 781 1546 elis
800 1485 1002 1566 poenitentiam
1019 1497 1135 1548 testata
1152 1499 1225 1550 sunt.
1262 1489 1330 1549 Nam

215 1563 251 1626 ab
270 1563 415 1624 hominurn
434 1561 522 1623 oculis
541 1561 693 1624 subductos
712 1505 805 1622 lenm
824 1561 877 1621 sibi
895 1575 924 1622 et
941 1561 1060 1644 angelos
1074 1563 1223 1644 proponit:
1255 1563 1330 1624 ideo-

214 1661 270 1719 qne
289 1661 323 1700 ex
342 1638 441 1698 intimo
460 1637 553 1698 cordis
571 1637 678 1698 affectu
695 1648 810 1698 manant
826 1637 894 1698 istae
912 1637 1051 1700 lacrimae.
1090 1638 1179 1713 Quod
1195 1639 1260 1701 ideo
1279 1663 1328 1702 no-

213 1716 330 1776 tandum
344 1725 398 1787 est,
416 1713 612 1792 quiavidemus
631 1733 676 1782 eas
697 1733 712 1774 a
732 1713 824 1774 multis
844 1713 921 1796 large
938 1713 1184 1802 profondigquarn
1200 1716 1249 1775 din
1270 1739 1328 1796 spe-
1367 1769 1368 1778 ,

214 1803 341 1862 etantur,
386 1788 466 1847 uibus
486 1789 516 1848 in
540 1809 652 1850 secessu
674 1787 750 1849 oculi
768 1809 835 1849 mox
855 1801 992 1850 arescunt.
1023 1791 1121 1850 'Porro
1141 1811 1201 1850 non
1218 1791 1327 1852 dubium
1367 1857 1368 1866 χ

211 1877 269 2001 pst,
289 1863 368 1998 quinh
403 1863 514 1954 crimus,
534 1885 604 1944 quae
623 1863 681 1954 Dei
698 1864 801 1924 iudicio
820 1864 1136 2002 nulleeflexprimnntnr,
1166 1866 1258 1928 eliciat
1274 1891 1328 1928 aro-

212 1949 337 2078 ..tt‘ttt
369 1937 1067 2096 ffi.0?tttt“¹uttttt.t⁰0.ttt.t
1088 1953 1327 2101 litgliirliu

211 2093 378 2168 Dominum,
397 2112 529 2172 suamque
548 2091 659 2173 culpam
676 2090 770 2167 fateri,
791 2104 824 2154 ut
842 2093 953 2156 veniens
971 2093 1133 2176 impetrent:
1152 2095 1250 2155 sedin
1268 2117 1327 2178 gra-

211 2169 339 2234 vioribus
357 2168 481 2252 peccatis
499 2168 582 2230 nimis
600 2168 726 2250 stupidos
746 2184 807 2230 esse
825 2190 858 2229 ac
876 2171 1022 2245 socordes,
1078 2170 1087 2184 ’
1105 2191 1165 2230 non
1185 2172 1326 2232 vulneran-

212 2259 259 2309 tur
278 2245 378 2308 dolore
395 2268 428 2308 ec
447 2245 572 2321 tristitia,
600 2267 655 2307 nec
674 2247 814 2324 usquead
832 2245 957 2306 lacrimas
975 2245 1047 2327 pude
1068 2258 1126 2306 unt.
1164 2248 1326 2323 Ideo‚Scri-
1367 2271 1368 2330 j

211 2336 308 2406 ptura,
333 2335 480 2460 postgnnm
502 2321 639 2389 scelerum
657 2341 722 2384 reos
741 2321 852 2405 peregit
874 2321 1019 2400 homines,
1054 2323 1088 2384 ad
1111 2343 1218 2386 sacorrn
1241 2336 1273 2384 st
1290 2324 1326 2386 ci-

130 2461 133 2476 ,
210 2421 309 2464 nerem
328 2421 377 2462 eos
415 2409 530 2460 ortatur.

293 2741 398 2826 (206.)
440 2741 609 2813 ΜΑΤΤΗ.
630 2747 762 2812 XXVII.
806 2745 836 2811 l.
858 2745 970 2824 Mene
987 2757 1091 2816 autent
1118 2749 1202 2818 lacto
1229 2751 1326 2816 eonsi-

208 2845 287 2914 liunr
319 2857 473 2933 ceperunt
500 2869 612 2914 onmes
642 2849 801 2937 principes
827 2849 1030 2917 secerdotum
1057 2864 1088 2918 ct
1111 2855 1253 2918 seniores
1273 2873 1325 2938 po

207 2949 277 3040 puli
299 2949 453 3016 adversus
473 2952 592 3030 lesum,
613 2963 650 3015 nt
671 2973 744 3018 eunt
765 2955 860 3018 morti
881 2943 1049 3020 traderent.
1077 2955 1108 3019 2.
1130 2955 1172 3020 Et
1191 2957 1324 3030 vinctum

208 3075 279 3118 enm
311 3052 523 3132 addiderunt,
562 3065 599 3118 et
620 3042 817 3120 tradiderunt
843 3055 958 3122 Pontio
979 3055 1084 3124 Pilato
1111 3057 1256 3143 praesidi.
1297 3057 1324 3120 t

207 3157 303 3220 Tunc
322 3157 436 3224 videns
457 3155 568 3234 ludes,
591 3158 648 3244 qui
672 3177 744 3222 eom
767 3157 964 3243 prodiderat,
987 3159 1076 3245 quod
1097 3157 1257 3224 damnatus
1280 3181 1323 3224 es-

207 3263 270 3329 set,
307 3261 504 3351 poenitentis
527 3258 641 3324 ductus
663 3259 770 3324 retulit
790 3261 917 3346 triginta
945 3270 1113 3347 argenteos
1133 3260 1322 3350 principibus
1367 3303 1368 3338 3

206 3356 411 3426 sacerdotum
432 3370 463 3426 et
492 3360 689 3439 senioribus,
733 3363 763 3427 4.
785 3361 915 3436 Dicens,
937 3363 1072 3430 Peeoovi
1083 3364 1236 3452 prodens
1257 3385 1321 3429 san·

139 3493 146 3518 t
208 3459 338 3542 guinem
360 3462 532 3526 innoxium.
575 3464 619 3528 At
646 3462 694 3529 illi
717 3461 874 3543 dixerunt,
903 3465 991 3550 Quid
1014 3465 1055 3530 od
1076 3471 1160 3532 nos?
1187 3479 1223 3533 tu
1243 3466 1321 3532 vide-

204 3562 259 3626 ris.
302 3559 333 3624 5.
355 3563 396 3626 Et
417 3565 568 3648 proiectis
590 3565 747 3648 argenteis
770 3567 803 3630 in
825 3567 964 3653 templo,
995 3573 1141 3646 recessit,
1165 3581 1198 3636 et
1219 3569 1320 3636 abiens
1367 3569 1368 3624 ἶ

205 3659 323 3748 laqueo
345 3684 380 3727 se
402 3661 575 3761 suspendit.
608 3665 638 3730 6.
660 3665 824 3754 Principes
846 3680 947 3734 nutem
971 3670 1169 3738 sacerdotum
1191 3675 1320 3760 acceptis
1367 3639 1368 3696 l

204 3767 370 3852 argenteis,
393 3765 548 3846 dixerunt,
569 3767 647 3834 Non
668 3767 743 3834 licet
763 3793 820 3836 eos
836 3757 965 3838 mittere
986 3773 1021 3837 in
1040 3772 1233 3856 Cerbereos,
1255 3777 1320 3862 quie

96 3895 101 3902 ·
204 3871 341 3952 pretium
365 3870 527 3955 sangoinis
550 3879 620 3953 cst..
651 3871 680 3935 7.
703 3871 853 3952 Consilio
876 3883 979 3958 autern
1001 3877 1096 3954 inito,
1128 3889 1270 3942 emerunt
1289 3895 1322 3938 er

205 3969 271 4034 illis
293 3993 402 4056 agrurn
423 3971 514 4056 figuli
541 3976 576 4036 in
606 3973 801 4058 sepulturam
823 3977 1006 4063 peregrinis.
1049 3961 1080 4044 ff
1100 3978 1212 4064 Quare
1233 4000 1322 4045 vocn-

196 4077 255 4133 tus
278 4082 327 4135 est
349 4095 424 4156 eger
445 4073 514 4152 ille,
538 4097 612 4161 eger
633 4078 810 4158 sanguinis,
844 4081 1002 4162 usquein
1024 4079 1218 4158 hodiernum,
1235 4079 1321 4146 dieu.

204 4169 234 4251 9.
261 4173 354 4237 Tunc
380 4175 540 4261 irrtpletnm
567 4165 627 4252 est,
654 4177 743 4262 quod
766 4177 883 4243 dictum
906 4189 953 4244 est
978 4203 1037 4268 per
1063 4183 1226 4260 lererniotn
1246 4183 1321 4248 Pro

206 4263 329 4344 phetam
352 4273 522 4354 dicentem,
550 4275 593 4342 Et
612 4263 802 4364 acceperunt
823 4281 950 4366 triginta
971 4293 1154 4370 argenteos,
1189 4287 1321 4374 pretitrm
1367 4331 1368 4382 ,
