2830 4772
236 188 239 198 ’
260 144 268 160 .
302 245 304 252 ,
377 176 471 256 (tou
488 173 590 284 'Petro
608 171 698 256 tapsus
717 113 918 268 praediciturd
1149 122 1216 242 m.

79 343 191 396 recreet
206 350 260 396 uos
279 349 312 394 ac
330 325 465 392 sustineat
484 323 578 388 addita
595 320 757 406 promissio,
784 315 861 406 duod
877 325 958 389 Deus
975 343 1090 389 menum
1107 335 1207 389 exten-

79 399 140 487 det,
159 421 192 469 ut
210 409 244 470 ad
265 427 297 469 se
314 406 432 468 reducat
450 402 586 484 dispersas
605 421 683 464 oves.
708 401 804 482 Docet
821 413 914 464 autern
934 401 980 464 liic
994 401 1084 477 locus,
1101 401 1206 466 nullam

57 531 61 544 ,
81 507 140 550 esse
163 482 311 548 salvificam
334 481 486 559 unitatem,
508 479 562 541 nisi
579 498 650 560 quae
668 497 737 540 oves
755 477 807 538 sub
827 476 930 544 Christi
948 479 1024 562 pedo
1042 477 1207 543 coniuncta·

81 575 203 701 lei-lew.
240 615 407 698 Post'oom
424 643 525 696 autem
543 617 747 692 resurrexero.
784 620 897 710 ¹Clarius
914 627 961 692 hic
982 629 1113 713 exprimit
1131 627 1207 713 quod
1249 621 1251 626 '

81 735 172 796 nuper
191 712 288 795 attigi,
312 655 461 794 discipulos
485 720 562 782 metu
581 705 724 788 perculsos
748 701 787 768 sic
810 706 845 766 ad
863 705 951 767 breve
969 718 1078 792 tempus
1097 707 1207 790 disper·

81 791 117 854 sis
137 803 165 852 et
182 790 279 875 palatis
298 788 397 848 ovibus
417 783 480 847 lore
499 783 600 845 similes
645 795 679 844 ut
701 783 795 846 denuo
814 793 910 842 tamen
930 785 1082 846 revocandi¹
1098 785 1154 846 sint
1171 787 1207 850 ad

81 867 165 929 ovile.
204 869 305 948 Neque
323 865 398 924 enim
412 861 580 947 simpliciter
596 825 724 920 &hristus
742 879 773 920 se
791 869 1016 920 resurrecturum
1034 863 1213 940 pronuntiat

80 944 129 1007 sed
146 955 179 1005 'se
200 943 252 1004 illis
271 943 371 1002 ducem
392 939 454 1000 lore
473 937 637 1019 profitetrm,
665 955 769 1016 eosque
789 935 842 996 sibi
859 934 977 1016 adoptat
997 937 1131 1011 comites,
1149 941 1206 1001 acsi

79 1018 185 1104 integri
204 1017 355 1080 stetissent:
390 1029 419 1076 et
437 1034 494 1096 qno
514 1013 576 1094 plus
595 1011 755 1092 concipiant
776 1009 907 1084 fiduciae,
936 1011 1032 1072 locum
1051 1011 1148 1088 edicit,
1171 1013 1207 1077 ad
1277 1065 1278 1069 ,
1326 1029 1335 1040 ’

22 1101 23 1132 ³
80 1119 164 1178 quem
183 1117 277 1158 rursus
296 1093 479 1166 convenient,
499 1089 555 1150 acsi
573 1087 701 1164 dixisset,
719 1089 784 1171 Ego
801 1085 1081 1170 rosHierosolymae
1099 1089 1208 1169 dspsr.

80 1195 129 1235 sos
150 1173 178 1234 in
200 1171 324 1232 Galilaea
341 1190 452 1234 rursum
471 1162 610 1248 colligam.
905 1191 908 1196 ·
990 1231 992 1242 Ι
1204 1169 1206 1174 ’

79 1271 81 1278 ·
156 1251 204 1311 33.
228 1251 273 1308 lie
307 1247 416 1306 ondens
438 1243 557 1303 Petrus.
631 1259 767 1321 tanquam
795 1237 864 1300 nihil
889 1237 998 1302 simulat
1020 1240 1138 1318 Petrus,
1160 1244 1208 1306 sed
1273 1279 1275 1290 ι

79 1345 116 1386 ex
133 1325 246 1386 sincero
265 1271 370 1385 eliceto
386 1319 527 1400 loquitor,
552 1317 616 1398 quia
640 1329 734 1377 tamen
758 1316 824 1377 falsa
843 1317 955 1378 virtutis
966 1337 1044 1388 ,suae
1063 1317 1209 1380 confiden—
1230 1317 1234 1327 ’

63 1401 119 1466 ¹tia
142 1402 173 1460 in
201 1399 315 1466 stultam
338 1395 496 1458 iactantiam
520 1393 655 1470 esseron,
677 1393 780 1456 merito
803 1393 878 1456 cocci
898 1394 991 1456 itura
1016 1393 1147 1472 Christo,
1180 1408 1209 1458 et

79 1499 180 1560 graves
197 1475 279 1556 paulo
298 1485 363 1556 post
381 1471 545 1533 temeritatis
563 1489 629 1532 suae
647 1467 753 1552 poenas
775 1469 837 1531 luit.
875 1416 919 1532 lia
938 1471 1061 1534 ostendit
1079 1483 1206 1550 eventus,

78 1559 200 1617 Petrum
222 1553 258 1612 de
277 1572 308 1611 se
326 1548 388 1631 plus
407 1569 467 1608 esse
486 1546 640 1628 pollicitum
661 1569 744 1628 quarn
766 1547 938 1628 praestando.
959 1547 1052 1622 foret,
1089 1548 1154 1630 quia
1178 1567 1209 1610 se

78 1629 173 1714 probe
202 1639 334 1689 excutere
364 1623 536 1709 neglexerat.
580 1623 662 1700 ¹Hinc
686 1623 768 1684 etiam
790 1623 889 1686 melios
915 1623 1095 1704 perspicitur,
1124 1645 1231 1706 quum¹

79 1704 190 1786 stupida
209 1705 243 1766 sit
263 1703 398 1780 humanae
417 1699 603 1762 confidentiae
623 1699 768 1778 ebrietas,
781 1700 863 1782 quod
884 1721 950 1764 suae
969 1701 1141 1766 infirmitatis.
1154 1701 1210 1762 ite-

78 1804 145 1844 rum
164 1802 180 1842 a
196 1781 270 1841 Filio
289 1779 345 1840 Dei
364 1777 537 1853 admonitus,
557 1777 717 1872 etquidem
735 1777 903 1858 interposito
920 1775 1118 1852 iureiurando,
1137 1781 1209 1840 adeo

79 1879 142 1919 non
162 1857 251 1929 cedit,
277 1877 331 1916 nec
351 1855 500 1936 quicquam
518 1853 641 1914 remittu-
658 1855 693 1915 de
712 1851 794 1914 stulta
814 1853 1008 1934 persuasione,
1028 1867 1063 1916 ut
1084 1853 1154 1917 altos
1173 1855 1208 1916 il-

78 1936 124 1996 los
142 1933 255 2014 spiritus*
272 1932 378 1993 maiore
396 1933 503 2012 impetu
523 1929 619 1992 efflare
638 1941 748 2013 pergat.
788 1930 943 2006 Quaeritur
960 1939 1068 2006 tamen,
1091 1953 1128 1993 an
1146 1954 1208 1994 non
1319 1958 1324 1964 ’

79 2015 170 2074 Petro
194 2025 305 2104 sperare
328 2007 439 2070 licuerit
465 2007 541 2088 quod
563 2008 598 2068 de
621 2028 652 2068 se
676 2007 814 2088 spondet,
851 2027 887 2067 an
913 2027 974 2066 non
997 2006 1079 2068 etiam
1103 2007 1209 2072 Christi

39 2115 41 2120 ·
101 2085 269 2146 comissione
288 2083 376 2145 iretus
396 2085 430 2144 de
448 2103 481 2144 se
501 2083 556 2143 hoc
576 2083 741 2164 promittere
761 2083 900 2143 debuerit:
929 2083 1111 2164 Respondes,
1131 2085 1210 2166 quod

109 2161 209 2224 hristus
238 2162 293 2223 suis
316 2158 456 2240 discipulis
479 2159 599 2220 invictae
631 2157 800 2220 fortitudinis
823 2159 958 2238 Spiritum
982 2172 1048 2220 ante
1072 2161 1209 2244 promisit,
1284 2193 1289 2216 t

80 2264 95 2301 s
120 2250 226 2300 estesse
254 2240 289 2300 ad
316 2249 428 2318 ternpus
456 2235 588 2296 novitatis
614 2237 688 2314 quod
714 2235 951 2296 resurrectionem
977 2247 1128 2316 sequutum
1158 2248 1209 2300 est.

64 2263 161 2392 duta
181 2337 251 2398 ergo
270 2315 397 2376 nondum
422 2311 536 2372 coelesti
556 2311 662 2372 uirtute
685 2309 782 2372 induti*
801 2323 896 2387 erant,
922 2313 1036 2387 Petrus,
1060 2333 1076 2373 a
1098 2335 1129 2403 se
1147 2313 1209 2394 ipso

80 2403 224 2472 concepta
241 2391 349 2463 fiducia,
369 2388 433 2448 fidei
452 2399 538 2448 metas
557 2379 684 2449 tr'aosilit.
706 2387 751 2448 Ac
770 2387 888 2448 omnino
906 2387 1013 2456 dnobus
1032 2389 1123 2450 modrs
1139 2409 1210 2471 pec·
1285 2421 1287 2428 ·
1392 2397 1393 2408 ’

79 2469 168 2530 cavit:
193 2489 258 2527 nam
282 2476 311 2526 et
335 2476 445 2542 tempus
472 2462 640 2543 anticipans,¹
662 2463 715 2524 sibi
739 2465 748 2524 i
783 2463 986 2526 etemerarins
1006 2465 1059 2525 luit
1074 2485 1208 2560 sponsor,
1295 2476 1298 2482 '

78 2565 143 2604 non
161 2544 194 2602 in·
210 2540 424 2624 promissionem
440 2539 560 2600 Domini
577 2539 714 2600 recubuit.
740 2485 887 2615 §escundm
906 2540 1004 2602 clausis
1024 2541 1113 2603 oculrs
1131 2565 1209 2605 suam

77 2618 271 2680 infirmitatem
292 2615 473 2696 praeteriens,
495 2636 593 2676 secure
611 2616 700 2697 magis
722 2637 804 2696 qnam
823 2615 936 2678 t'ortiter
953 2617 1016 2700 plns
1034 2614 1071 2679 de
1088 2638 1119 2680 se
1140 2641 1209 2700 pro-

78 2697 171 2756 fessos
196 2704 239 2754 est
264 2714 346 2774 qsram
368 2691 583 2764 ratieierebat.
622 2693 689 2754 lloc
707 2691 773 2754 ideo
793 2693 947 2764 notandum
967 2705 1020 2830 esxil
1037 2707 1070 2755 ut
1089 2695 1151 2778 quis
1173 2717 1209 2759 oe

76 2768 248 2836 infirmitatis
270 2790 335 2830 suae
361 2789 472 2829 mernor
498 2768 606 2829 assidue
628 2770 663 2830 ad
689 2767 809 2850 Spiritus
837 2771 926 2831 sancti
948 2791 983 2844 au
1020 2771 1077 2832 ium
1107 2718 1210 2834 corilus

78 2848 155 2934 giat:
199 2845 301 2916 dende
324 2865 360 2906 ne
378 2843 440 2940 plus
458 2843 511 2906 sibi
534 2845 677 2926 quisquam
695 2867 806 2909 sumere
824 2847 937 2924 audeat,
968 2867 1050 2927 quam
1070 2849 1211 2912 Dominus

22 2957 23 2960 ¹
78 2922 231 3006 promittit.
272 2921 319 2983 Sic
339 2923 452 3003 quedem
471 2922 506 2982 ad
524 2935 665 2984 certamen
684 2923 824 2984 accinctos
848 2944 909 2986 esse
933 2923 1015 2985 decet
1037 2925 1146 2996 fideles,
1175 2933 1210 2986 ut

24 2999 29 3008 ’
79 3003 120 3064 de
143 2998 278 3062 victoriae
301 3021 430 3060 successu
461 3017 518 3058 non
545 2999 623 3059 dubii
646 2998 692 3059 vel
714 2999 839 3092 suspensi
869 2999 994 3062 animose
1018 2999 1115 3061 timori
1138 2999 1211 3060 resi-

78 3088 168 3140 stant:
187 3099 251 3136 nam
271 3075 420 3158 trepidatio
440 3085 469 3135 et
491 3073 575 3135 nimia
593 3075 716 3136 anxietas
739 3075 909 3145 diffidentiae
926 3077 948 3137 si
992 3098 1038 3136 um
1059 3075 1126 3138 est.¹
1148 3078 1209 3138 Ve-

77 3175 145 3216 rurn
165 3152 304 3214 exaltem
329 3163 408 3234 parte
431 3151 568 3212 cavendus
591 3162 634 3212 est
657 3163 772 3234 stupor,
792 3152 843 3231 'qui
870 3165 899 3214 et
922 3173 953 3213 so
974 3151 1136 3214 'citudinem
1159 3173 1215 3222 ex·-

78 3229 168 3304 cutit,
201 3241 231 3290 et
249 3228 366 3304 animos
394 3226 522 3308 superbia
552 3227 648 3302 inflat,
678 3239 706 3289 et
733 3227 884 3312 exstinguit
912 3224 1045 3310 precandi
1074 3227 1208 3293 studium.

78 3308 163 3366 Haec
185 3305 274 3366 media
299 3305 370 3366 ratio
396 3305 506 3386 optime
527 3324 542 3363 a
562 3303 650 3366 Paulo
675 3303 760 3380 (Phil.
782 3307 815 3376 2,
840 3303 901 3380 12.)
928 3313 1112 3386 temperatur,
1141 3307 1209 3370 dom

77 3381 163 3442 iubet
185 3403 237 3442 nos
254 3379 371 3444 salutem
394 3393 520 3442 nostram
538 3401 601 3442 cum
620 3392 699 3442 metu
720 3392 749 3442 et
767 3380 869 3442 timore
909 3399 1039 3464 eragere,
1058 3381 1211 3464 quiaDeue
1240 3439 1242 3444 ,

79 3467 142 3530 est,
166 3455 213 3547 qui
236 3457 307 3523 velle
331 3469 361 3518 ct
389 3457 527 3538 perlicere
551 3470 683 3538 operatur
705 3456 735 3516 in
757 3456 852 3520 nobis.
887 3401 967 3520 &aaa
991 3479 1026 3520 cx
1048 3479 1104 3520 una
1127 3473 1209 3542 parte

79 3530 243 3594 humiliatos
262 3533 295 3590 ad
314 3535 483 3612 quaerendas
502 3531 568 3593 alibi
592 3534 732 3616 suppetias
750 3533 890 3594 sollicitat:
909 3555 1020 3596 rursum
1038 3547 1149 3610 minen,
1171 3557 1210 3597 oe

77 3613 202 3693 ignavos
221 3601 317 3668 reddat
337 3609 507 3685 sollicitudo,
532 3611 566 3670 ed
589 3621 719 3671 strenuos
746 3621 863 3673 conatus
882 3632 935 3673 nos
952 3611 1089 3675 hortatur.
1128 3613 1208 3694 Ergo

77 3682 195 3767 quoties
220 3703 250 3744 se
273 3683 355 3744 nobis
379 3683 483 3768 ingerit
506 3685 597 3766 eliqua
617 3686 752 3761 'tentatio,
776 3687 897 3780 primum
919 3688 1002 3750 nobis
1026 3689 1058 3749 in
1082 3701 1216 3750 mentem*

78 3759 181 3826 veniat
196 3771 292 3821 nostra
311 3759 466 3836 infirmitas,
492 3773 524 3820 ut
548 3783 662 3842 prorsus
685 3763 786 3823 deiecti
810 3763 922 3824 aliunde
947 3778 1045 3848 petere
1063 3765 1207 3838 discamus,

78 3835 163 3920 quod
185 3835 267 3896 nohis
286 3835 375 3897 dee'st:
400 3835 501 3896 deinde
521 3850 650 3898 occurrat
666 3838 818 3918 promissae
836 3840 941 3922 gratiae
960 3839 1110 3914 memorie,
1134 3857 1207 3918 quae

22 3943 23 3946 ¹
77 3933 136 3976 nos
155 3911 335 3973 dubitatione
350 3911 459 3972 liberet.
497 3912 569 3972 Nam
589 3913 637 3992 qui
654 3914 819 3992 infirmitatis
848 3939 913 3980 suae
932 3917 1025 3990 obliti,
1044 3935 1106 3974 non
1124 3915 1209 3974 invo-

78 4001 147 4052 cato
166 3989 245 4062 lieo,
268 3987 358 4048 lortes
376 4007 407 4049 se
426 4007 487 4048 esse
506 3987 657 4064 confidunt,
677 3991 793 4070 perinde
812 3988 919 4054 iaciunt
937 4011 971 4054 ec
989 3989 1136 4054 temulenti
1153 3987 1208 4052 mi-

78 4065 160 4141 lites,
190 4066 237 4146 qui
261 4065 296 4126 sd
319 4085 394 4125 arma
418 4076 526 4125 temere
551 4063 710 4144 prosiliunt:
744 4067 866 4130 exhalata
889 4079 982 4140 autem
1006 4067 1117 4158 crapula
1137 4065 1208 4130 nihil

78 4141 158 4218 aliud
176 4163 258 4224 qnam
277 4140 372 4223 fugam
391 4140 569 4202 meditantur.
608 4141 712 4204 Mirum
731 4156 824 4206 autern
844 4155 895 4220 est,
913 4144 989 4226 qood
1006 4142 1106 4224 reliqui
1124 4143 1208 4206 disci-

77 4215 141 4300 puli
159 4229 225 4298 post
243 4217 443 4299 reprehensum
459 4218 587 4293 Petrum,
611 4218 752 4280 tamenin
772 4219 887 4280 eandem
907 4219 1093 4282 temeritatem
1112 4239 1207 4284 erum·

77 4305 174 4377 punt:
203 4295 278 4358 unde
300 4306 429 4378 apparet,
457 4313 539 4376 quam
559 4313 661 4376 perum
682 4293 735 4357 sibi
756 4295 818 4356 noti
836 4293 948 4356 fuerint.
967 4309 970 4316 “
987 4295 1057 4371 Quo
1078 4297 1206 4381 exemplo
