2796 4774
73 181 79 192 '
187 185 258 252 tt*
414 181 525 248 ster.
546 181 628 244 xlv.
667 195 838 272 maxema
856 196 1093 258 ercammarus.
1179 187 1191 225 s

129 393 132 404 ,
189 333 291 421 phetae
309 333 390 396 obire
408 332 508 397 voluit
548 332 645 396 Docet
663 331 750 416 igitur
767 331 890 398 meranda
908 331 978 397 baec
999 333 1107 398 Christi
1124 332 1253 410 reiectio,
1272 331 1315 396 ci-

190 433 239 478 ves
263 409 406 472 Nazareth
428 406 598 490 interposito
624 409 759 490 temporis
783 409 873 490 spatie
899 431 960 471 non
980 411 1066 476 luisse
1083 423 1241 486 correctos,
1264 410 1315 472 sed

188 509 301 636 ἔξωρα
323 488 397 548 idem
420 497 601 569 contemptur
615 483 798 553 obstaculum
821 485 875 548 sibi
899 485 1014 565 secisse,
1042 510 1080 551 ne
1100 487 1241 551 Cluiatum
1264 507 1315 548 au·

234 575 291 626 ent.
572 611 576 618 .
828 605 830 612 ,

265 641 312 701 54.
349 629 402 698 Ito
425 647 460 696 ut
484 629 645 714 stuperent.
692 632 815 716 Stupent
842 637 886 698 rei
916 637 1043 700 novitate
1062 637 1208 720 perculsi,
1239 637 1315 718 quod

191 713 332 788 Christus,
361 711 408 794 qui
432 712 525 774 literas
548 733 609 772 non
628 711 777 788 didicerat,
807 714 858 773 sed
876 734 891 774 a
910 714 1029 794 pucritia
1049 737 1137 795 usque
1156 717 1190 777 ad
1208 715 1316 777 virilem

188 802 307 854 aetatem
327 801 453 850 versatus
474 789 585 850 eratin
604 785 769 848 mechanico
789 789 912 870 opificio,
931 801 1025 851 tantus
1045 792 1082 851 sit
1099 793 1206 854 doctor
1224 814 1256 854 ac
1273 791 1316 852 di-

189 869 283 930 vinam
301 865 464 948 sapientiam
479 867 575 946 spiret.
614 867 649 924 lu
664 861 891 946 ‚bocmiraorlm
912 883 998 958 quum
1017 867 1207 928 Dei‘manum
1225 865 1317 949 suspi-

190 966 257 1006 cere
276 941 423 1018 deberent,
449 963 548 1002 eorum
568 941 740 1024 ingratitudo
761 939 838 1022 lecit,
856 955 888 1003 ut
907 943 959 1002 srbi
977 944 1108 1004 tenebras
1128 945 1315 1006 obducerent.

189 1021 302 1096 Mirari,
328 1017 418 1081 velint
435 1018 542 1094 nolint,
567 1023 721 1110 coguntur:
753 1017 863 1078 interea
882 1019 1025 1100 spernunt
1067 1019 1146 1094 Quid
1164 1019 1221 1082 boe
1240 1019 1315 1080 aliud

190 1107 247 1172 est,
263 1094 547 1177 .quam'Propbetam
565 1093 703 1154 divinitus.
718 1093 851 1156 edoctam
870 1094 1003 1170 abiicere,
1028 1095 1092 1176 quia
1113 1116 1149 1156 ex
1166 1095 1317 1156 bominum

189 1171 288 1256 ecbola
305 1193 366 1234 non
382 1169 519 1264 prodeat?
556 1171 595 1232 Et
612 1191 642 1232 se
662 1189 718 1256 pro
738 1170 976 1256 riaconlessione
995 1171 1130 1256 iugulant,
1150 1193 1237 1254 quum
1256 1185 1317 1233 tam

188 1247 243 1311 insi
262 1246 266 1260 ”
285 1271 301 1310 e
323 1248 518 1309 testimonium
542 1247 665 1312 reddunt
735 1245 795 1308 risti
818 1247 975 1322 doctrinae,
1006 1247 1076 1328 qua'e
1099 1247 1194 1308 lamen
1217 1247 1315 1309 locum

189 1335 206 1387 'a
288 1341 336 1385 eos
361 1343 422 1383 non
442 1323 567 1398 invenit,
597 1324 661 1402 quia
684 1323 813 1385 usitatam
835 1322 898 1384 non
922 1323 1007 1384 habet
1032 1321 1172 1406 originem
1192 1335 1315 1388 eterra.

189 1344 250 1466 dil
267 1421 328 1460 non
347 1401 440 1481 portat
460 1398 557 1460 oculos
575 1399 605 1458 iu
625 1398 741 1460 coelum
754 1395 898 1476 attollulrt,
919 1411 950 1460 ut
968 1399 1076 1462 discant
1096 1421 1112 1460 a
1127 1401 1196 1462 Deo
1214 1399 1315 1492 proie-

170 1490 266 1548 ,ctum
290 1497 363 1550 esse,
393 1475 469 1562 quod
492 1474 640 1548 humanam
665 1475 805 1542 rationem
826 1475 958 1558 superat?
1001 1477 1178 1560 Addelquod
1195 1487 1316 1537 virtutes

187 1552 335 1614 doetrinae
353 1555 478 1611 annexae
498 1550 691 1612 vehementius
713 1573 761 1611 eos
780 1561 898 1632 tangere
915 1552 1065 1630 debebant,
1085 1553 1132 1614 tet
1147 1553 1244 1614 'saltem
1265 1571 1316 1612 ex-

187 1627 371 1712 pergefacere
398 1627 484 1688 nimia
511 1628 647 1687 socordia·
661 1628 825 1705 torpenter,
854 1623 1029 1713 dt'gloriam
1054 1631 1120 1691 Deo
1141 1631 1315 1690 tribuerentr

188 1727 255 1766 narn
280 1715 371 1779 certe,
402 1703 470 1764 dum
493 1702 612 1764 insolitis
635 1703 733 1766 modis.
749 1703 808 1786 agit
827 1705 939 1780 ssew
952 1725 987 1766 eo
1011 1703 1110 1766 clarius
1128 1728 1228 1766 manus
1248 1724 1315 1765 suae

209 1781 345 1842 otentiam
368 1779 479 1842 exserit.
523 1777 613 1858 Atqui
636 1778 705 1840 baec
727 1777 787 1858 ipsa
806 1781 917 1840 occasio
938 1792 983 1842 est
1004 1782 1173 1856 Nazarenis,
1204 1792 1237 1840 ut
1254 1801 1315 1839 ma-

186 1803 265 1940 dgne
286 1855 380 1919 velum
406 1853 494 1916 oculis
524 1855 580 1926 suis
610 1851 760 1922 obducant.
800 1855 935 1916 Videmus
960 1875 1045 1936 ergo,
1075 1877 1136 1918 non
1158 1855 1314 1938 simplicem

186 1935 197 1995 i
240 1933 389 1994 orantiam¹
412 1931 512 1992 obesse
544 1929 717 2005 bominibus,
734 1935 743 1946 ‘
759 1929 810 1991 sed
841 1937 944 2013 sponte
979 1931 1033 1994 eibi
1061 1939 1205 1993 arcessere
1232 1953 1315 1993 scan-

187 1955 261 2086 dala,
292 2030 331 2070 ne
357 2019 521 2088 aequantur,
552 2025 609 2086 quo
635 2007 712 2066 Deus
736 2017 829 2068 vocat.
882 2009 944 2068 Nos
968 2007 1064 2089 potius
1087 2009 1119 2068 in
1142 2009 1314 2069 contrariam

186 2097 296 2170 partem
314 2083 476 2146 ratiocinari
494 2083 863 2157 convenit‚'ubi'deficiunt
880 2081 1001 2165 lpumana
1020 2084 1125 2160 media,
1149 2085 1206 2146 Dei
1224 2085 1315 2148 virtu·

186 2175 246 2228 tem
264 2161 348 2236 nobis
368 2159 441 2222 clare
459 2159 593 2240 patelieri,
614 2157 649 2221 iat
665 2158 780 2220 solidam
797 2159 907 2222 laudem
925 2159 1078 2227 obtineat.=

202 2281 205 2289 -
263 2241 310 2302 55.
349 2240 451 2302 Nonne
469 2237 519 2296 bic
536 2245 582 2296 eat
594 2236 684 2310 fabii
694 2239 803 2314 filius?
842 2237 963 2312 Scimus,
995 2233 1148 2299 admirabili
1166 2235 1223 2296 Dei
1241 2254 1315 2294 eon·

188 2315 251 2380 silio
275 2317 381 2378 lactum
405 2335 479 2390 esse,
509 2323 542 2373 ut
567 2311 697 2372 Christus
719 2313 755 2372 ad
773 2333 877 2372 annum
893 2313 1064 2374 tricesimum
1082 2313 1112 2371 in
1131 2312 1188 2373 vita
1207 2311 1315 2394 privata

159 2387 219 2456 'se
241 2392 423 2466 continuerit
462 2389 539 2452 Hinc
566 2409 638 2470 ergo
660 2409 809 2478 perperam
827 2401 856 2454 et
874 2389 976 2453 iniuste
995 2410 1010 2450 a
1033 2389 1186 2450 Nazarenis
1206 2406 1317 2457 conce-¹

187 2481 236 2554 pta
260 2469 314 2528 suit
338 2468 473 2548 offensio,
502 2487 588 2548 quum
633 2475 706 2528 otrus
725 2486 773 2530 am
794 2465 859 2526 lecti
884 2487 947 2526 eum
971 2477 1136 2550 reverenter
1155 2463 1314 2539 debuerint,
1373 2537 1374 2540 Ἴ

188 2541 266 2620 quasi
289 2566 321 2602 re
343 2551 408 2604 ente
426 2551 450 2626 'e
475 2543 558 2604 coelo
577 2486 727 2622 delapsum.
767 2487 860 2620 licum
879 2541 909 2600 in'
930 2541 1044 2603 Christo
1065 2553 1231 2622 operantem
1250 2561 1315 2600 cer-

187 2625 286 2675 nuutt·
302 2567 380 2676 illine
403 2618 465 2676 data
490 2637 580 2697 opera
602 2615 703 2678 oculos
719 2633 784 2677 suos
809 2629 980 2681 convertunt
1000 2619 1043 2678 ‘ad
1062 2617 1179 2698 loseph,
1204 2625 1233 2677 et
1251 2618 1315 2678 Ma-

188 2691 274 2762 riam,
301 2701 331 2750 et
349 2711 449 2752 omnes
468 2703 622 2773 cognatos,
700 2714 763 2750 rum
783 2691 902 2754 obscura
925 2705 985 2762 erat
1004 2696 1144 2770 conditio,
1174 2705 1207 2754 ut
1220 2691 1314 2754 velum

186 2765 350 2832 manifestae
370 2765 425 2824 luci
443 2779 598 2846 opponant
636 2713 762 2825 iiiam
780 2788 862 2831 more
880 2768 1013 2832 hebraico
1032 2771 1128 2846 yocari
1147 2790 1248 2832 consan
1290 2767 1314 2815 ’-

186 2861 257 2900 neos
287 2837 439 2920 quoslibet,
474 2841 529 2900 iam
555 2839 619 2900 alibi
644 2839 770 2900 diximus.
826 2843 923 2918 Quare
946 2845 1028 2906 nimis
1050 2845 1150 2919 inscite
1168 2845 1251 2906 Helvi
1270 2844 1314 2904 ius

146 2957 151 2970 .
186 2917 281 3054 plures
300 2916 390 3007 luisse
413 2915 519 2977 Mariae
543 2915 618 2976 filios
633 2916 726 2991 finxit,
755 2915 872 2997 quiade
892 2921 999 2984 Cbristi
1017 2923 1148 2984 lintribus
1167 2920 1314 3002 aliquoties
1373 2959 1374 2964 κ

158 3033 159 3040 1
206 3004 369 3064 atmentro.
480 3011 495 3060 ’,
523 3046 526 3054 .
872 3033 876 3040 ·
1126 3007 1139 3016 ”

230 3113 232 3120 .
262 3073 310 3133 57.
347 3070 416 3130 Non
437 3077 483 3128 eat
507 3065 658 3146 Propheta
681 3091 787 3150 crepere
811 3069 937 3133 bonoria.
982 3073 1157 3136 Sententiam
1175 3071 1337 3133 baucio--

186 3143 242 3205 sius
270 3143 386 3236 exposui
409 3147 437 3206 4.
464 3143 554 3224 capite
583 3144 613 3202 in
638 3145 783 3210 loannem.
837 3149 938 3210 Potest
963 3153 1073 3232 quidem
1098 3149 1228 3234 generale
1252 3167 1312 3210 esse

185 3221 383 3308 prfoverbrum
406 3221 482 3300 quotl
498 3239 633 3300 nusquam
652 3223 766 3283 minore
783 3222 814 3282 in
830 3227 925 3304 pretio
943 3227 1007 3302 sint,
1028 3229 1075 3307 qui
1094 3226 1239 3312 praeclaris
1258 3225 1313 3288 dor

186 3316 231 3358 nu
251 3297 398 3371 excellunt,
419 3317 500 3376 quam
522 3295 553 3356 in
596 3297 665 3357 atria
684 3317 743 3362 sua:
763 3299 794 3372 iu
814 3321 870 3380 quo
890 3321 921 3374 se
940 3303 1035 3382 prodit
1053 3303 1196 3376 bominem
1215 3301 1312 3380 ingra-

184 3369 292 3443 titudo,
321 3373 368 3451 qui
392 3373 485 3432 Deum
510 3371 552 3432 in*
583 3373 682 3454 piritus
706 3373 748 3434 sui
767 3377 848 3437 donis
870 3399 904 3439 eo
926 3381 1053 3440 audacius
1077 3389 1224 3460 respuunt,
1254 3398 1312 3514 ‹Luo

83 3451 86 3456 '
185 3443 344 3506 familiarius
368 3469 428 3508 sese
455 3447 490 3506 of
500 3461 554 3508 ert:
586 3471 641 3531 ego
664 3461 759 3510 tamen
784 3451 987 3533 Chrysostom'o
1013 3453 1135 3518 libenter
1157 3453 1261 3516 subscri
1284 3455 1314 3526 o‚'

186 3520 234 3659 ῗί
263 3521 441 3600 peculiariter
470 3525 589 3586 Iudaeos
620 3525 674 3585 boc
703 3527 780 3586 dicto
807 3528 891 3590 luisse
914 3532 1080 3622 perstrictos
1108 3543 1194 3613 putat.
1254 3531 1311 3590 Sed
1372 3579 1373 3590 ,

213 3596 328 3670 hristus,
371 3600 431 3687 uod
455 3599 564 3660 solebat
591 3601 621 3660 in
644 3613 735 3674 totam
759 3607 962 3696 gemendum,
1007 3607 1101 3688 roprie
1119 3609 1312 3668 accommodat

185 3675 221 3737 ad
237 3693 302 3735 suos
313 3619 466 3763 (iablaeosr
485 3698 620 3766 nusquam
643 3678 718 3738 enim
737 3701 828 3742 minus
846 3680 963 3744 honoris
981 3629 1086 3759 liabuit,
1106 3706 1188 3765 quam
1206 3685 1237 3744 in
1249 3683 1310 3746 solo

185 3771 237 3812 suo
259 3749 351 3808 natab.
395 3750 492 3839 Quare
511 3765 614 3812 mento
633 3753 688 3814 illis
707 3755 876 3844 exprobrat.
898 3759 968 3834 uod,
996 3783 1081 3840 quum
1100 3761 1184 3842 primi
1203 3761 1310 3820 debue-
1359 3773 1363 3778 '

185 3825 387 3894 rint,oblatam
411 3825 464 3888 sabi
487 3828 605 3908 gratiam
629 3828 771 3909 simplem,
816 3779 896 3892 roceil
914 3854 930 3892 a
948 3857 978 3895 se
996 3835 1138 3896 reiiciant:
1174 3848 1216 3897 est
1236 3836 1312 3898 cuim

183 3902 264 3982 palde
287 3903 451 3992 phsurdum,
481 3903 579 3984 sperni
600 3905 631 3963 in
657 3925 692 3964 eo
708 3905 782 3974 ,loco
830 3907 855 3967 ei
879 3907 1064 3990 Prophetaru,
1089 3913 1139 3974 ubi
1156 3925 1239 3976 naurs
1254 3923 1312 3987 est,

140 4023 144 4028 .
185 3979 231 4036 cui
249 3978 295 4038 alii
315 4001 351 4056 cu
372 3979 416 4040 ide
435 3977 512 4039 velut
530 3980 689 4040 adventicio
709 3994 871 4042 occurrunt.
1257 4009 1260 4016 ⁴

259 4057 306 4118 58.
374 4079 412 4116 on
430 4057 523 4130 edidit
542 4059 606 4120 illie
624 4049 761 4118 virtutis.
802 4060 893 4144 Magis
912 4060 1067 4144 emphatice
1087 4067 1199 4126 Marcus
1218 4063 1337 4145 loqui-·
1372 4129 1373 4134 ,

183 4132 245 4214 lurp
261 4133 337 4207 quod
355 4153 415 4194 non
430 4135 562 4212 potuerit
581 4130 665 4192 ullam
684 4133 818 4194 virtutem
839 4138 932 4198 edere.
970 4141 1005 4198 In
1025 4149 1139 4200 summa
1151 4153 1248 4202 tamen
1269 4140 1312 4202 rei

185 4211 292 4282 0pt1me
320 4209 513 4282 consentiunt,
546 4205 663 4268 Christo
690 4209 793 4270 civium
823 4216 944 4274 suorum
966 4214 1109 4297 impietate
1138 4218 1314 4298 praeclusam

186 4264 269 4334 (ωδε
292 4281 379 4364 tiam,
407 4307 446 4350 ne
469 4283 564 4370 plures
587 4284 662 4366 apud
688 4305 738 4349 eos
760 4285 877 4352 virtutes
901 4291 1008 4354 ederet-
1046 4291 1171 4356 Gustum
1189 4293 1314 4375 aliquem
