2830 4772
179 227 239 293 mo
594 197 906 290 .sc'cr.sv1u.‚
964 234 967 244 ’
1100 295 1112 318 ⁶

255 375 358 440 uses.
377 376 425 440 rr.
517 373 971 440 marnasco-ananensis.
993 331 1075 450 ona
1091 393 1138 440 ro
1157 339 1315 452 rubeam.

180 453 214 520 lis
232 465 292 518 erat
308 451 355 544 (ut
372 452 428 512 iarn
464 451 577 527 iximus)
595 449 692 532 templi
711 463 740 512 et
755 451 832 512 urbis
851 449 1067 532 Hierosolymam
1086 451 1239 529 excidium,
1261 463 1315 513 to-

180 531 292 614 tiusque
316 528 443 590 rudaicae
487 527 580 588 olitiae
602 527 744 591 interitus:
777 527 878 590 deinde
901 525 1164 590 absurdnm‘rideri
1186 539 1313 621 poterat,
1401 529 1402 592 J

168 605 272 670 ,nlvos
289 625 350 665 non
368 604 449 692 aliter
483 625 532 696 ‘re
550 603 712 693 discipulos·
728 623 810 683 quam
830 603 906 698 siah
926 624 962 664 eo
981 604 1088 740 pppulo
1108 603 1312 696 ardsressent,

180 680 937 848 td“ntttta‘¹tt.t³¹b.tt²²„tltt‘ttthtssbfh't
954 681 1183 831 'bdellii‘
1203 681 1312 818 nihii

180 831 287 916 templo
306 845 336 893 et
354 831 489 926 legalibus
507 851 674 892 ceremoniis
694 842 753 892 artis
771 830 862 904 delixi,
872 841 991 922 'certum
1010 831 1095 892 finem
1113 831 1166 918 illis
1175 830 1311 914 imposuit
1401 857 1402 914 t

181 911 275 985 Dein,
302 931 334 1001 ae
357 909 465 1001 pridem
490 918 607 968 testatus
656 917 682 980 t,
710 925 795 986 quum
814 917 926 968 reniret
944 905 1137 988 Redemptor,
1167 919 1311 972 cessatura
1401 931 1402 996 j

181 1007 242 1050 esse
260 983 403 1048 numera:
432 1005 470 1044 ne
488 983 569 1046 vobis
587 994 736 1044 moestum
753 983 791 1044 ait
808 983 928 1044 resecari
946 1004 962 1043 a
981 995 1068 1064 gente
1087 995 1190 1046 restra.
1228 987 1309 1046 Deus

141 1071 144 1078 “
182 1063 265 1126 etiam
284 1062 433 1126 defutura
453 1059 523 1123 illius
542 1059 717 1120 abdicatione
736 1058 849 1120 suosin
868 1070 998 1140 tempore
1019 1060 1174 1122 admonuit.
1213 1061 1310 1128 Porro
1401 1085 1402 1090 ¹

180 1139 242 1201 talis
271 1138 426 1220 praedictio
452 1159 510 1200 non
534 1137 619 1196 modo
647 1135 681 1196 ad
703 1123 855 1196 nlteddam
880 1133 1000 1197 scandali
1022 1127 1166 1197 materiam
1187 1135 1308 1212 valebat,

180 1216 230 1278 red
255 1215 396 1276 etiamad
420 1211 565 1304 erigendas
582 1212 698 1294 piorum
722 1218 846 1286 mentes,
873 1212 959 1272 utin
983 1213 1114 1274 extremis
1134 1211 1257 1274 cladibus
1277 1235 1309 1274 se
1401 1217 1402 1240 *

108 1333 110 1342 ι
180 1291 312 1354 divinitus
335 1290 452 1372 respici,
479 1308 612 1370 suamque
637 1287 755 1352 salutem
775 1287 1018 1364 communientes,
1041 1289 1200 1355 adsacrum
1218 1310 1308 1352 auco-

180 1391 241 1430 ram
259 1365 462 1452 confugerent,
480 1367 510 1426 in
529 1386 582 1446 qua
601 1364 683 1424 inter·
694 1363 862 1426 saevissimas
881 1364 1045 1426 iactationes
1065 1365 1145 1426 firma
1163 1377 1257 1426 tamen
1278 1377 1309 1426 ct

180 1455 242 1505 tuta
258 1443 311 1506 illis
330 1453 391 1503 erat
410 1440 503 1502 statio.
528 1445 649 1501 ·Verum
667 1451 815 1520 antequam
833 1441 912 1502 utera«
923 1441 1106 1526 progrediar,
1126 1441 1307 1503 excutiendus

67 1521 77 1547 '
180 1531 225 1582 ert
241 1519 289 1600 qui
307 1537 323 1580 a
342 1517 455 1580 Christo
474 1517 576 1577 citatur
593 1514 680 1577 locus.
719 1516 863 1578 Falluntur
881 1529 983 1592 autem,
1004 1517 1196 1594 meoiudicio,
1213 1517 1319 1585 inter·-

180 1607 288 1676 pretes‚
317 1593 366 1676 qui
390 1615 424 1656 ex
447 1613 525 1656 nono
550 1593 638 1686 capite
662 1591 786 1654 Danielis
807 1593 999 1656 testimonium
1024 1594 1078 1664 boc
1101 1595 1222 1672 petitum
1244 1614 1306 1654 csse
1401 1585 1402 1652 l

179 1673 303 1738 tradunt.
340 1671 441 1751 Neque
460 1669 535 1754 enitn
553 1669 608 1730 illrc
625 1669 660 1728 ad
678 1667 796 1732 verbum
815 1669 932 1730 habetur
949 1673 1128 1729 abominatio
1146 1671 1305 1730 desolatio-
1401 1715 1402 1748 p

180 1753 237 1822 nia,
257 1751 413 1808 etcertum
433 1759 485 1821 est,
504 1745 634 1828 angelum
653 1765 713 1804 non
731 1741 767 1806 de
785 1743 881 1804 ultima
890 1747 1055 1820 vastatione,
1075 1745 1207 1806 cniushic
1218 1746 1307 1808 Ctri-
1401 1777 1402 1826 p

180 1836 239 1885 stus
257 1822 386 1884 meminit
404 1822 548 1896 disserere,
568 1824 617 1884 sed
635 1820 671 1882 de
688 1821 836 1902 temporali
855 1821 1038 1902 dissipatione
1059 1841 1140 1898 quam
1151 1820 1306 1902 attulit-ty·
1401 1833 1402 1898 ξ

178 1899 275 1963 renuit
298 1899 442 1960 Antiochi.
481 1898 582 1979 Capite
604 1909 697 1958 autem
720 1897 886 1958 duodecimo
908 1897 1022 1980 angelus
1045 1895 1175 1972 dualem,¹
1196 1908 1230 1956 ut
1250 1918 1303 1958 vo·

182 1985 262 2050 eant,
291 1971 386 2059 legalis
409 1968 497 2036 cultus
519 1969 743 2058 abrogationem,
786 1995 837 2035 uae
857 1975 948 2034 sutura
970 1983 1028 2033 erat
1047 1970 1151 2032 Christi
1169 1973 1304 2048 adventu,
1379 2041 1381 2046 ¹

572 2051 579 2064 ’
766 1996 951 2112 iinlractam
970 2047 1156 2110 constantiam
1175 2048 1306 2109 hortatus
1401 2069 1402 2118 1

99 2187 101 2194 ,
180 2138 237 2202 eat,
260 2138 371 2209 tempus
387 2143 495 2189 certum
514 2139 569 2187 tam
588 2126 685 2188 ruinae
703 2147 785 2207 quam
803 2125 1009 2189 instaurationis
1034 2123 1146 2186 debuit:
1185 2145 1221 2186 ex
1245 2148 1304 2206 quo
1401 2127 1402 2192 l

179 2050 323 2133 praedicit.
360 2054 510 2132 Postquam
534 2071 608 2112 eurm
633 2049 726 2110 fideles
748 2070 765 2110 a

180 2202 230 2278 (in
250 2205 308 2280 uit)
332 2201 454 2266 ablatum
479 2203 564 2264 suerit
581 2203 647 2285 iuge
666 2202 841 2276 sacrificium,
868 2214 895 2262 et
913 2202 1004 2284 posita
1025 2199 1111 2262 fuerit
1128 2201 1303 2262 abominatio

179 2281 246 2343 deso
275 2281 372 2356 tionis,
397 2280 543 2342 restabunt
562 2279 619 2340 dies
640 2278 714 2340 mille
733 2277 846 2340 ducenti
866 2291 894 2338 et
912 2278 1074 2370 nonaginta.
1131 2279 1234 2337 Beatus
1253 2277 1302 2358 qui
1401 2341 1402 2348 .

179 2357 396 2440 exspectaverit,
424 2351 520 2419 donec
539 2359 573 2418 ad
591 2355 666 2418 mille
684 2347 828 2416 trecentos
847 2354 961 2436 triginta
980 2375 1103 2434 qumque
1121 2353 1179 2413 dies
1198 2373 1301 2434 perve-

177 2434 245 2495 niat.
300 2435 368 2498 Scio
392 2435 466 2495 bunc
489 2433 581 2494 locum
603 2443 721 2514 propter
743 2451 820 2492 suam
844 2431 1042 2491 obscuritatem
1066 2429 1141 2491 varie
1161 2429 1302 2510 torqueri,

178 2512 228 2572 scd
246 2510 314 2572 mihi
334 2511 443 2572 videtur
460 2509 576 2590 simplex
595 2511 640 2570 bic
660 2528 841 2582 emeremus,
863 2507 938 2586 quod
957 2506 1081 2588 angelus,
1100 2517 1248 2586 postquam
1257 2527 1302 2564 se·
1401 2543 1402 2548 κ

178 2585 234 2646 mel
262 2585 397 2666 templum
425 2585 465 2646 ab
488 2587 625 2648 Antiochi
647 2584 851 2668 pollutionibus
872 2594 904 2654 et
926 2581 1007 2642 idolis
1034 2597 1185 2665 purgatum
1208 2581 1302 2656 luerit,
1401 2601 1402 2654 ζ

176 2661 342 2742 pronuntiet
360 2672 512 2722 venturum
530 2685 624 2723 rursus
645 2682 704 2728 esse
719 2673 839 2741 tempus,
858 2679 915 2742 quo
934 2679 1026 2718 novae
1045 2661 1236 2738 profanationi
1257 2681 1303 2719 ex·
1401 2701 1402 2732 2

176 2735 301 2815 positum
325 2736 386 2797 sine
408 2757 460 2816 spe
481 2738 665 2800 restitutionis
689 2737 863 2796 sanctitatem
883 2743 1152 2816 suam.omnemque
1169 2757 1303 2796 reveren·
1401 2741 1402 2744 ’

175 2811 244 2870 tiam
259 2823 401 2902 perpetuo
421 2809 535 2888 amittat.
597 2814 672 2888 Quia
692 2825 784 2873 autem
799 2811 933 2872 funestus
952 2832 983 2870 ac
1002 2803 1130 2894 lugubris
1149 2823 1211 2872 erat
1228 2833 1304 2871 nrm·

173 2886 239 2963 tius,
258 2899 361 2949 aterum
379 2887 551 2968 Prophetam
570 2890 604 2949 nd
628 2911 733 2949 annum
756 2911 844 2962 unum
863 2900 892 2948 et
910 2887 1056 2947 biennium
1076 2899 1104 2947 et
1118 2909 1172 2964 sex
1190 2909 1303 2966 mermes

173 2975 298 3026 revocat.
344 2961 456 3040 Quibus
479 2965 571 3026 verbis
593 2977 651 3026 tam
669 2965 805 3026 malorum
824 2965 987 3026 diuturnitas
1006 2983 1089 3044 quam
1109 2963 1197 3024 exitus
1217 2973 1302 3022 nota-

174 3051 229 3100 tur.
286 3042 360 3111 Nam
385 3039 568 3100 incontinua
590 3037 737 3100 malorum*
746 3042 818 3102 serie
836 3041 937 3134 longus
957 3039 1011 3100 iam
1029 3039 1140 3099 ridetur
1158 3038 1224 3097 anni
1244 3039 1301 3098 cir-

174 3116 277 3178 cuitust
315 3117 365 3180 uhi
387 3127 480 3178 autem
503 3117 658 3198 duplicatur
676 3117 811 3200 temporis
830 3130 960 3198 spatium,
983 3113 1071 3175 multo
1088 3113 1177 3196 magis
1196 3114 1299 3174 crescit

173 3191 310 3254 molestia.
366 3195 507 3256 Hortatur
530 3215 599 3275 ergo
623 3195 644 3256 S
666 3194 743 3254 iritus
767 3193 873 3269 fideles,
901 3204 1015 3259 utnon
1035 3191 1120 3252 modo
1140 3189 1175 3250 ad
1193 3189 1299 3274 integri

164 3267 240 3326 'anni
259 3269 329 3346 (hoc
347 3281 392 3332 est
409 3270 489 3353 longi
508 3215 663 3352 temporisi
676 3269 851 3330 tolerantiam
869 3291 900 3332 se
920 3277 1092 3348 comparent:
1120 3267 1171 3326 sed
1189 3278 1223 3324 ut
1243 3277 1299 3326 sta-

142 3385 147 3394 .
173 3353 264 3419 ruant,
284 3346 420 3408 contiuuo
439 3345 588 3406 multarum
607 3359 729 3408 aetatum
746 3359 848 3408 tenore
867 3346 995 3407 serendas
1013 3343 1063 3402 sibi
1082 3349 1145 3402 esse
1166 3341 1299 3420 afflictio*

147 3437 233 3483 sues.
272 3420 374 3482 ¹Porro
393 3423 423 3482 in
443 3423 558 3487 dimidio
577 3423 712 3502 temporis
730 3423 825 3484 subeat
842 3443 903 3482 non
921 3441 1007 3504 parra
1024 3415 1200 3494 consolatio,
1227 3418 1298 3500 quia,
1401 3477 1402 3486 ,

173 3491 241 3556 lieet
264 3494 412 3558 dinurnae
434 3498 491 3560 siut
516 3498 697 3575 afflictiones,
745 3511 871 3579 erpetuas
893 3503 988 3568 umen
1012 3517 1073 3554 uon
1091 3495 1157 3556 lore
1175 3495 1298 3564 ostendit

173 3570 304 3650 Spiritus.
343 3572 389 3632 Ac
407 3573 483 3656 prius
503 3575 614 3656 quidem
634 3597 698 3636 usus
717 3520 806 3635 hiscat
821 3576 874 3634 bac¹
891 3573 1029 3653 loquendi
1042 3569 1148 3646 forma,
1181 3570 1297 3631 Durabit

172 3645 471 3716 Ecclesiaecalamitas
509 3671 541 3710 er
560 3663 677 3730 tempus,
697 3663 823 3742 tempora
843 3662 872 3710 et
890 3649 1033 3711 dimidium
1045 3647 1191 3730 temporis.
1215 3649 1296 3706 Nunc
1401 3653 1402 3702 t

172 3741 245 3786 vero
264 3724 418 3788 triennium
440 3725 468 3786 ill
526 3749 590 3788 cnm
608 3744 657 3788 sex
674 3729 817 3799 mensibus
835 3727 965 3809 perdita
983 3747 1035 3805 sup
1057 3737 1130 3800 utat,
1154 3735 1187 3784 ut
1205 3722 1296 3784 fideles

172 3800 204 3862 in
220 3799 267 3860 lon
290 3801 351 3864 iore
369 3801 506 3862 malorum
525 3815 616 3864 tractu
635 3805 723 3886 magis
741 3804 935 3865 obdurescant.
993 3745 1131 3866 sollenne
1156 3799 1233 3862 enim
1255 3809 1296 3858 est
1401 3863 1402 3876 χ

172 3875 280 3937 hominu
300 3901 332 3939 us
350 3875 381 3940 in
399 3879 483 3940 rebus
500 3879 621 3942 adversis
642 3901 702 3940 non
722 3901 774 3970 per
792 3901 881 3940 annos
900 3877 945 3940 vel
964 3898 1082 3952 menses,
1102 3876 1152 3938 sed
1170 3897 1222 3956 per
1239 3874 1295 3933 dies
1401 3881 1402 3952 ξ

148 3951 151 3964 '
171 3953 297 4036 singulos
314 3965 425 4035 tempus
442 3969 601 4048 supputare,
620 3957 684 4034 quia
703 3957 760 4016 dres
779 3977 850 4016 unus
869 3955 920 4026 illis
937 3955 1025 4015 instar
1043 3953 1111 4012 anni
1129 3965 1182 4013 est.
1220 3953 1295 4011 Tan·
1401 3973 1402 4034 ἦ

42 4087 48 4096 ,
171 4029 236 4090 dem
259 4029 356 4092 beatos
379 4031 443 4093 iore
462 4032 541 4104 dicit,
566 4031 615 4110 qni
634 4030 816 4092 sustinuerint
834 4052 922 4113 usque
940 4032 974 4092 ad
993 4030 1079 4091 finem
1098 4029 1169 4092 illius
1187 4040 1294 4107 tempo-

144 4103 149 4120 '
171 4103 218 4176 ris,
237 4103 293 4166 hoc
312 4108 429 4248 estpui
446 4108 551 4168 invicta
568 4105 699 4186 patientia
717 4107 751 4166 ad
770 4119 872 4168 metam
891 4127 978 4186 usque
995 4105 1175 4198 pertigerint
1213 4105 1294 4164 Nunc

173 4176 310 4250 Christus
360 4191 377 4243 o
436 4180 564 4264 roposito
583 4199 635 4238 suo
655 4179 805 4264 quadrabat
822 4183 913 4246 solum
938 4183 1028 4264 etigr:
1070 4202 1176 4262 nempe
1194 4178 1294 4239 instare

172 4254 312 4316 sacrificiis
368 4277 424 4333 em,
441 4270 471 4318 et
487 4255 631 4319 locandam
649 4255 679 4312 in
698 4257 803 4335 templo
822 4259 1060 4319 abominationem
1076 4265 1151 4334 esse,
1170 4276 1241 4337 quae
1257 4255 1294 4324 si-

171 4343 259 4402 guum
281 4331 318 4392 sit
336 4332 450 4394 ultimae
473 4329 659 4394 desolationis.
718 4329 794 4408 Quia
817 4343 911 4395 autem
934 4333 965 4392 in
988 4333 1131 4414 praesenti
1153 4353 1206 4426 suo
1224 4343 1293 4393 statu

996 4438 1011 4468 N
