2790 4764
106 303 111 315 ¹
189 219 247 286 tte
479 215 590 280 SECT.
609 218 675 282 XV.
713 233 802 282 :rsus
821 233 863 280 99
881 223 1051 282 ommuni.

188 367 316 438 saturitas
332 368 465 434 reddebar
484 365 661 432 terocmst
678 368 904 450 immorigerum,
928 369 1034 452 optima
1053 367 1106 432 fuit
1123 369 1254 451 magistra
1270 367 1312 438 fa-

186 467 255 508 mes
295 445 362 506 lloc
381 442 509 525 exemplo
527 444 636 520 edocti,
659 467 697 508 ne
722 455 852 528 putemus
876 445 971 508 Deum
996 445 1146 508 crudeliter
1169 445 1312 508 nobiscum

187 541 286 605 agere,
311 520 337 584 ri
362 521 473 602 qnando
498 536 552 582 nos
611 521 752 584 ariorilsus
774 522 915 582 aerumnis
937 534 1037 604 urget,
1065 521 1206 604 quiahoc
1229 523 1312 582 modo

186 596 357 682 praefractos
381 607 412 658 et
433 595 538 658 laetitia
561 541 655 660 911199
678 597 713 658 ad
736 596 925 659 obedientiam
948 599 1049 660 erudit
1088 598 1219 678 Denique
1237 598 1315 678 quic-

186 673 252 756 quid
269 671 443 734 miseriarum
462 673 591 754 patimur,
610 671 685 734 utilis
704 685 747 735 est
764 674 800 736 ad
814 671 1018 755 poenitentiam
1033 675 1171 738 invitatio.
1198 677 1316 748 Verum,

186 763 219 814 91
235 748 308 810 tardi
325 769 434 823 sumus,
457 749 509 810 vin
526 769 649 830 unquam
672 751 822 832 recipimus
845 771 940 812 sanam
961 762 1086 812 mentem
1111 751 1166 812 nisi
1186 750 1318 827 extremis

184 825 263 892 malit
282 824 386 916 coactis
409 846 475 888 nam
492 826 585 888 donec
603 820 726 906 undique
745 848 799 889 nos
818 838 949 908 premant
966 827 1119 909 angristiae,
1142 827 1319 916 9119999999-

183 902 225 964 tio
244 912 436 985 commngat,
460 922 574 984 semper
592 903 711 966 exsultat
729 924 796 970 caro
816 901 862 966 vel
880 903 977 966 saltem
995 903 1092 966 resilit.
1130 905 1217 968 Unde
1236 903 1320 964 collr-

183 978 289 1062 gimus,
314 997 375 1038 non
393 999 455 1042 esse
473 977 589 1054 mirum,
613 979 637 1042 si
657 980 797 1042 Dominus
816 977 957 1042 violenter
978 999 1062 1060 saepe
1085 990 1115 1041 et
1137 979 1251 1058 quidem
1270 1001 1321 1040 re-

184 1054 279 1137 petitis
298 1053 400 1120 ictibus
417 1049 452 1118 a'd
470 1053 654 1136 frangendam
672 1069 799 1120 nostram
818 1055 1022 1118 contumaciam
1039 1055 1197 1132 incumbat,
1216 1067 1246 1117 et
1265 1056 1322 1116 du-

183 1131 222 1194 ris
246 1131 328 1194 nodis
352 1133 396 1207 (91
414 1143 458 1196 est
475 1131 506 1194 in
523 1131 693 1268 proverbio?
718 1133 805 1194 duros
829 1153 935 1196 cuneos
958 1131 1109 1216 impingat.
1152 1131 1321 1194 Notandum

185 1220 229 1270 est
244 1207 336 1283 etiam,
356 1209 433 1289 quod
451 1229 514 1301 spes
532 1207 657 1270 melioris
687 1221 815 1286 ortunae,
834 1210 859 1271 si
877 1209 912 1270 ad
930 1221 1041 1290 patrem
1059 1207 1173 1282 rediret,
1189 1207 1321 1270 animum

183 1285 365 1368 resipiscendi
383 1283 479 1348 iuvem
497 1285 582 1346 dedit
635 1284 718 1346 Nulla
738 1286 814 1348 enim
834 1307 990 1368 poenarum
1044 1283 1129 1346 arita's
1148 1283 1320 1364 pravitatem

182 1374 311 1454 nostram
331 1360 468 1436 emolliet,
486 1360 532 1422 vel
551 1361 656 1440 efficiet
673 1373 706 1422 ut
724 1362 806 1424 nohis
824 1374 941 1444 peecata
958 1361 1019 1454 disp
1031 1361 1246 1452 ’9999199999
1265 1359 1321 1421 ali-

183 1435 1159 1605 999999199199999991919199
1176 1447 1320 1574 999999

182 1589 374 1671 poenitentiae
396 1602 508 1652 :nstrum
535 1602 571 1652 991
594 1603 709 1670 oportet
730 1591 840 1654 diuinae
861 1590 1075 1666 misericordiae
1097 1589 1219 1674 agnitio,
1245 1611 1319 1671 quae

183 1687 237 1728 nos
256 1665 291 1726 ad
308 1665 383 1727 bene
401 1667 570 1748 sperandum
587 1666 699 1728 excitet.

257 1743 304 1806 211.
351 1743 451 1820 Quum
479 1743 578 1804 adhue
607 1745 693 1824 longe

179 1817 204 1878 si
222 1815 365 1892 homines,
385 1818 439 1898 ‘qui
453 1829 493 1884 ¹et
514 1830 613 1882 natura
636 1819 729 1897 cupidi
752 1829 819 1879 sunt
841 1817 982 1880 vindictae
1002 1818 1181 1880 9199919991
1199 1819 1318 1878 nimium

179 1903 309 1970 tenaces,
331 1906 465 1976 paternus
487 1905 583 1955 tamen
605 1915 685 1956 amor
704 1893 838 1967 inflectit,
861 1905 893 1954 ut
911 1892 1068 1955 clementer
1085 1893 1148 1954 filiis
1166 1893 1318 1976 ignoscant

180 1980 211 2030 et
237 1969 340 2032 misere
363 1969 490 2053 perditos
510 1969 592 2048 ultro
613 1969 770 2049 requirant,
803 1972 910 2044 Deum,
941 1969 1020 2032 cuius
1043 1970 1180 2032 immensa
1203 1970 1317 2032 bonitas

178 2066 280 2108 omnes
298 2059 410 2128 patrum
428 2067 541 2108 amores
558 2058 682 2128 superat,
700 2046 788 2106 nihilo
808 2045 873 2108 fore
891 2044 974 2106 nobis
994 2045 1147 2108 duriorem.
1181 2047 1220 2106 Et
1237 2057 1318 2108 certe

177 2122 251 2186 nihil
269 2121 315 2184 lsie
334 2121 369 2186 de
388 2133 468 2205 patre
486 2135 603 2186 terreno
623 2122 764 2197 refertur,
778 2122 855 2203 quod
873 2122 952 2182 Deus
970 2141 1032 2192 non
1051 2121 1086 2183 de
1105 2142 1136 2182 se
1154 2122 1317 2202 promittat:

177 2199 343 2291 Antequam
362 2199 556 2275 clamaverint,
575 2199 679 2279 inquit,
703 2219 759 2282 ego
779 2198 925 2260 exaudiam
940 2197 1009 2275 (les.
1028 2199 1075 2272 65,
1094 2196 1167 2273 24).
1205 2198 1317 2256 Notum

179 2287 224 2338 est
243 2288 327 2356 ettam
346 2275 413 2340 illud
429 2277 546 2338 liavidis
566 2274 653 2354 (Psal.
672 2275 796 2353 311),
824 2274 904 2349 Dixi,
922 2273 1083 2338 confitebor
1102 2272 1249 2334 adversum
1267 2293 1317 2333 me

720 1745 846 1804 adesset.
891 1743 958 1802 Hoc
984 1699 1133 1832 eg‘qaput
1155 1739 1317 1823 parabolae:

178 2351 345 2416 iniustitiam
367 2373 459 2416 9999999
482 2351 625 2428 Domino,
653 2367 683 2412 et
707 2361 740 2412 tu
764 2349 896 2414 remisisti
918 2349 1094 2431 iniquitatem
1137 2347 1225 2410 eccati
1248 2349 1318 2414 mei.

178 2427 261 2512 Ergo
281 2431 362 2494 sicuti
383 2441 462 2522 pater
480 2427 527 2492 1919
547 2449 606 2490 non
625 2439 736 2492 tantum
756 2427 902 2490 exorabilis
919 2438 963 2488 est
978 2425 1028 2486 lilii
1041 2370 1180 2509 precius,
1200 2424 1249 2486 sed
1264 2446 1318 2486 ve·

177 2505 272 2566 uienti
285 2519 419 2580 9999991,
439 2517 468 2568 91
486 2506 614 2568 noudum
628 2505 718 2568 verbo
737 2525 797 2569 nno
816 2503 911 2567 audito
931 2501 1095 2583 squalidum,
1115 2513 1145 2564 et
1157 2501 1316 2562 deformem

178 2581 372 2660 amplectitur,
398 2582 436 2642 119
455 2582 535 2644 Deus
558 2582 673 2665 longam
692 2581 922 2662 deprecationem
944 2600 1005 2642 999
1026 2589 1180 2661 exspectat,
1206 2598 1314 2652 rerum,
1393 2611 1394 2650 3

177 2653 293 2716 simulac
313 2657 464 2738 proposuit
481 2669 616 2737 peccator
634 2657 744 2738 culpam
759 2651 859 2731 fateri,
883 2655 1056 2720 voluntarius
1075 2654 1209 2716 occurrit.
1256 2655 1314 2716 Pu·
1393 2653 1394 2671 ¹

178 2727 268 2792 tidum
291 2751 362 2792 vero
387 2751 487 2794 eorum
508 2731 639 2798 'cavillum
665 2733 780 2812 estqui
799 2731 866 2800 hinc
885 2730 1017 2806 eliciunt,
1044 2731 1163 2816 gratiam
1180 2731 1238 2793 Dei
1253 2749 1314 2790 non

177 2815 246 2866 ante
266 2805 420 2898 expositam
439 2827 500 2873 esse
514 2807 728 2944 peccatoribus,
752 2809 836 2886 quam
852 2807 906 2888 ipsi
924 2825 973 2868 sua
992 2807 1166 2888 poenitentia
1184 2828 1245 2868 eam
1262 2826 1315 2866 an·
1392 2851 1393 2886 ,

177 2890 356 2944 tevertermt
397 2881 453 2942 llic
473 2904 512 2942 no
534 2885 572 2958 is,
592 2884 622 2944 irs
643 2881 739 2956 uiunt,
758 2895 840 2962 pater
861 2883 894 2943 ad
913 2881 1120 2974 ignoscendum
1139 2883 1225 2944 facilis
1245 2903 1315 2962 pro·
1392 2891 1393 2958 l

177 2957 303 3038 ponitur,
322 2957 371 3034 sed
390 2977 424 3020 ex
443 2978 500 3037 quo
518 2959 590 3020 filius
610 2904 645 3020 al
665 2979 729 3019 enm
747 2958 841 3020 redire
858 2958 992 3038 instituit:
1013 2981 1083 3042 ergo
1104 2981 1165 3025 non
1180 2958 1249 3019 alios
1266 2979 1315 3018 re·
1392 2961 1393 2988 ¹

177 3055 191 3098 9
212 3035 261 3096 1911
276 3035 364 3110 Deus,
383 3055 438 3098 uec
457 3035 546 3116 gratia
565 3057 613 3096 sua
632 3035 773 3116 dignatur,
792 3033 846 3095 nisi
865 3033 913 3114 qui
933 3056 994 3096 eam
1013 3058 1148 3116 quaerere
1166 3034 1314 3116 incipiunt

208 3131 296 3172 erum*
307 3111 420 3193 quidem
440 3123 494 3190 est,
510 3123 543 3171 ut
558 3110 670 3178 veniam
689 3111 821 3192 impetret
839 3122 982 3194 peccator,
1001 3113 1108 3206 requiri
1125 3110 1315 3174 conscientiae

176 3183 320 3264 dolorem,
345 3209 402 3269 quo
420 3186 474 3248 eibi
491 3185 645 3266 displiceat:
675 3187 726 3248 sed
747 3209 800 3268 per
822 3210 898 3250 99999
920 3187 987 3254 inde
1012 3188 1134 3263 eheitur,
1161 3188 1315 3270 poeniten-

176 3259 255 3344 tiam,
275 3284 346 3343 quae
364 3263 421 3341 Dei
439 3262 546 3326 donum
565 3275 617 3338 est,
635 3263 670 3324 ab
689 3263 797 3330 homin'
818 3287 852 3327 99
871 3287 905 3326 ex
923 3265 1040 3348 proprio
1060 3265 1152 3328 cordis
1171 3264 1213 3326 sui
1232 3275 1315 3324 motu
1391 3295 1392 3309 1

93 3401 99 3406 ,
176 3335 284 3398 afferri.
322 3338 421 3420 Atque
447 3332 478 3403 in
506 3341 557 3400 hac
580 3349 662 3431 parte
685 3341 787 3405 inscite
809 3340 935 3402 mortalis
958 3339 1047 3404 h'omd
1068 3343 1134 3402 Deo
1153 3340 1313 3410 confertur:

176 3431 272 3491 neque
296 3413 373 3476 enim
396 3415 502 3478 terreni
526 3427 611 3497 patris
637 3428 693 3492 est,
718 3439 822 3482 arcano
842 3417 963 3498 Spiritus
987 3417 1124 3488 instinctu
1170 3437 1314 3481 emersum
1390 3469 1391 3474 ,

177 3507 229 3548 999
247 3487 295 3548 lilii
312 3509 462 3565 renovare,
482 3491 565 3553 sicuti
583 3493 662 3556 Deus
684 3515 717 3554 ex
737 3495 872 3558 cordibus·
885 3493 1000 3574 lapideis
1014 3514 1120 3556 ,carnea
1150 3494 1214 3554 acit.
1252 3494 1315 3554 De·
1390 3497 1391 3548 t

175 3563 263 3702 nique
281 3564 406 3634 hicnon
425 3567 531 3704 agitur,
557 3590 592 3630 an
613 3569 700 3630 homo
724 3591 790 3632 ase
812 3570 874 3652 ipso
895 3593 1048 3647 conversus
1067 3570 1101 3630 ad
1122 3591 1186 3641 eum.
1200 3569 1313 3644 redeat,
1390 3555 1391 3578 ¹

175 3661 206 3703 se
244 3653 354 3728 tantum
378 3641 429 3702 sub
473 3643 574 3706 ominis
598 3645 688 3729 ligura
711 3652 828 3727 paterna
843 3647 899 3719 Dei
921 3641 1095 3730 iddulgentia
1119 3644 1261 3722 laudatur,
1284 3657 1313 3708 et

175 3718 211 3788 ad
230 3717 347 3780 dandam
366 3717 478 3781 veniam
497 3719 622 3782 facilitas.

204 3857 213 3867 ,
252 3799 299 3862 21.
341 3777 449 3868 Peter,
471 3803 594 3882 peccaui
619 3802 651 3856 in
669 3795 794 3874 eoelum.
837 3799 894 3858 llic
919 3820 984 3879 pars
1010 3800 1096 3872 altera
1120 3799 1316 3882 poenitentiae·

110 3941 113 3954 Ι
176 3883 306 3932 notatur:
335 3893 439 3956 nempe
462 3895 560 3935 sensus
585 3876 692 3954 peceati
720 3897 783 3936 cum
808 3875 919 3940 tristitia
946 3887 975 3936 et
1000 3877 1109 3955 pudore
1134 3877 1310 3942 coniunctus.

176 3944 249 4008 Nam
269 3948 314 4010 cui
333 3969 394 4010 non
413 3948 490 4012 dolet
529 3971 653 4024 eccasse,
678 3963 708 4010 et
726 3971 775 4012 sua
795 3951 876 4032 culpa
894 3964 960 4014 ante
978 3951 1077 4014 oculos
1096 3973 1156 4012 non
1175 3963 1310 4026 versatur,

177 4022 286 4092 quidvis
310 4026 403 4105 potius
427 3971 562 4100 19919111,
589 4048 674 4107 quam
696 4037 730 4086 nt
754 4027 914 4110 9911999999
939 4029 1052 4108 frugem
1074 4029 1168 4090 redire
1192 4023 1310 4090 991191.

176 4091 385 4182 Poenitentiam
407 4123 478 4186 ergo
496 4125 614 4164 necesse
634 4114 677 4183 est
695 4115 727 4161 ut
745 4104 894 4186 praecedat
912 4104 1094 4185 displicentia.
1129 4105 1226 4185 Atque
1264 4103 1311 4164 uic

173 4163 337 4258 loquutioni
356 4202 491 4261 magnum:
510 4178 604 4256 subest
626 4179 752 4260 pondus,
774 4181 851 4261 quod
870 4182 898 4240 in
918 4202 948 4244 se
966 4183 1095 4244 reversus
1118 4182 1221 4244 dicitur
1240 4181 1309 4242 ado-

190 4257 296 4323 999999,
315 4266 416 4333 utpote
435 4257 483 4338 qui
501 4279 534 4319 va
555 4255 578 4315 is
597 4253 779 4337 cupiditatum
799 4258 941 4334 erroribus
961 4258 991 4320 in
1007 4258 1179 4336 oblivionem
1198 4256 1241 4320 sui
1260 4257 1310 4322 ab·

179 4324 274 4387 reptos
294 4337 355 4390 erat
392 4335 431 4408 Et
450 4345 528 4403 certe
545 4345 585 4398 sta
604 4332 716 4397 erratici
734 4345 799 4396 sunt
818 4335 907 4400 carnis
925 4334 1060 4418 impetus,
1082 4347 1116 4398 ut
1134 4333 1258 4416 quisquis
1278 4354 1310 4396 se
