2790 4764
58 206 64 217 x
161 240 220 307 lto
441 233 552 300 SECT·
567 229 637 296 XV.
680 247 768 296 rusus
787 249 829 296 er
848 249 1017 298 nicenum.

242 387 351 470 (toa)
393 384 565 453 ΜΑΤΤΗ.
580 383 697 452 xvttl.
739 387 792 452 21.
819 388 915 454 Tune
936 385 1092 456 accedens
1114 387 1232 454 Petrus
1250 385 1292 454 ad

39 551 44 562 .
161 515 247 571 enm,
273 490 367 570 dixit,
392 489 546 568 Domine,
574 490 702 574 quoties
723 487 869 577 peccabit
890 493 924 557 in
946 513 997 556 me
1017 483 1116 556 frater
1135 511 1240 568 meus,
1262 499 1292 556 ct
1317 575 1318 582 ἵ

103 589 107 600 ’
160 596 314 666 remittam
339 593 386 656 ei?
420 611 497 656 num
517 607 622 676 usque
642 591 783 678 septies?
824 591 877 658 22.
904 591 994 660 Dicit
1014 594 1063 660 illi
1083 595 1187 672 Iesus,
1214 592 1293 658 Non

40 767 44 777 ,
161 700 235 767 dico
250 695 310 763 tibi
325 713 428 781 usquo
445 695 573 781 septies,
589 689 648 758 sed
663 715 767 780 usque
784 697 965 781 septuagies
982 699 1109 784 septies.
1144 695 1198 762 23.
1214 695 1292 762 Ideo

161 797 369 869 assimilatum
401 805 450 862 cst
481 817 616 884 regnum
651 793 817 862 coelorum
844 796 966 862 homini
993 801 1076 884 rogi,
1109 799 1166 887 qni
1191 797 1295 864 voluit

161 903 309 973 conterre
334 902 475 970 rationes
502 920 574 966 cum
602 900 702 966 servis
730 901 812 988 suis:
860 897 913 964 24.
940 897 982 966 Et
1008 922 1107 986 quum
1134 903 1295 990 coepisset

160 1005 321 1085 conterre,
349 1001 479 1072 oblatus
502 1013 550 1068 est
571 1005 602 1068 ei
622 1021 721 1081 unus,
748 1004 804 1089 qui
830 1000 969 1093 debebat
994 1001 1104 1069 docem
1125 1005 1296 1072 miliia'ta-

159 1110 332 1188 tentorum.
377 1106 429 1173 25.
452 1101 624 1174 Caeterum
644 1125 743 1192 quum
765 1107 794 1170 is
815 1125 883 1170 non
904 1115 989 1172 esset
1009 1105 1180 1186 solvendo,
1202 1111 1296 1174 iussit

159 1236 233 1282 eum
255 1212 407 1282 dominus
428 1211 499 1276 eius
518 1207 720 1287 venumdari,
748 1216 780 1272 et
801 1230 932 1279 uxorem
953 1212 1023 1276 eius
1044 1219 1076 1274 et
1096 1207 1233 1288 liberos,
1262 1219 1296 1274 et

160 1318 279 1395 omnia,
301 1333 385 1404 quae
406 1308 553 1392 habebat,
575 1334 614 1376 ac
634 1310 707 1377 fieri
727 1308 933 1378 solutionem.
964 1311 1017 1379 26.
1032 1309 1215 1378 'Prouidens
1237 1334 1318 1377 aun

43 1460 49 1484 .
159 1430 224 1489 tem
245 1437 360 1485 servus
378 1413 437 1480 ille
459 1411 615 1482 adorabat
635 1411 739 1493 illum,
761 1411 884 1494 dicens,
903 1415 1061 1497 Domine,
1077 1421 1153 1480 'esto
1169 1414 1294 1502 patiens

36 1591 41 1596 ,
159 1545 236 1611 erga
256 1541 321 1599 rue,
348 1527 380 1584 et
401 1519 507 1582 omnia
529 1514 588 1582 tibi
609 1513 750 1584 reddam.
796 1515 849 1584 27.
876 1516 1032 1586 Misertus
1060 1529 1165 1586 eutem
1191 1517 1296 1584 domi-

158 1644 221 1692 nus
252 1621 337 1689 servi
375 1617 477 1699 illius,
511 1615 651 1686 absolvit
678 1639 765 1699 eum,
798 1631 831 1686 et
858 1639 913 1686 aes
941 1620 1080 1690 alienum
1106 1625 1228 1688 renrisit
1254 1622 1293 1687 ei.

157 1727 211 1796 28.
224 1751 229 1770 ’
244 1725 403 1812 Egressus
429 1745 508 1790 vero
537 1742 648 1791 servus
677 1720 746 1801 itte,
779 1723 901 1788 invenit
926 1718 1032 1790 unu'nt·
1054 1723 1095 1790 de
1125 1727 1293 1793 conservis

156 1830 240 1907 suis,
268 1827 326 1914 qui
352 1821 492 1890 debebat
518 1821 581 1889 sibi
610 1833 736 1888 centum
763 1821 927 1890 denarios:
957 1837 990 1891 et
1014 1829 1131 1893 iniecta
1158 1831 1194 1895 in
1220 1849 1293 1894 eum

155 1951 267 2009 maun,
298 1923 431 1996 obtorto
462 1923 549 1992 collo
579 1925 739 2005 trahebat,
768 1924 899 2004 dicens,¹
928 1927 1028 1993 Solva
1060 1928 1150 2018 quod
1175 1928 1293 1996 debes.

156 2035 209 2100 29.
241 2033 284 2098 Et
304 2027 478 2120 procidens
492 2037 676 2094 'conservus
699 2031 767 2094 eiua
789 2025 923 2114 rogabat
944 2047 1031 2110 eum,
1060 2031 1185 2112 dicens,
1210 2019 1292 2100 Esto

157 2139 285 2226 patiens
307 2156 382 2220 erga
404 2153 475 2210 mes
496 2133 527 2196 e't
549 2133 655 2196 omnia
676 2129 806 2197 reddam
827 2129 895 2197 tihi.
938 2133 990 2200 30.
1012 2136 1055 2200 At
1076 2132 1130 2200 ilie
1151 2135 1292 2215 nolebat,

152 2237 216 2306 'sed
237 2237 328 2318 abiit,
349 2247 382 2302 et
401 2235 539 2328 coniecit
560 2255 633 2300 eum
654 2235 688 2300 in
709 2249 881 2312 carcerem,
904 2233 1010 2302 donoc
1031 2234 1182 2302 redderet
1201 2235 1293 2302 debi-

123 2356 124 2364 ’
156 2351 235 2409 tum.
279 2339 333 2408 31.
353 2339 458 2406 Porro
481 2358 579 2425 quum
601 2333 756 2402 vidissent
777 2341 926 2404 conservi
948 2339 1031 2419 eius,
1056 2359 1139 2427 quae
1159 2327 1292 2421 fiebam,

156 2445 369 2512 indoluerunt
395 2439 492 2508 valde
522 2449 554 2530 et
579 2448 750 2520 venerunt,
785 2452 1041 2529 operueruntque
1068 2443 1201 2508 domino
1228 2463 1292 2507 suo

157 2551 279 2628 omnia,
309 2567 392 2633 quae
413 2541 651 2611 inctainernnt.
693 2540 748 2608 3².
778 2543 873 2608 Tune
893 2547 1058 2611 arcessivit
1077 2544 1168 2610 iilum
1190 2539 1292 2610 domi·

154 2670 219 2716 nus
239 2668 333 2724 suus,
355 2643 536 2724 ostritidi,
560 2634 667 2712 Serve
681 2643 829 2725 sceleste,
854 2656 955 2712 totum
977 2645 1118 2716 debiturn
1139 2647 1220 2716 illud
1241 2669 1291 2714 re·
1386 2687 1387 2692 κ

46 2759 49 2768 ’
154 2749 227 2815 misi
247 2747 320 2826 tibi,
347 2768 446 2834 quum
468 2743 673 2814 obsecrasses
695 2768 758 2812 me:
805 2747 859 2815 33.
885 2749 1006 2816 Nonne
1032 2753 1175 2838 oportuit
1200 2761 1233 2818 et
1247 2761 1289 2816 te

153 2851 298 2922 misereri
320 2851 469 2914 conservi
491 2853 546 2930 tui,
568 2853 651 2915 sicut
673 2859 704 2914 et
725 2870 786 2934 ego
807 2853 855 2917 tui
876 2855 1023 2932 misertus
1046 2873 1141 2920 eram.
1173 2854 1225 2918 34.
1247 2849 1289 2919 Et

153 2956 253 3024 iratus
280 2950 431 3020 dominus
456 2953 539 3030 eius,
567 2925 701 3016 tradidit
726 2971 799 3017 eum
826 2952 1021 3048 tortoribus,
1049 2955 1157 3042 quoad
1184 2975 1286 3043 usque
1386 3037 1387 3046 ἵ

152 3059 304 3126 redderet
323 3065 434 3134 totum,
456 3051 546 3142 quod
567 3050 744 3120 debebatur
764 3053 839 3122 sibi.
881 3057 934 3124 35.
957 3057 1013 3124 Sic
1034 3070 1066 3124 et
1083 3061 1176 3125 Pater
1196 3042 1309 3124 meus'

153 3146 313 3229 coelestis
330 3159 425 3225 faciet
449 3153 561 3236 vobis‚'
587 3159 615 3223 si
641 3175 710 3224 non
735 3161 918 3228 remiseritis
946 3165 1013 3229 suo‘
1035 3165 1173 3252 quisque
1198 3161 1287 3230 fratri

151 3284 193 3391 cr
208 3261 371 3336 *cordibus
392 3261 507 3334 vestris
529 3257 644 3328 delicta
662 3259 802 3330 illorum.

236 3458 339 3526 Luc.
359 3461 464 3528 xvtr.
508 3429 539 3526 4.
566 3459 610 3526 Et
636 3461 665 3525 si
690 3461 811 3547 septies·
836 3459 871 3523 in
900 3457 954 3526 die
974 3435 1155 3548 peccaverit
1181 3459 1213 3525 in
1244 3469 1286 3539 te,
1386 3483 1387 3550 ᾗ

148 3569 184 3650 ot
201 3561 379 3727 scoticanis
400 3559 454 3630 die
476 3583 653 3632 conversus
675 3561 772 3630 fuerit
792 3559 834 3628 ad
851 3571 892 3644 te,
913 3561 1032 3646 dicens,
1055 3565 1202 3632 Poenitet
1217 3584 1282 3630 me:
1386 3565 1387 3660 ζ

150 3671 305 3732 remuter
343 3708 352 3726 .

224 3881 326 3960 lutth-
345 3883 393 3945 21.
430 3881 553 3945 nomine
575 3885 691 3962 quoties
710 3887 925 3964 perennitate.
963 3883 1030 3946 Hoc
1050 3885 1155 3946 obiecit
1178 3886 1280 3948 Petrus
1360 3915 1363 3924 ¹

149 3979 189 4020 ex.
202 3960 345 4024 communi
365 3959 456 4020 omnis
475 3979 559 4020 sensu
578 3971 608 4022 et
625 3960 752 4044 ingenio.
779 3960 950 4024 Naturaliter
968 3961 1097 4024 omnibns
1118 3961 1279 4045 ingenitum

148 4045 202 4110 est,
219 4047 252 4098 ut
267 4035 322 4100 sibi
335 4035 424 4100 velint
441 4035 565 4120 ignoscis
586 4037 680 4117 itaque
698 4039 722 4100 ai
741 4039 802 4120 quis
821 4059 881 4100 non
897 4037 993 4118 „statim
1008 4038 1119 4102 veniam
1135 4038 1296 4120 impetrat„

148 4109 241 4190 rigide
258 4133 354 4176 secum
409 4113 466 4175 'et
482 4113 672 4192 inhumaniter
691 4115 826 4196 queritur.
865 4115 924 4176 sed
946 4115 1067 4182 mutum
1088 4115 1171 4177 abest
1190 4128 1224 4176 ut
1247 4135 1277 4175 se

148 4203 215 4262 erga
233 4187 301 4252 alios
322 4203 379 4254 tan
410 4189 492 4274 aniles
510 4191 678 4272 praebeant,
700 4192 748 4273 qni
767 4191 922 4255 clementer
937 4193 1105 4276 -secumagi
1123 4189 1275 4273 postulant

38 4285 42 4316 2
146 4255 225 4334 &80
241 4282 329 4340 (tuum
345 4289 411 4332 suos
428 4269 463 4330 ad
476 4268 721 4332 mansuetudinem
732 4267 862 4333 hortatus
881 4280 956 4331 esset
969 4267 1118 4342 Dominus,
1137 4270 1226 4337 Petro
1240 4267 1276 4328 in
1386 4297 1387 4324 r

146 4341 271 4396 mentem
289 4343 370 4406 venit
386 4345 440 4409 ista
457 4343 607 4410 dubitatios
634 4345 714 4424 Quid
731 4345 793 4430 fiet,
814 4347 844 4414 ai
857 4345 894 4412 ad
911 4345 1032 4410 dandam
1046 4344 1157 4412 uenum
1176 4345 1216 4406 iit
1235 4345 1274 4414 εἰ·
1386 4343 1387 4418 Ῑ
