2804 4762
69 246 117 336 .’
241 311 245 318 -
301 301 307 326 ι
374 269 454 344 (sss.
493 264 607 330 natm
625 221 996 342 maurensem-'w
1109 207 1212 326 'sss

169 395 605 530 (responsurum.
642 417 707 486 m.
737 417 946 506 Congregam
970 426 1076 485 autem
1103 415 1211 482 esan
1256 403 1279 445 ³

81 523 177 600 sacis,
189 522 405 608 interrogavit
425 543 482 590 eos
499 525 605 602 lesus,
647 522 699 589 42.
720 521 848 602 Dicens,
870 517 958 612 Quid
975 519 1074 588 vobis
1084 517 1210 584 videtur

82 622 126 688 de
157 623 310 698 Christo?
342 627 430 690 cuius
455 623 541 690 filius
572 628 638 690 est?
667 623 788 694 Dicunt
814 625 857 706 ei,
883 623 1027 700 Davidis.
1076 621 1127 686 43.
1155 622 1210 688 sit

80 725 164 805 illis,
191 725 368 812 Quomodo
389 747 465 813 ergo
482 726 594 802 David
620 727 656 792 in
680 725 799 814 Spiritu
819 738 913 794 vocat
935 745 1006 792 eum
1027 725 1210 806 Dominum,

61 821 214 904 ''dicens,
258 827 308 894 44.
337 829 425 896 Dixit
449 827 609 895 Dominus
636 825 777 894 Domino
805 849 894 910 meo,
914 815 1008 904 Sede
1041 826 1210 912 adextris

8 995 13 1004 ,
73 931 173 1012 meis,
196 927 301 996 donec
319 951 462 1018 posuero
483 932 628 995 inimicos
649 937 723 1008 tuos
742 927 914 998 scabellum
931 927 1049 1016 pedum
1065 931 1210 996 ruerunt

30 1062 34 1068 ·
79 1032 134 1096 45.
157 1031 192 1097 st
214 1053 293 1120 ergo
315 1033 420 1098 Dauid
441 1043 535 1097 vocat
556 1052 629 1096 eum
644 1031 826 1110 Dominum,
847 1028 1012 1116 quomodo
1033 1027 1118 1096 filius
1140 1032 1210 1096 eius

72 1137 149 1199 cst?
193 1133 245 1200 46.
273 1137 316 1202 Et
341 1155 436 1200 nemo
462 1135 643 1219 potcrst'ei
668 1131 867 1224 respondere
893 1133 1075 1224 quicquam:
1106 1151 1211 1216 neque

73 1225 177 1307 'ausus
199 1235 259 1304 init
282 1238 451 1324 quisquam
473 1257 511 1301 ex
532 1233 590 1302 illo
613 1234 664 1300 die
687 1255 761 1303 eum
782 1233 916 1322 emplius
931 1235 1141 1318 interrogare.
1199 1311 1203 1326 ⁸
1320 1263 1323 1271 ·

163 1389 312 1458 Maste.
333 1391 403 1473 llll.
449 1387 502 1458 35.
528 1387 570 1454 Et
590 1385 789 1474 respondens
811 1387 901 1454 lesus
923 1381 1069 1478 dicebat.
1089 1383 1211 1452 docens

75 1491 112 1556 in
140 1492 286 1578 templo,
320 1487 498 1574 Quomodo
524 1489 632 1554 dicunt
658 1488 804 1568 Scribas,
832 1489 995 1558 Christum
1017 1507 1088 1572 esse
1108 1485 1211 1553 fnium

76 1590 208 1658 David?
252 1591 303 1656 36.
332 1591 416 1668 Nam
442 1593 510 1678 ipse
535 1589 640 1656 David
668 1589 749 1660 dixis
769 1594 803 1658 iu
825 1592 948 1680 Spiritu
973 1601 1099 1671 sancto,
1123 1590 1213 1656 Dixit

76 1691 244 1776 Dominus
265 1693 408 1764 Domino
429 1711 516 1773 meo,
545 1691 622 1760 sede
643 1682 670 1758 α’
684 1693 918 1786 dextrisffrneis,
945 1693 1050 1760 donec
1069 1713 1211 1780 posuero

77 1797 229 1864 inimicos
251 1805 326 1881 tuos
347 1794 520 1870 scabellum
541 1795 659 1884 pedum
681 1800 827 1868 tuorumd
861 1797 915 1864 37.
940 1798 1015 1890 Ipse
1043 1823 1119 1890 ergo
1146 1801 1212 1868 Da-

77 1897 136 1962 vid
157 1908 256 1966 vocat
278 1917 350 1964 eum
371 1898 557 1967 Dominum:
584 1909 616 1965 et
637 1899 724 1968 uude
745 1895 832 1970 filius
854 1903 924 1970 eius
945 1907 1012 1981 estt'
1050 1899 1213 1995 litmulla

78 1998 177 2066 turba
198 1997 350 2068 audiebat
370 2000 460 2069 illum
479 2001 623 2070 libenter.
1039 2019 1040 2022 ’

166 2151 269 2222 LUC.
290 2155 359 2222 XX.
402 2155 454 2222 41.
481 2155 569 2221 Dixit
591 2165 695 2223 autem
717 2153 868 2234 editius,
897 2145 1075 2244 Quomodo
1103 2157 1213 2226 dicunt
1240 2215 1246 2230 ,.
1352 2193 1357 2208 =

60 2287 63 2291 ·
82 2251 251 2322 Christum
267 2279 338 2324 esse
352 2255 454 2322 tilium
470 2255 594 2348 David?
623 2257 674 2320 42.
696 2257 737 2320 Et
756 2259 827 2342 ipse
846 2258 955 2324 David
977 2261 1053 2324 dicit
1073 2262 1106 2324 in
1128 2259 1212 2326 libro

82 2355 294 2440 Psalmorum,
309 2359 396 2425 Dixit
410 2359 569 2430 Dominus
583 2358 724 2424 Domino
741 2377 823 2435 meo,
845 2357 930 2424 Sede
951 2382 970 2424 a
992 2359 1110 2427 dextris
1127 2364 1214 2442 ineis,

84 2460 138 2524 43.
165 2462 283 2529 Donec
302 2482 444 2548 posuero
471 2461 616 2526 inimicos
638 2469 712 2524 tuos
736 2457 915 2525 scabellum
936 2459 1055 2546 pedum
1076 2471 1212 2530 tuorum.

84 2561 139 2626 44.
150 2561 260 2628 David
270 2563 524 2650 ergoDomiuum
535 2560 741 2656 illumvooat:
758 2570 790 2628 et
799 2562 962 2648 quomodo
973 2563 1059 2634 tilius
1071 2567 1138 2634 cius
1150 2569 1215 2634 cst?
1318 2623 1322 2630 .

164 2770 267 2832 March.
286 2774 333 2837 42.
379 2771 462 2850 Quid
476 2775 557 2834 uobis
575 2756 705 2862 uidetur..
749 2739 858 2837 Clarius
876 2775 1035 2858 mpehnunt
1051 2761 1163 2861 Marcus
1183 2792 1214 2852 et

85 2847 196 2923 Lucas,
214 2869 266 2910 cur
288 2850 345 2910 boc
363 2849 494 2912 Christus
512 2849 672 2930 quaesierit,
694 2849 760 2935 quia
783 2850 889 2913 scilicet
910 2873 995 2932 prava
1016 2855 1092 2916 inter
1108 2855 1213 2916 scribas
1302 2859 1304 2864 '

87 2925 195 3016 opinio·
212 2923 380 3002 invaluerat,
404 2925 571 3008 promissum
589 2927 810 3008 Redemptorem
829 2947 863 2988 ex
880 2929 993 2992 Doridis
1011 2931 1073 2994 filiis
1097 2943 1126 2992 et
1148 2953 1214 2991 snc-

87 3001 248 3062 cessorebus
266 3024 355 3079 unum
373 3002 530 3100 quempiam
548 3003 624 3078 sore,
648 3003 698 3140 qui
719 3003 788 3062 nihil
811 3003 930 3067 humana
951 3019 1049 3067 natura
1070 3017 1214 3086 praestan.-

87 3076 143 3143 tius
162 3099 258 3140 secum
278 3077 402 3148 afferret.
438 3081 511 3144 ham
530 3080 654 3140 statima
693 3079 774 3142 initio
790 3081 877 3142 Satan
895 3081 1106 3162 quibuscunque
1122 3081 1215 3163 potuit
1253 3115 1255 3120 v

87 3153 195 3215 artibus
214 3154 350 3217 ficticium
366 3155 485 3234 aliquem
505 3153 647 3222 Christum
666 3169 826 3237 supponere
845 3168 963 3218 conatus
982 3169 1037 3232 est,
1060 3158 1109 3238 qui
1130 3179 1214 3220 verus

10 3251 11 3268 ¹
87 3249 149 3289 non
174 3243 247 3292 esset
270 3232 326 3292 Dei
350 3243 379 3294 et
400 3229 546 3292 hominnm
569 3231 717 3292 mediator.
755 3232 830 3306 Quis
853 3233 938 3302 toties
960 3232 1100 3313 pollicitus
1123 3231 1215 3294 fuerat
1254 3269 1261 3289 1

88 3303 177 3380 Deus,
196 3307 374 3386 proditurum
392 3329 454 3368 esse
472 3307 615 3370 Christum
634 3329 668 3368 ex
686 3307 793 3370 semine
811 3306 857 3370 vel
874 3307 974 3370 lumbis
993 3309 1116 3388 Davidis,
1133 3309 1215 3382 deins

89 3383 218 3442 omnium
241 3383 372 3446 cordibus
395 3385 481 3444 infixa
499 3395 564 3451 ‚erat
585 3379 816 3478 haec'peisueslo
834 3385 908 3466 apud
925 3385 1057 3462 Iudaeos,
1082 3408 1164 3465 quam
1182 3397 1215 3460 ut

89 3455 167 3521 serre
189 3472 305 3538 possent
325 3459 623 3528 naturamhumanam
645 3459 686 3522 itt
706 3460 823 3522 detrahi.
866 3463 965 3530 Passus
989 3475 1030 3524 est
1052 3463 1139 3546 igitur
1162 3463 1230 3528 Sti-¹
1267 3473 1268 3476 ’
1304 3481 1311 3488 ’

89 3545 153 3610 ten,
180 3535 323 3600 Christum
345 3537 463 3621 agnosci
484 3557 583 3600 verum
605 3536 751 3618 honrinem
773 3543 802 3596 u
820 3535 907 3596 filium
925 3539 1052 3614 Danais,
1076 3543 1139 3620 quia
1158 3541 1216 3600 hoc

89 3610 158 3672 lidei
177 3624 260 3691 caput
278 3611 444 3676 labefactare
461 3611 565 3674 lrrtstra
583 3623 729 3674 tentasset:
754 3613 804 3675 sed
824 3615 836 3684 (
856 3615 914 3673 uod
931 3615 1053 3694 deterius
1073 3618 1147 3691 erat)
1165 3633 1215 3674 sua

11 3739 12 3752 ,
90 3685 172 3748 illum
187 3689 300 3750 Deitate
318 3691 441 3764 nudavit,
458 3689 538 3768 quasi
552 3711 625 3751 unus
640 3690 760 3768 quilibet
779 3709 810 3748 ex
830 3688 891 3749 fi'is
908 3687 986 3753 Adae
1005 3704 1078 3754 esset
1096 3693 1214 3754 sntnnn.

91 3763 120 3822 Α
154 3763 183 3820 ui
200 3761 256 3824 hoc
274 3765 359 3824 modo
384 3787 447 3846 spes
471 3765 580 3826 futurae
600 3777 629 3826 et
646 3769 777 3826 aeternae
795 3766 870 3826 vitae
893 3777 922 3826 et
944 3768 1091 3849 spiritualis
1113 3765 1237 3825 iustitia.

91 3837 147 3898 abo
160 3838 267 3902 ebatur.
314 3843 356 3900 lix
380 3863 438 3922 quo
460 3851 538 3900 vero
553 3839 691 3908 estlaibitus¹
714 3841 770 3902 suis
793 3841 920 3904 Christus
943 3843 1063 3918 mundo²
1091 3840 1215 3920 pluribus

15 3929 18 3936 ’
92 3914 140 3976 vel
158 3914 306 3990 machinis,
326 3915 372 3976 vel
388 3916 523 3980 cuniculis
541 3938 617 3976 nunc
635 3917 797 3992 humanam,
821 3939 898 3980 nunc
916 3919 1037 3980 divinam
1056 3918 1114 3978 eius
1133 3927 1217 3980 natus

92 4013 154 4052 cam
174 4001 301 4052 evertere
320 3993 413 4052 conati
430 4006 496 4052 sunt
512 3991 655 4066 haeretici,
673 4014 711 4056 ne
725 3993 770 4056 vel
788 3988 828 4064 illl
846 3995 880 4054 ad
898 4016 951 4056 nos
969 3995 1120 4055 servandos
1133 3991 1216 4076 plena

94 4079 169 4128 esset
186 4077 323 4148 potestas,
346 4067 391 4129 vel
414 4067 553 4129 familiaris
574 4070 608 4126 ad
633 4091 697 4130 eum
719 4089 845 4130 accessus
869 4069 950 4130 nobis
968 4081 1085 4150 peteret
1122 4071 1216 4130 Porro

94 4166 182 4224 quum
200 4143 255 4204 iam
274 4142 388 4224 instqret
405 4143 476 4204 hora
494 4144 602 4217 mortis,
634 4157 748 4210 estatem
766 4145 860 4206 facere
872 4145 1014 4207 Deitntcm
1032 4165 1109 4203 suam
1128 4143 1218 4206 voluit

94 4221 105 4280 i
138 4220 329 4295 eDominns‚
354 4231 391 4282 ¹ut
417 4219 556 4301 intrepide
583 4219 613 4283 in
630 4243 731 4302 ·rpsmn
755 4222 934 4288 recumberet
956 4221 1067 4299 piorum
1090 4219 1217 4280 omnium
1273 4253 1276 4259 ·

131 4298 206 4360 ucis:
232 4319 297 4358 nam
321 4298 344 4359 si
367 4296 455 4360 bomo
477 4309 586 4358 tantum
610 4310 698 4372 esset,
720 4317 813 4376 neque
836 4297 867 4354 in
889 4295 951 4384 ipso
973 4293 1071 4382 liceret
1093 4295 1216 4377 glorianti,

84 4393 187 4455 meqqe
205 4374 239 4450 ab
257 4375 319 4473 ipso
338 4373 454 4448 salutem
474 4391 595 4456 sumus·
621 4375 717 4453 .ch
733 4385 864 4458 tenerum
882 4389 940 4432 aus
959 4367 1216 4454 sonniumsqund
1318 4397 1328 4408 ·
