2796 4774
13 4379 17 4491 t

134 3019 140 3026 ·
187 2977 248 3040 Dei

178 231 221 308 ’tt
407 227 518 296 SECT.
534 227 616 292 ΧΠ.
654 241 828 292 mucuns
847 241 890 292 rr
909 240 1087 294 menoses

182 379 647 537 munuum
667 379 1314 552 auctoramentum:

182 533 334 626 'dmin
357 551 435 625 ‘lu‘
464 544 607 593 ”mmm
635 544 690 608 ‘⁸²'
719 533 1318 674 fl²irl⁰iliiailil¹⁵iiilidii?

183 611 574 776 ἓὲεωῗὲρῖιῖῗέὲῗωῖιιῗῐ
586 621 814 778 hiaddhiuadhhc
835 685 985 768 discipulos
1004 655 1319 780 aliincendiotsuhdu-

183 759 900 930 cuneatum,tremuntur,
919 775 1060 932 auu
1080 777 1220 902 utu
1240 785 1335 902 u:

183 913 584 1084 nuntiatura.
605 979 609 986 ·
627 913 1249 1084 attentendum
1268 915 1321 1054 r!

183 1067 242 1208 ti
253 1067 708 1207 tlittlttdttihii
721 1069 1322 1228 tttttttffiihltthltaffitt

184 1209 359 1304 aliquantum
384 1222 521 1306 temporis
542 1189 579 1284 in
603 1221 712 1294 diversa
738 1207 980 1315 loca'prolectos¹
993 1211 1068 1295 esse,
1088 1190 1211 1302 '¹'ltaique
1236 1167 1325 1286 npuncv

186 1311 378 1382 congregatos
399 1320 460 1360 esse
481 1299 671 1380 interpretor,
689 1311 723 1370 ut
741 1299 843 1371 assidua
860 1299 891 1359 in
908 1311 1054 1380 posterum
1073 1299 1113 1368 illi
1130 1297 1248 1370 comites
1269 1319 1322 1358 es-

102 1413 105 1420 ·
185 1388 264 1439 sent:
284 1375 341 1436 acsi
359 1373 466 1444 dietum
486 1386 568 1452 esset,
588 1375 707 1436 nonita
725 1376 865 1459 digressos
885 1397 945 1437 esse
964 1398 980 1438 a
998 1377 1143 1468 magistro,
1161 1386 1194 1449 ut
1211 1373 1322 1456 singuli

185 1451 359 1520 ordinarium
378 1451 501 1512 docendi
519 1473 620 1511 munus
640 1474 699 1522 sem
720 1471 752 1512 er
771 1451 900 1535 obirent,
922 1453 972 1517 sed
990 1451 1141 1534 temporali
1159 1447 1320 1534 praeconio

185 1527 338 1595 defunctos
358 1527 452 1588 denuo
472 1527 507 1588 ad
525 1525 684 1594 scholamr
719 1528 787 1601 isse,
806 1539 839 1594 ut
856 1528 956 1600 melius
974 1529 1170 1612 proficerent,
1219 1557 1222 1564 ·
1272 1537 1273 1547 ¹

260 1603 417 1683 Sequuloe
435 1613 506 1662 aunt
525 1606 620 1664 illum.
651 1604 777 1674 Tametsi
788 1603 942 1680 Christum,
963 1605 1012 1685 qui
1029 1607 1157 1666 omnium
1172 1603 1322 1698 praescius

185 1691 260 1754 erat,
284 1679 401 1740 minime
421 1677 517 1756 latuit,
545 1679 611 1760 quid
629 1677 756 1748 suturmn
775 1691 864 1756 esset,
888 1681 980 1748 voluit
996 1691 1093 1746 tamen
1111 1681 1251 1762 discipulis
1271 1702 1321 1740 se-

156 1819 163 1824 ,
185 1757 310 1819 eundum
327 1753 472 1816 hominem
491 1755 669 1837 prospicere,
688 1755 721 1815 ut
740 1777 773 1817 re
790 1757 850 1839 ipsa
865 1767 1002 1826 testatum
1021 1759 1143 1835 laceret,
1162 1781 1193 1818 se
1212 1757 1321 1818 habere

184 1833 298 1893 illorum
317 1852 421 1891 curam.
459 1834 502 1892 Ex
521 1842 601 1890 tanto
619 1852 689 1898 vero
710 1852 853 1896 concursu
871 1845 959 1914 patet,
978 1855 1062 1912 quam
1081 1833 1198 1895 celebris
1211 1833 1321 1912 ubique

184 1908 272 1970 luerit
297 1907 356 1968 eius
382 1907 467 1990 lama,
491 1919 524 1966 ut
546 1905 747 1968 inexcusabiles
772 1909 994 1983 essent‘ludaei,
1022 1931 1093 1990 quos
1114 1931 1164 1970 sna
1186 1909 1321 1971 socordia

185 1984 282 2050 oblato
302 1983 396 2046 salutis
416 1983 555 2061 beneficio
574 1983 704 2064 priravit.
743 1983 817 2047 Nam
837 1997 867 2044 et
885 2007 920 2045 ex
938 1984 990 2046 luc
1008 2005 1116 2068 magna.
1131 1985 1224 2060 turha,
1245 2006 1322 2064 quae

184 2057 280 2124 'sabito
307 2060 417 2144 impetu
442 2059 545 2122 exarsit
566 2059 602 2120 ad
625 2060 798 2139 sequendum
822 2060 981 2136 Christum,
1013 2083 1075 2129 uon
1102 2061 1157 2122 nisi
1176 2083 1321 2152 perquam

185 2137 302 2290 exiquus
321 2158 455 2209 numerus
473 2157 541 2208 vere
560 2147 590 2208 et
608 2147 773 2209 constanter
792 2135 852 2210 eius
871 2137 1019 2208 doctrinae
1041 2159 1073 2199 se
1094 2137 1211 2216 addixit,
1234 2133 1321 2198 sicuti

185 2237 221 2279 01
256 2235 352 2288 0³⁰³ss
387 2225 455 2286 atet,
805 2225 808 2230 Ι
913 2247 917 2262 ’
1078 2229 1080 2234 ,
1299 2279 1300 2282 ,

193 2281 220 2290 '¹
263 2295 311 2368 142
357 2301 464 2364 octus
483 2299 530 2352 aar
550 2291 662 2366 offerto
680 2291 908 2352 msericordias.
941 2288 1051 2354 Clarius
1070 2288 1231 2371 exprimunt
1248 2285 1321 2378 reli-
1383 2333 1384 2340 κ

127 2357 129 2364 ’
185 2369 236 2454 qui
258 2369 316 2430 duo
340 2389 373 2430 ac
393 2365 561 2504 praesertim
582 2369 708 2440 ltlarcus,
738 2359 816 2428 unde
837 2367 951 2429 Christo
968 2367 1038 2430 haee
1063 2371 1226 2457 aspicieus:
1252 2385 1322 2444 quta

186 2447 296 2510 scilicet
319 2445 393 2506 lame
414 2464 460 2506 cas
485 2444 588 2505 animas
611 2442 725 2504 videbat
746 2443 877 2504 desiderii
900 2444 1001 2532 qrdore
1021 2463 1037 2503 e
1055 2465 1111 2504 stus
1134 2441 1245 2502 sedibus
1266 2439 1321 2500 ab·

185 2535 281 2604 reptas
293 2522 370 2584 .lerri
388 2523 419 2582 in
438 2522 533 2583 locum
554 2522 705 2581 desertum.
723 2520 805 2592 ‘Illa
813 2541 903 2602 porro
922 2519 1068 2580 doctrinae
1085 2519 1180 2600 inopia
1198 2517 1321 2577 miserae

187 2599 376 2678 dissipationis
395 2599 508 2678 signum
528 2609 600 2658 erat:
617 2597 683 2657 ideo
702 2595 771 2658 dicit
787 2601 909 2672 Marcus,
929 2596 1075 2657 misertmn
1090 2617 1150 2656 esse
1163 2594 1319 2668 Christum,

207 2673 253 2731 uia
282 2683 377 2732 essent
407 2675 554 2752 tuaquom
576 2695 645 2733 ores
672 2683 801 2734 carentes
826 2685 953 2754 pastore,
982 2676 1043 2732 non
1066 2673 1143 2752 quod
1164 2669 1319 2732 secuudum

219 2747 309 2808 citatis
328 2746 467 2836 Spiritum
489 2770 589 2809 omnes
607 2769 663 2829 pro
682 2747 781 2807 ovibus
800 2761 984 2830 agnosceret,
1007 2749 1057 2808 sed
1075 2759 1212 2828 quatenus
1229 2745 1318 2804 homo

187 2835 251 2886 erat
280 2822 414 2884 indicium
440 2823 510 2884 lecit
539 2845 572 2884 ex
599 2821 742 2904 praesenti
765 2823 808 2883 rei
832 2825 946 2883 intuitu.
966 2895 969 2901 Ι
992 2825 1062 2884 Erat
1086 2825 1161 2884 enim
1182 2823 1238 2882 hoc
1256 2841 1318 2879 nou

186 2899 252 2962 leve
297 2897 388 2962 ietatis
415 2897 566 2978 indicitun,
589 2897 750 2976 relinquere
775 2899 904 2980 proprias
924 2899 1041 2974 domos,
1067 2911 1097 2962 et
1118 2897 1319 2960 immanium

271 2921 445 3058 irophetam
471 2975 630 3048 confluere,
659 2972 783 3052 quamvis
811 2975 874 3033 data
897 2995 984 3056 opera
1007 2989 1192 3062 conspecturi
1218 2995 1319 3034 eorum

185 3055 312 3138 lugeret
362 3051 474 3124 Deinde
499 3061 600 3111 notare
624 3050 773 3125 convenit,
804 3049 949 3112 Christum
973 3049 1033 3112 eius
1056 3051 1140 3144 quam
1164 3049 1320 3114 sustinebat

211 3151 330 3201 essonae
347 3147 504 3202 memorem
523 3125 622 3197 lubae:
646 3127 805 3196 iniunctum
824 3126 865 3186 illi
883 3137 943 3189 erat
960 3129 1085 3191 doctoris
1105 3129 1244 3202 officium,
1267 3127 1320 3188 de-

188 3153 253 3278 buit
272 3227 342 3296 ergo
362 3207 396 3271 ad
414 3217 526 3287 tempus
546 3223 663 3266 censere
683 3226 716 3264 ex
733 3225 822 3342 grepe
832 3204 889 3264 Dei
906 3216 935 3266 et
946 3203 1071 3284 Ecclesia
1080 3207 1198 3274 ludaeos
1210 3225 1319 3292 omnes,

189 3285 283 3354 donec
298 3305 333 3355 ,se
351 3283 360 3341 i
381 3281 404 3350 si
423 3281 586 3355 alienarent
613 3279 766 3348 Caeterum
801 3303 826 3342 rc
842 3281 1051 3352 misericordiae
1061 3281 1181 3352 allectus
1191 3281 1221 3350 in
1233 3277 1321 3340 Clur-

185 3370 236 3418 sto
262 3305 430 3438 pqaevaluit,
459 3369 493 3418 ut
518 3356 606 3417 lessus
629 3379 695 3418 cum
718 3355 858 3444 discipulis
880 3358 955 3431 suis,
978 3357 1168 3438 continuaque
1192 3354 1320 3424 molestia

125 3455 127 3464 ’
186 3434 252 3507 lere
271 3455 435 3517 oppressus,
461 3433 514 3500 sibi
532 3443 627 3494 tamen
645 3454 707 3504 non
725 3446 864 3514 parceret
903 3433 1018 3514 Aliquid
1036 3431 1215 3503 relaxationis
1233 3453 1319 3514 quae-

190 3511 300 3584 sierat,
319 3531 413 3592 neque
436 3511 466 3586 id
489 3522 547 3584 tam
575 3509 629 3572 sibi
655 3531 738 3590 quam
760 3511 828 3582 disci
847 3511 911 3573 ulis:
935 3508 999 3592 quia
1022 3523 1118 3572 tamen
1143 3533 1208 3572 eum
1231 3507 1320 3570 olficii

189 3583 341 3660 necessitas
360 3587 521 3646 ad'norum
540 3585 666 3660 lahorem
685 3599 783 3662 vocat,
808 3533 930 3660 libenter
952 3587 1113 3682 posthabito
1134 3587 1247 3668 privato
1270 3583 1319 3644 illo

190 3673 338 3744 respectu,
367 3685 398 3736 se
423 3663 561 3746 impendit
584 3663 717 3735 docendis
743 3663 842 3727 turbis.
892 3663 953 3726 Etsi
977 3678 1083 3725 autem
1096 3685 1173 3724 nunc
1200 3661 1319 3723 allectus

191 3741 254 3812 illos
278 3739 369 3820 equit,
401 3739 451 3820 qui
464 3739 506 3798 ‘in
528 3738 673 3812 hominem
698 3739 848 3812 mortalem
874 3741 1056 3820 quadrabant,
1084 3740 1200 3802 dubium
1224 3751 1319 3798 tamen

186 3839 253 3878 uon
266 3828 317 3890 est,
337 3815 537 3894 quin'miseras
558 3837 625 3879 oves
644 3821 759 3910 pastore
776 3817 929 3890 destitutas,
949 3819 1035 3878 modo
1056 3827 1191 3898 quaerant
1208 3813 1319 3894 inopiae

190 3889 259 3955 1suae
277 3893 442 3973 remedium,
461 3891 568 3962 ecoelo
581 3891 721 3973 respiciat.
741 3892 820 3952 Dicit
830 3897 951 3970 Marcus,
965 3893 1056 3974 ipsum
1073 3894 1202 3956 docuisse
1212 3893 1317 3960 multo,
1381 3927 1382 3934 κ

186 3970 253 4032 :hoc
270 3982 313 4031 est
331 3969 379 4041 diu
398 3968 597 4041 concionatum
617 3991 691 4043 esse,
715 3980 748 4028 ut
773 3969 892 4030 solidum
909 3969 1030 4050 aliquem
1049 3971 1210 4052 proiectum
1228 3967 1319 4100 reqer-

187 4059 267 4106 rent.
310 4045 401 4117 Lucas
420 4047 456 4106 de
475 4067 563 4128 regno
581 4049 639 4104 Dei
657 4045 804 4138 loquutum
830 4062 891 4107 esse
913 4045 1011 4121 tradit,
1037 4047 1115 4126 quod
1136 4047 1212 4107 idem
1235 4055 1317 4103 raet

193 4121 352 4191 Matthaeus
373 4145 434 4184 non
452 4121 506 4183 nisi
528 4122 564 4199 de
583 4122 721 4181 miraculis
741 4122 884 4197 meminit,
903 4123 967 4203 quia
988 4122 1095 4186 scilicet
1113 4124 1147 4182 ad
1167 4119 1318 4182 conciliau-

189 4191 261 4254 dum
279 4199 396 4270 Christo
416 4220 523 4260 nomen
545 4189 607 4278 plus
631 4197 684 4258 illis
707 4197 822 4258 suberat
843 4199 989 4262 momenti.
1035 4201 1093 4261 Sed
1111 4199 1192 4260 facile
1210 4193 1317 4278 colligi-

188 4271 345 4408 izit?
369 4277 501 4392 omissam
522 4273 609 4339 luisse
631 4274 668 4350 ah
694 4295 730 4338 eo
754 4273 927 4356 doctrinam,
951 4294 1023 4360 quae
1045 4275 1202 4383 principun
1225 4273 1318 4344 locun¹
1380 4361 1381 4364 Ἴ
