2830 4772
177 239 236 306 ma
428 245 446 260 ·
621 183 732 302 sacr.
750 235 863 302 xvm.

178 393 251 474 bos,
273 391 330 480 qni
348 397 592 480 praecesserunt
612 387 775 472 dilnvium,
798 389 928 458 edentes
951 399 983 459 et
1002 387 1156 471 bibentes,
1178 399 1304 458 contra·¹
1339 417 1343 426 ·

178 495 291 564 bentes
311 493 544 560 matrimonium
566 503 598 560 et
618 505 752 581 nuptum
775 491 898 573 dantes,
925 513 1029 584 usque
1055 493 1097 559 ad
1117 515 1188 560 cum
1210 493 1303 571 diem,

179 620 247 687 quo
267 599 397 664 intravit
417 595 493 660 Nori
513 596 546 660 in
568 615 682 673 arcam,
724 595 777 662 39.
797 597 838 662 Et
859 617 928 661 non
949 607 1178 683 cognoverunt,
1198 595 1304 662 donec

178 703 319 768 venisset
341 697 511 776 dilnvium,
533 705 563 762 et
584 697 764 764 sustulisset
784 701 966 764 universos:
992 701 1036 764 ita
1057 701 1117 766 erit
1133 709 1164 765 ct
1185 701 1305 766 adven-

178 815 230 872 tus
250 803 325 882 Filii
345 803 492 868 bominis.
553 799 605 866 40.
626 799 719 866 Tunc
740 799 807 866 duo
829 810 921 867 erunt
942 804 975 866 iu
995 823 1082 888 agro,
1107 823 1190 870 unns
1212 825 1304 867 assu-

178 909 285 986 mitur,
306 915 338 970 et
358 903 437 970 alter
458 901 655 990 relinquitur.
698 905 750 970 tl.
771 903 865 970 Duae
885 902 1041 970 molentes
1062 908 1097 970 in
1117 905 1215 970 mola:
1238 926 1304 971 una

178 1010 424 1088 assumitur,=et
446 1003 544 1070 altera
571 1002 769 1092 relinquitur.
811 1005 863 1070 42.
884 1005 1023 1093 Vigilate
1044 1027 1130 1096 crgo,
1151 1009 1226 1096 quia
1245 1029 1304 1074 ne·
1329 1057 1334 1072 .

178 1114 276 1192 scitis,
297 1131 361 1200 qua
381 1108 463 1178 bura
478 1107 638 1176 Dominus
659 1118 765 1175 vester
783 1118 935 1176 venturus
956 1112 1006 1178 sit.
1036 1179 1038 1186 ,

261 1331 401 1400 Matre.
423 1329 507 1396 Xlll.
550 1326 603 1395 33.
643 1327 778 1410 Caveto,
810 1328 939 1417 vigilate
961 1339 998 1404 ,et
1025 1339 1127 1398 orate:
1169 1327 1302 1399 nescitis

179 1437 271 1517 enirn,
293 1432 424 1523 quando
445 1441 570 1520 tempus
592 1433 641 1498 sit.

261 1651 360 1721 LUG
378 1653 478 1718 xvn.
521 1653 574 1718 26.
595 1652 638 1718 Et
659 1654 742 1720 sicut
763 1652 878 1720 accidit
897 1654 932 1720 in
953 1649 1069 1738 diebus
1083 1653 1165 1734 Not,
1186 1653 1228 1720 ita
1242 1653 1304 1718 erit

177 1766 209 1822 et
229 1757 264 1822 in
286 1754 401 1821 diebus
422 1755 498 1822 Filii
519 1757 667 1826 bominis.
728 1757 781 1823 27.
812 1755 972 1838 Edebant,
997 1755 1163 1834 bibebant,
1185 1777 1303 1822 uxores

177 1857 346 1938 ducebant,
368 1843 406 1924 et
421 1855 581 1924 dabantur
602 1869 743 1944 nuptum,
771 1857 812 1926 ad
835 1882 906 1932 eum
927 1879 1027 1946 nsque
1047 1857 1139 1934 diem,
1163 1877 1229 1944 quo
1252 1859 1304 1921 in-

163 1959 272 2025 ·travit
292 1959 367 2026 Noe
388 1962 421 2029 in
448 1981 566 2026 arcam:
606 1969 637 2026 et
661 1963 749 2026 vonit
771 1961 939 2040 dilnvium,
969 1972 999 2026 et
1018 1957 1156 2047 perdidit
1176 1950 1300 2024 omnes'.

175 2061 228 2126 28.
263 2061 483 2130 Consimiliter
504 2063 597 2128 etiam
618 2065 700 2128 sicut
721 2065 835 2133 accidit
856 2068 890 2131 in
909 2063 1023 2131 diebus
1048 2063 1123 2142 Lot,
1150 2059 1300 2142 edebant,

174 2162 342 2235 bibebant:
375 2165 529 2244 emebant,
549 2163 743 2232 vendebant:
765 2167 958 2258 plantabant,
979 2164 1199 2232 aedificabant.
1246 2168 1300 2232 29.

105 2305 111 2324 x
175 2267 347 2338 Caeterum
368 2288 434 2356 quo
458 2269 512 2334 die
533 2271 607 2334 exiit
626 2269 690 2344 Lot
716 2293 735 2336 a
761 2270 927 2348 Sodomis,
964 2269 1047 2367 pluit
1073 2271 1155 2352 ignis
1181 2279 1212 2333 et
1233 2269 1299 2333 sul·
1404 2301 1405 2328 ÷

173 2371 259 2460 phur
278 2397 297 2440 e
318 2372 420 2450 coelo,
443 2383 474 2438 et
496 2385 606 2438 omnes
627 2371 781 2460 perdidit:
844 2371 896 2438 36.
939 2369 1121 2437 Secundum
1141 2372 1218 2436 baec
1238 2373 1297 2436 erit

175 2471 259 2553 dies,
285 2497 352 2562 quo
374 2475 476 2542 Pilius
495 2475 635 2542 hominis
662 2475 865 2543 revelabitur.
927 2473 980 2540 31.
1024 2476 1062 2539 ln
1083 2473 1138 2538 illo
1161 2473 1220 2552 die,
1242 2475 1298 2559 qui

173 2576 271 2642 inerit
297 2579 332 2642 in
358 2587 456 2658 tecto,
489 2588 521 2644 ct
541 2599 625 2644 vasa
638 2580 707 2644 eius
728 2580 763 2643 in
782 2575 895 2657 donno,
924 2599 966 2642 ne
987 2575 1161 2642 descendat
1181 2574 1221 2640 ad
1239 2575 1300 2644 tol·
1403 2669 1404 2672 Ἴ

173 2676 305 2742 lendum
327 2677 397 2743 illa:
434 2691 466 2746 et
487 2683 543 2768 qui
564 2683 599 2750 in
620 2702 711 2767 agro,
733 2677 877 2746 similiter
897 2701 966 2745 non
988 2679 1099 2745 redcat
1119 2677 1161 2746 ad
1182 2677 1298 2744 relicta.

173 2779 226 2844 32.
260 2780 422 2848 Memores
445 2793 547 2848 estote
567 2783 676 2850 uxoris
698 2779 770 2848 Lot.
820 2782 874 2848 33.
909 2781 1106 2869 Quicunque
1131 2785 1301 2870 quaesierit

44 2949 51 2967 Ι
167 2873 309 2948 'animam
331 2904 421 2948 snam
441 2905 583 2964 servare,
603 2883 715 2972 perdet
735 2884 836 2950 illam:
869 2888 1103 2972 etquicunque
1124 2883 1300 2972 perdiderit

172 2985 276 3068 illam,
298 2988 404 3076 gignet
425 2987 459 3051 in
481 2989 586 3072 vitam.
638 2987 706 3059 36,
725 2987 811 3054 Dico
834 2986 939 3066 vobis,
959 2989 993 3052 in
1015 2987 1070 3052 illa
1089 2996 1184 3052 nocte
1205 2997 1299 3050 erunt

172 3082 241 3158 duo
269 3093 304 3156 in
336 3089 422 3156 lecto
452 3111 537 3156 nuo:
581 3111 663 3154 unus
695 3100 886 3169 assumetur,
923 3100 954 3155 et
986 3089 1066 3156 alter
1089 3088 1296 3173 relinquetur.

172 3189 227 3256 35.
248 3193 341 3260 Duae
362 3203 455 3260 ernnt
476 3187 572 3259 simul
593 3191 762 3258 molentes:
783 3215 848 3259 una
870 3201 1055 3264 assumetur.
1075 3189 1222 3258 etaltera
1244 3211 1298 3254 re-

172 3291 343 3380 linquetur.
377 3297 428 3362 36.
451 3298 528 3362 Duo
551 3305 645 3362 erunt
665 3298 699 3360 in
720 3317 813 3382 agro:
836 3317 920 3362 unns
942 3295 1123 3380 accipietur,
1144 3289 1224 3356 alter
1246 3315 1298 3358 re-

60 3429 63 3441 ·
171 3393 342 3482 linquetur.
405 3400 458 3466 37.
481 3401 576 3465 Tunc
596 3389 828 3486 respondentes
850 3393 963 3466 dicunt'
979 3399 1022 3475 ei,
1050 3393 1118 3460 Ubi
1140 3394 1298 3464 Domine?

171 3497 246 3582 lpse
272 3518 352 3564 vero
383 3500 460 3567 dixit
486 3505 545 3580 eis,
581 3500 650 3566 Ubi
672 3499 821 3576 cadaver,
847 3502 914 3566 illic
935 3507 1086 3588 cogentur
1107 3509 1140 3563 et
1160 3497 1297 3583 aquilae.

171 3597 252 3666 XXI.
305 3600 358 3666 34.
394 3603 517 3672 Cavete
538 3614 642 3669 autem
663 3589 768 3683 vobii,
789 3627 831 3670 ne
853 3605 985 3692 qnando
1006 3612 1179 3698 graventur
1200 3600 1297 3666 corda

172 3713 279 3768 vestra
308 3705 438 3792 crapula
469 3716 500 3772 et
522 3705 682 3785 ebrictate,
707 3717 738 3774 et
759 3711 845 3772 cteris
867 3707 961 3773 buius
984 3709 1084 3785 vitae,
1113 3703 1298 3790 subitusque

171 3805 266 3872 vobis
288 3809 447 3874 immineat
468 3808 535 3874 dies
558 3810 622 3876 ille.
665 3811 717 3878 35.
741 3815 906 3898 Tanquam
928 3809 1061 3900 laqueus
1083 3809 1168 3873 enim
1191 3828 1298 3895 super-

136 3975 138 3980 ,
171 3913 278 3976 veniet
298 3912 332 3974 in
353 3933 478 3992 omnen,
508 3915 562 3998 qui
585 3911 697 3994 sedent
719 3933 816 3998 super
838 3912 948 3976 laciern
970 3905 1202 3976 totinst‘errae.
1245 3909 1297 3973 36.

171 4011 313 4100 Vigilate
341 4017 450 4102 itaque
480 4019 567 4080 orrrni
599 4026 753 4101 terrrpore,
789 4014 994 4102 deprecantes
1027 4023 1062 4076 ut
1088 4011 1181 4076 liceat
1204 4009 1297 4076 vobis

81 4158 84 4168 .
172 4113 313 4198 elingere
339 4108 400 4186 ista
420 4105 550 4198 omnia}
581 4135 664 4214 quac
691 4117 798 4192 lutura
817 4127 904 4198 sunt,
934 4127 966 4196 et
986 4125 1070 4193 stare
1090 4123 1164 4185 autc
1182 4113 1297 4181 Filium

168 4211 317 4291 bominis,
374 4271 379 4298 ,

1401 289 1405 352 l
