2796 4774
365 219 531 298 (lm-3⁰.
571 217 685 283 nanus
702 217 944 302 Baptistaenex.)
1182 231 1220 295 tl
1249 181 1255 192 ¹

87 369 209 433 stantiae
223 371 410 454 ignominiam
429 371 575 434 sustineat:
594 371 672 452 quasi
691 394 762 434 vero
781 373 935 436 retractare
949 372 1062 454 ttupinr
1079 373 1124 450 sit,
1163 377 1220 440 uod

85 459 200 508 temere
225 448 366 530 smlthue
389 447 531 530 promisit,
553 471 649 528 „quana
674 448 728 510 sibi
752 460 883 510 constare
909 449 939 512 in
967 449 1075 512 scelere
1099 475 1136 514 ne
1178 454 1219 518 io.
1251 463 1253 466 '

85 525 202 583 Verum
222 525 288 604 quia
299 547 357 616 pro
376 523 456 585 solita
474 546 574 607 regum
597 525 721 604 vanitate
743 525 854 586 irritum
877 525 939 588 fieri
957 548 1017 587 non
1037 525 1110 603 vult,
1141 533 1218 612 quod

85 598 188 672 semel„
198 601 330 680 protulit,
349 599 520 694 prophetam
540 601 680 682 extemplo
699 601 779 670 iubet
798 602 897 674 occidi.
938 603 1107 686 colligimus
1124 617 1218 668 autem

85 674 119 733 in
145 696 215 736 arce
238 678 427 740 Macheronns
451 679 598 750 Herodem
623 690 692 750 tunc
720 699 869 754 coenasse,
899 679 948 742 ubi
970 680 1109 762 Iosephus
1132 683 1218 744 tradit

57 752 228 813 *Iomanem
249 753 332 816 luisse
350 755 506 816 detentum.
549 755 657 814 Notare
676 766 769 816 autem
791 756 1036 839 operaepretium
1059 769 1114 833 est,
1139 759 1218 841 quod
1325 810 1329 830 ,

83 825 187 888 dicunt
204 831 409 914 Evangelistae,
425 842 547 910 propter
566 829 782 908 iusiurandum,
800 843 830 902 et
849 839 1002 906 nastros,
1022 831 1070 916 qui
1088 833 1216 896 aderant:
1305 862 1315 879 r

82 903 163 964 unde
182 905 349 988 colligimus,
371 907 395 968 si
417 907 525 968 centies
544 905 622 966 nullo
640 919 713 968 teste
735 909 866 990 iurasset,
886 911 1025 990 promisso
1046 921 1140 972 tamen
1157 911 1216 972 rni-

82 979 162 1041 nirne
178 993 318 1044 staturum
336 984 432 1045 luisse.
457 984 527 1052 Non
540 1003 611 1069 ergo
621 982 741 1052 interior
758 983 810 1046 reli
832 985 860 1046 ‘o
880 985 1048 1054 constrinxit
1060 987 1217 1064 Herodem,

80 1059 132 1118 sed
148 1080 224 1120 mera
244 1060 365 1136 arabitio
384 1059 569 1142 praecipitem
586 1059 689 1142 adegit,
724 1005 840 1126 niasibl
859 1059 975 1122 mininie
992 1062 1146 1146 honestum
1161 1065 1215 1126 du·

80 1145 174 1208 seret,
197 1135 286 1197 fidem
306 1138 400 1196 datam
421 1157 483 1197 non
501 1145 652 1216 praestare.
699 1081 744 1198 lqta
763 1135 795 1197 fit
814 1135 944 1218 ut'inrpil
962 1137 1080 1206 subinde
1098 1137 1128 1196 in
1141 1139 1214 1208 ‚offi-

80 1207 124 1268 cio
143 1209 293 1288 labantur,
318 1213 383 1304 puia
397 1214 432 1272 ad
449 1215 542 1272 Deum
561 1210 677 1284 minime
695 1209 864 1293 respiciunt,
892 1213 942 1272 sed
959 1223 1070 1282 tantum
1088 1211 1216 1276 adhunc

79 1305 198 1366 scopum
218 1289 329 1356 intents
347 1301 422 1363 sunt,
441 1307 480 1357 ne
498 1287 646 1356 hominum
663 1288 775 1368 probris
793 1287 964 1358 subiaceant
1001 1289 1095 1378 Potpo
1115 1289 1215 1352 nian-

79 1361 102 1420 si
118 1361 306 1429 iurisiurandi
325 1365 456 1426 sanctitas
474 1375 599 1439 tantum,
628 1375 657 1424 et
674 1384 735 1426 non
753 1364 899 1436 hominum
918 1365 1086 1430 verecundia
1107 1377 1216 1428 versata

80 1450 152 1498 esset
169 1453 249 1505 ante¹
265 1441 366 1508 oculos
385 1441 522 1516 Herodis,
546 1441 658 1523 gravius
681 1451 775 1511 tamen
797 1439 925 1536 peccavit
945 1442 1022 1522 quod
1041 1440 1126 1510 stulte
1165 1463 1214 1501 ro-

79 1514 195 1576 miserat
223 1517 424 1595 exsequendo,
484 1516 575 1596 am'sl
599 1516 789 1582 iusiurandum
812 1513 952 1586 violasset.
995 1517 1131 1578 Primum
1180 1537 1215 1578 ec

80 1588 133 1650 luit
151 1614 224 1672 prae
246 1604 345 1661 ostera
362 1593 442 1654 iuran
463 1593 470 1608 ‘
488 1591 624 1669 celatim,
644 1595 720 1676 quod
736 1594 953 1687 promissionem
968 1594 1011 1658 rei
1028 1594 1216 1662 dutiaecons

78 1665 185 1750 firmata
233 1669 319 1734 einde
338 1669 388 1730 ubi
408 1670 547 1764 apparant,
571 1691 632 1730 non
654 1691 738 1752 posse
759 1670 900 1742 absolria
920 1671 975 1731 lide
993 1671 1164 1754 data,quin
1181 1693 1215 1732 se

80 1743 204 1805 nefando
226 1746 338 1807 scelere
357 1745 562 1830 obstringeret,
587 1748 649 1806 nbn
666 1745 745 1808 licuit
760 1769 870 1808 sacrum
889 1747 945 1814 Dei
965 1768 1072 1811 nornen
1093 1745 1142 1811 tali
1160 1747 1213 1807 lla-
1297 1776 1306 1791 ¹

80 1818 149 1899 gitio
170 1820 339 1896 involvere,
365 1823 432 1914 quid
457 1823 532 1883 enim
556 1822 645 1905 magis
668 1822 792 1884 alienum
812 1845 828 1888 a
846 1823 926 1897 Deo,
947 1845 1034 1904 quam
1056 1835 1089 1884 ut
1109 1824 1149 1884 im
1171 1821 1212 1884 'ae

80 1895 145 1954 neci
154 1899 334 1978 praesideat?
349 1901 384 1960 'Si
398 1899 505 1984 privata
522 1899 628 1960 iactura
645 1900 747 1983 agitur,
788 1921 890 1962 cenare
908 1921 975 1962 suae
992 1899 1125 1962 stultitiae
1154 1912 1214 1975 nat,

81 1971 129 2049 qui
154 1985 270 2037 temere
296 1975 417 2038 iuravit:
451 1977 501 2040 sed
526 1975 642 2038 interim
672 1923 826 2039 evenlum
855 1987 915 2055 est,
949 1977 998 2038 ubi
1025 1977 1087 2058 quis
1108 1977 1211 2041 frustra

81 2049 202 2112 sumsit
227 2053 334 2113 nomen
356 2053 427 2127 Dei,
460 2075 498 2116 ne
523 2045 581 2113 eids
606 2066 751 2132 praetextu
774 2054 892 2115 abutens
914 2051 948 2113 ad
972 2054 1135 2133 patrandum
1159 2051 1211 2113 ali-

82 2070 163 2202 quol
182 2129 272 2190 scelus
295 2129 471 2213 sacrilegium
495 2127 627 2209 duplicet
675 2131 753 2191 ilinc
780 2129 923 2209 sequitur,
953 2141 1020 2190 vota
1045 2129 1211 2204 monastica,

83 2199 184 2277 quibus
206 2205 359 2268 coniuncta
379 2219 421 2267 est
439 2205 587 2266 manifesta
605 2204 746 2286 impietas,
770 2227 831 2265 non
851 2206 940 2286 magis
959 2205 1225 2280 corncientiamli-·

82 2295 151 2356 gare
173 2301 258 2372 quam
280 2283 406 2365 magicos
430 2281 615 2344 exorcismos:
639 2281 701 2360 quia
720 2283 800 2341 Deus
820 2303 931 2362 sacrum
953 2303 1034 2339 suum
1052 2279 1211 2350 nomenatl

82 2367 193 2430 peccati
213 2359 458 2418 confirmationem
478 2356 572 2416 valere
591 2376 652 2414 non
668 2356 737 2416 vult.
775 2355 872 2416 Docet
889 2368 985 2414 tamen
1002 2355 1049 2415 hic
1066 2354 1145 2414 locus
1165 2375 1211 2413 ca-

81 2431 208 2492 vendum
229 2437 302 2509 esse,
322 2455 361 2494 ne
380 2433 447 2514 quid
464 2431 673 2510 inconsiderate
692 2430 837 2510 quisqamm
855 2429 1016 2510 promittat:
1039 2429 1213 2519 deinde-ne

79 2506 116 2564 ad
133 2506 281 2570 levitatem
299 2511 415 2576 accedat
432 2503 618 2568 contmnacia.
1209 2575 1213 2582 ι
1260 2531 1263 2538 ’

103 2597 114 2606 ’
161 2583 213 2651 28.
251 2587 399 2667 Daditque
416 2573 495 2650 illud
507 2581 636 2672 puellos,
678 2581 745 2644 Hoc
766 2601 879 2661 quoque
898 2580 932 2641 ad
949 2579 1061 2643 sceleris
1078 2581 1211 2643 atrocita-

80 2666 146 2717 tem
165 2660 296 2733 accessit,
327 2659 403 2752 quod
426 2668 516 2720 sancti
538 2655 592 2728 viri
617 2670 699 2739 caput
717 2669 783 2739 post
804 2668 926 2718 mortem
943 2655 1064 2720 ludibrio
1085 2659 1210 2720 habiturn

81 2731 152 2790 luit:
184 2733 234 2794 scd
255 2737 395 2795 Dominus
421 2735 460 2802 ita
487 2754 552 2794 suos
576 2733 718 2795 interdum
745 2733 858 2808 subiicit
881 2733 1031 2816 impiorum
1052 2737 1209 2818 superbiae,

83 2808 180 2870 donec
206 2814 319 2872 tandem
339 2813 482 2887 ostendat,
504 2809 660 2892 pretiosum
681 2811 712 2871 in
734 2810 791 2884 suis
815 2809 901 2872 oculis
921 2833 981 2872 esse
999 2811 1124 2893 ipsorum
1144 2835 1209 2873 san·
1261 2849 1265 2871 .

83 2886 212 2965 guinem.
250 2888 378 2950 Exsultat
395 2887 534 2950 Herodias
552 2885 672 2948 bbrdnns
690 2909 757 2949 snae
776 2907 892 2969 compos
911 2887 999 2964 facta,
1019 2900 1049 2949 et
1063 2889 1209 2960 ‚crudelem
1250 2928 1252 2934 ι

84 2961 257 3046 triunrpbnm
274 2967 312 3026 de
330 2988 382 3026 suo
402 2986 522 3027 censore
540 2965 612 3048 agit,
639 2965 688 3028 sed
710 2976 811 3046 postea
834 2976 916 3024 exuta
938 2964 996 3026 suis
1014 2986 1031 3024 o
1052 2964 1129 3038 ibus,
1153 2985 1209 3024 nec

85 3039 167 3120 regni
191 3053 301 3102 tantiam
320 3042 443 3118 honore,
467 3043 517 3102 sed
539 3041 633 3100 natali·
649 3040 711 3101 solo
736 3052 765 3101 et
791 3041 921 3102 omnibus
944 3039 1019 3102 subsi
1039 3041 1072 3099 ris
1091 3039 1209 3120 privata,

86 3131 171 3191 quum
190 3117 272 3199 inops
291 3118 421 3180 miseram
439 3118 525 3180 vitam
548 3139 634 3200 aegre
656 3117 687 3176 in
710 3115 807 3178 exsilio
827 3117 968 3190 traheret,
993 3135 1079 3176 suave
1102 3114 1209 3205 angelis

87 3192 219 3255 ethonis
240 3195 369 3255 omnihus
390 3193 577 3276 spectaculum
596 3191 735 3328 praebuit.
810 3194 868 3254 uod
889 3191 1026 3252 convivae
1043 3190 1209 3282 abominan-

88 3264 136 3356 dae
154 3291 277 3352 pompae
296 3271 398 3332 intuitu
416 3271 532 3332 foedare
551 3289 607 3330 ocu
618 3291 650 3330 os
669 3281 825 3406 copppppur,
844 3267 912 3331 hinc
930 3267 1075 3342 discamus,
1095 3289 1143 3350 qur
1162 3291 1209 3332 re,-

88 3359 138 3476 lm
157 3347 261 3408 mensis
280 3348 415 3422 assident,
439 3359 522 3427 saepe
541 3345 639 3429 *multis
663 3366 710 3406 sce
782 3368 814 3405 us
838 3337 987 3426 implicari:
1010 3365 1075 3402 nam
1095 3357 1128 3404 ut
1145 3341 1210 3408 raril-v

99 3440 144 3480 um
160 3435 310 3494 cruentum
327 3423 433 3504 lacinus
444 3443 569 3495 mensam
582 3421 715 3496 funestet,
735 3421 814 3480 omni
831 3431 925 3480 tamen
944 3419 1084 3500 nequitiae
1102 3434 1210 3510 genere

89 3493 126 3554 sic
149 3499 254 3571 ‘relenta
269 3511 343 3570 ,sunt
363 3501 477 3574 omnia,
497 3510 530 3569 ut
549 3497 646 3569 saltem
667 3497 815 3570 lenociniis
837 3497 962 3567 addictos
986 3515 1047 3560 esse
1068 3511 1211 3582 oporteat,

90 3571 245 3660 quicunqne
262 3575 327 3638 illuc
345 3577 492 3647 accedunt,
617 3585 621 3590 ’
662 3608 664 3612 ·
823 3616 825 3620 .
1028 3633 1029 3639 ,
1121 3631 1122 3638 ,

161 3655 210 3724 29.
248 3655 394 3738 Discipuli
411 3657 476 3714 eins
494 3661 644 3711 venerunt.
683 3651 750 3711 Hoc
768 3651 804 3712 ad
820 3647 943 3712 mulieris
960 3651 1103 3714 saevitiam
1120 3661 1210 3714 resta-

91 3722 148 3802 bat,
174 3741 208 3788 nt
232 3729 349 3792 cadaver
372 3729 461 3791 sancti
474 3727 538 3788 *viri
560 3725 871 3818 irasepnltum'iacereta
913 3728 1039 3796 robabile
1063 3729 1138 3791 enirn
1157 3735 1209 3798 est,

93 3821 174 3878 quum
193 3806 249 3876 hoc
268 3806 363 3874 allicio
383 3805 475 3866 suncti
492 3803 550 3864 sint
568 3804 702 3884 disnputi,
721 3750 983 3885 proiectumluisse
1000 3828 1016 3868 a
1034 3803 1148 3888 tyranni
1166 3822 1211 3860 sa-

92 3877 230 3943 tellitibus.
272 3883 335 3953 Etsi
359 3895 453 3954 autent
476 3879 547 3952 nihil
570 3880 689 3950 mortuis
712 3881 937 3952 conlertltonor
954 3883 1136 3965 sepulturae,
1150 3874 1226 3952 nult

93 3961 184 4019 tamen
202 3958 390 4028 ceremoniam
408 3959 482 4030 hanc
500 3957 641 4027 Dominus
661 3978 677 4020 a
693 3956 776 4017 nobis
795 3956 864 4038 ccli,
887 3967 919 4016 ut
937 3957 1095 4042 symbolum
1114 3963 1150 4012 sit
1167 3949 1210 4008 ul-

94 4029 173 4094 llmae
201 4035 425 4096 resurrectionis.
477 4032 577 4114 Quare
601 4033 666 4093 Deo
695 4045 774 4114 grata
796 4033 851 4092 suia
872 4033 942 4093 haee
965 4031 1106 4100 sedulitas,
1135 4026 1212 4104 quod

81 4105 219 4192 fdlscipnli
244 4109 358 4171 Ioannis
384 4120 538 4184 venerunt,
565 4121 597 4186 nt
621 4131 723 4190 corpus
745 4107 872 4192 magistri
891 4111 1020 4189 sepulcro
1038 4102 1211 4164 mersdarent.

96 4182 173 4247 Adde
191 4187 269 4267 quod
287 4187 342 4248 hoc
360 4187 395 4248 ad
415 4187 570 4248 testandam
588 4185 724 4268 pietatem
746 4183 843 4252 valuit:
867 4206 935 4247 nam
949 4185 1012 4269 ⁴boc
1035 4177 1122 4264 modo
1143 4199 1212 4266 pro-

25 4311 35 4347 .,
97 4257 157 4323 lessi
181 4262 399 4338 sunflfmortui
419 4261 542 4342 hominis
560 4263 725 4332 ¹doctrinam
747 4259 925 4340 superstitem
946 4277 978 4340 ‚¹¹¹
1002 4251 1134 4312 cordibus
1157 4273 1213 4340 snas

98 4334 200 4421 vigere.
237 4340 394 4418 Laudabilis
414 4358 485 4424 ergo
503 4338 560 4401 luit
575 4338 627 4400 ista
644 4333 802 4409 contento,
820 4337 983 4412 praetecum
1000 4347 1086 4404 quum
1103 4340 1213 4404 apert
