2796 4774
152 240 158 259 ,
196 185 255 252 ,Ἦ
412 179 524 250 SECT.
544 115 623 259 Xllt.
663 201 790 258 cunmrr
809 201 920 250 rassro
937 201 979 252 er
998 203 1092 250 mons.

196 336 295 414 verita,
318 359 400 432 quarn
419 338 525 402 excelsa
543 338 627 400 animi
646 336 810 400 fortitudine
828 338 973 420 praeditus.
987 339 1071 402 luerit
1088 338 1235 418 Christus,
1255 341 1318 422 quia

196 415 237 476 sic
255 414 334 501 loqur
351 437 410 478 non
428 425 555 498 poterat,
580 416 633 476 nisi
658 427 820 478 constanter
844 427 873 474 et
896 417 1035 498 intrepide
1054 411 1090 476 ad
1107 429 1234 478 mortem
1255 441 1320 498 per-

194 501 295 574 geretr
312 494 360 554 sed
381 492 435 554 hue
453 493 605 574 praecipue
622 493 727 566 tendit,
745 511 777 554 se
793 489 823 551 in
841 491 889 550 illo
908 491 1030 552 deformi
1046 493 1220 576 sordidoque
1241 495 1318 554 habi-

197 579 229 628 tu
247 568 349 648 respici
374 581 469 630 ermen
487 589 505 629 a
523 569 602 644 Deo,
634 569 777 649 impios-v
864 567 912 646 qui
933 589 1010 630 nunc
1031 569 1108 650 quasi
1126 571 1254 631 victores
1275 595 1318 631 su·

98 711 102 717 ,
197 644 286 734 perhe
308 643 493 724 triumphant,
528 664 589 706 nnn
611 644 659 704 diu
686 645 797 706 insanae
851 643 943 706 etitiae
967 643 1032 704 iore
1060 657 1228 726 compotes,
1256 647 1319 726 quia

196 719 280 804 paulo
307 731 527 857 pmtbipequmur
554 719 723 782 incredibilis
750 718 907 782 conversio.
964 721 1044 782 Haec
1072 722 1205 783 doctrina
1234 723 1318 782 hodie

274 817 293 854 u

196 813 403 934 metilde
429 819 522 948 iatri,
594 873 619 935 'a
636 871 671 932 ad
689 884 864 950 momentum
881 871 1029 934 destitutus
1047 873 1141 934 luerit
1161 873 1223 935 eius
1242 875 1318 934 auxi-

195 945 250 1022 lio,
285 949 335 1010 scd
352 949 424 1012 tanti
442 949 527 1012 luisse
544 948 583 1010 ili
607 948 723 1011 salutem
749 960 891 1026 nostram,
921 959 953 1008 ut
969 969 1011 1032 pc
1035 949 1183 1032 unigenito
1205 952 1317 1030 quidem

196 1036 334 1108 peremat.
376 1025 442 1088 Hoc
470 1038 564 1088 autem
590 1025 694 1108 insigni
722 1025 891 1086 documento
919 1024 1069 1104 patefecit,
1102 1047 1189 1108 quum
1217 1027 1317 1087 urbem

195 1113 329 1179 sanctam,
339 1113 381 1190 ,ct
397 1101 447 1163 uhi
464 1103 578 1164 unicum
597 1101 754 1163 Samarium
772 1101 827 1162 sibi
845 1100 978 1184 elegerat,
998 1097 1121 1164 funditus
1140 1103 1257 1178 excidit,
1286 1125 1317 1164 ae
1364 1127 1365 1194 p

195 1177 318 1262 perdidit
337 1199 392 1239 una
411 1189 476 1240 cutn
497 1179 605 1240 incolis.
623 1184 625 1193 '
643 1179 720 1238 Hinc
743 1177 778 1238 ad
799 1177 983 1238 meditandam
1003 1178 1102 1238 mortis
1120 1177 1231 1240 Christi
1249 1201 1318 1240 cau-
1364 1197 1365 1284 p

195 1275 254 1315 sam
272 1275 418 1340 assurgere
439 1253 586 1316 disc‘amus:
603 1275 674 1315 'nam
693 1275 779 1335 quum
797 1254 873 1316 Deus
892 1251 966 1314 illam
983 1263 1043 1316 tam
1060 1275 1159 1316 serere
1177 1254 1252 1316 ultus
1270 1256 1317 1328 sit,

194 1330 462 1422 nunqnam·a·Filio
479 1351 532 1393 ruo
551 1329 626 1394 obiri
650 1351 744 1412 passm
763 1341 849 1404 esset,
882 1329 936 1390 uisi
953 1341 986 1390 ut
1006 1351 1059 1411 pro
1079 1331 1178 1392 mundi
1192 1331 1315 1414 peccat‘u
1364 1371 1365 1390 t

194 1417 269 1470 erret
289 1429 322 1466 cx
342 1419 419 1466 tatto.
939 1431 941 1436 ·
1091 1457 1095 1466 .
1165 1456 1168 1468 .

270 1429 341 1546 dap
358 1483 505 1564 Quoniam
523 1504 588 1543 ecee
604 1486 729 1552 renim.
767 1473 924 1544 Denimtat
946 1501 1007 1542 non
1028 1480 1173 1565 vulgarem
1196 1481 1314 1556 dadam,

194 1558 245 1620 red
262 1559 349 1622 diram
370 1571 398 1620 et
417 1558 494 1640 prius
512 1559 661 1619 inauditam
686 1559 805 1634 instare,
839 1559 869 1620 in
893 1577 945 1638 qua
965 1557 1053 1639 palam
1072 1571 1204 1620 cernatur
1222 1560 1314 1620 divina

194 1634 280 1698 ultio:
304 1633 361 1695 acsi
379 1635 512 1706 dixisset,
534 1647 652 1717 gentem
668 1634 740 1694 illam
760 1643 819 1694 nori
838 1655 895 1694 uno
914 1633 958 1694 vel
977 1633 1097 1714 simplici
1114 1635 1245 1696 interitus
1262 1656 1313 1727 gc-

194 1731 265 1772 nere
283 1704 459 1792 absumptum
471 1710 525 1784 iri,
549 1711 599 1772 sed
617 1710 762 1792 multiplici
782 1711 939 1794 ingentium
958 1709 1094 1770 malorum
1115 1711 1251 1793 congerie
1267 1735 1312 1771 m-

192 1785 354 1858 terituram,
387 1793 420 1844 ut
442 1784 533 1846 mutto
556 1785 640 1846 satius
666 1787 702 1846 sit
723 1788 862 1847 montium
880 1785 967 1848 ruinis
988 1785 1123 1866 opprimi,
1152 1787 1197 1847 uel
1215 1787 1310 1847 ahsor
1364 1829 1365 1840 r

193 1857 255 1920 he'ri
272 1871 366 1920 terrae
385 1859 538 1934 chasmate,
563 1881 645 1938 quam
666 1861 742 1922 inter
760 1883 858 1924 saevos
875 1863 997 1924 diuturni
1016 1863 1091 1924 exitii
1112 1863 1252 1925 cruciatus
1270 1877 1310 1922 ta·
1364 1883 1365 1936 3

192 1935 316 2000 hescere.
355 1935 417 1996 Nec
435 1955 505 2000 vero
524 1937 619 1998 irritae
636 1935 729 1998 minae
748 1937 924 2012 ceciderunt,
944 1938 991 1999 sed
1010 1937 1066 2000 hoc
1086 1939 1238 2002 verborum
1258 1940 1310 2000 lul-

133 2093 137 2100 ·
192 2031 258 2072 men
276 2009 494 2094 superavitipsa
513 2023 631 2074 eventus
649 2012 792 2088 atrocitas,
817 2014 1048 2096 quemadmodum
1067 2037 1100 2076 ex
1119 2015 1244 2096 losepho
1262 2038 1308 2096 pa-

191 2098 243 2148 tet.
281 2089 483 2169 Ponnqmm
505 2088 572 2152 istae
601 2090 658 2152 sint
685 2089 798 2152 ultimae
824 2091 1033 2182 desperationip
1046 2111 1145 2162 voces,
1174 2113 1195 2152 o
1214 2103 1308 2152 tarra

191 2165 335 2234 montibus
354 2165 476 2246 opprimi
493 2178 524 2227 et
542 2166 865 2242 sobolamvmalcdicere,
887 2167 928 2230 his
946 2167 1039 2251 verbis
1055 2165 1152 2228 docuit
1221 2170 1307 2242 rietus,
1364 2203 1365 2246 ,

191 2263 324 2305 sensuros
346 2243 459 2304 tandem
482 2241 616 2318 Iudaeos,
636 2265 696 2305 non
720 2265 783 2304 cum
808 2244 921 2310 homine
943 2241 1070 2318 mortali,
1094 2245 1144 2306 sed
1162 2265 1228 2311 eum
1246 2247 1306 2304 Deo
1364 2273 1365 2326 p

188 2317 295 2382 bellum
314 2341 345 2382 sc
363 2319 488 2404 gessisse.
529 2321 573 2388 lta*v
586 2319 686 2382 iustam
705 2313 831 2404 sicrilcgi
850 2317 951 2380 suroris
969 2320 1128 2382 mercedem
1145 2320 1306 2398 persolvunt

152 2427 155 2432 ·
191 2396 248 2456 Dei
271 2397 380 2470 hostes,
411 2407 445 2458 ut
466 2395 569 2458 fmrstra
593 2397 652 2458 eius
675 2395 813 2462 vindictae
835 2408 938 2456 terram
963 2417 1016 2476 pro
1041 2395 1140 2478 clypeo
1159 2417 1304 2480 opponere
1364 2391 1365 2452 l

191 2471 318 2552 cupiant,
338 2473 385 2552 qui
403 2473 479 2550 prius
502 2472 612 2535 coelum
623 2473 640 2540 ¹i
662 2495 721 2534 sum
741 2473 877 2552 impetere
895 2473 954 2532 ausi
971 2481 1045 2532 sunt.

264 2549 312 2608 31.
350 2549 389 2608 St
406 2553 438 2606 in
455 2549 583 2609 humido.
651 2571 683 2610 ac
701 2549 1003 2612 sententia-'confirmat
1018 2547 1161 2624 Christus,
1191 2565 1246 2610 nec
1265 2549 1305 2607 in-

190 2617 275 2680 ultam
295 2619 358 2684 fore
374 2635 498 2684 monem
517 2647 609 2698 suam,
628 2642 683 2685 nec
703 2625 750 2686 diu
768 2636 890 2688 staturos
909 2625 1040 2698 Iudaeos,
1102 2646 1184 2686 orum
1203 2638 1305 2688 matura

189 2693 258 2769 iam,
286 2696 344 2756 imo
365 2697 544 2779 semiputrida
567 2712 628 2761 erat
650 2700 793 2779 iniquitas,
826 2722 858 2760 ac
879 2699 987 2792 vulgari
1009 2701 1071 2760 simi
1084 2701 1189 2764 'tudine
1206 2701 1305 2782 prohat

189 2769 249 2830 heri
272 2792 332 2832 non
354 2790 452 2854 posse,
483 2776 552 2854 quin
569 2777 628 2838 irae
646 2777 756 2839 divinae
772 2778 846 2860 ignis
870 2787 962 2840 statum
980 2775 1043 2836 illos
1061 2779 1192 2838 incendio
1210 2799 1305 2840 corre-

190 2857 255 2930 ptos
274 2849 401 2939 demet.
435 2851 550 2912 Scimus
567 2850 675 2937 lignum
694 2853 801 2914 aridum
822 2851 914 2914 solere
937 2851 1012 2934 prius
1027 2853 1060 2912 in
1079 2851 1175 2946 ignem
1194 2853 1303 2914 coniici:

189 2925 290 3003 quodsi
308 2925 452 2988 humidum
471 2939 502 2988 et
519 2923 607 2988 viride
627 2929 809 3005 comburitur,
827 2930 939 2991 tandem
959 2927 1047 2990 multo
1060 2941 1158 2992 'miuus
1177 2941 1302 3010 parcetur

187 3001 278 3063 arido.
317 3003 408 3063 Porro
428 3003 555 3066 verbum·
567 3005 690 3082 sociant
710 3006 857 3068 indefinite
875 3015 1017 3097 exponere
1034 3005 1114 3080 licet,
1142 3005 1198 3066 hoc
1215 3027 1302 3078 sensu,

189 3069 212 3134 al
231 3089 297 3144 ante
313 3091 422 3160 tempus
441 3080 476 3140 ad
497 3079 593 3220 ipriem
611 3083 717 3175 rapitur
739 3081 846 3167 lignum
865 3083 965 3156 viride,
990 3081 1057 3162 quid
1074 3083 1152 3144 sicco
1170 3093 1200 3142 et
1216 3081 1301 3142 veteri
1364 3095 1365 3146 l

189 3149 253 3240 sqrp
271 3157 392 3232 putatis?
428 3156 489 3218 Nisi
520 3169 583 3223 dele
601 3180 662 3238 quas
681 3157 760 3218 malit
778 3158 902 3220 conferri
920 3158 1047 3219 homines
1068 3180 1133 3220 curn
1152 3159 1229 3231 Deo,
1247 3155 1300 3217 acsi
1364 3209 1365 3216 ,

188 3225 302 3288 durasset
322 3231 462 3308 Christus,
486 3233 589 3314 impiis,
614 3234 662 3316 qui
679 3233 959 3313 similessuntarido
976 3233 1068 3315 ligno,
1087 3235 1136 3294 uhi
1156 3235 1241 3296 iustus
1258 3233 1298 3292 in-
1364 3289 1365 3294 ,

187 3287 274 3390 ‘ligne
291 3307 482 3397 perdiderint,
515 3321 625 3390 paratas
647 3304 804 3390 esseuput
826 3315 918 3372 Deum
942 3310 1016 3373 vices
1041 3331 1111 3370 suas.
1151 3309 1297 3385 Quomodo

188 3392 264 3462 cmm
289 3399 343 3456 tpsr
364 3386 472 3460 prrdem
496 3385 582 3446 exitio
606 3385 701 3446 devoti
726 3385 856 3447 coelestis
879 3386 981 3448 Iudicis
999 3407 1113 3446 manum
1135 3387 1296 3470 effugerent,

182 3469 236 3540 qur
254 3459 363 3537 tantum
381 3456 509 3520 licentiae
532 3461 598 3540 ipsis
621 3461 656 3522 ad
680 3471 792 3540 tempus
816 3474 915 3524 contra
936 3463 1026 3524 hones
1044 3465 1081 3524 ‘et
1098 3463 1222 3524 insontes
1239 3483 1295 3543 pcr-
1364 3503 1365 3516 r

187 3526 290 3586 mittit?
316 3527 430 3619 licronis
449 3545 541 3594 autem
560 3537 646 3596 modo
664 3537 791 3616 accipere
810 3538 1032 3614 libeat,·summa
1050 3549 1106 3609 est,
1145 3551 1295 3620 raepostere
1364 3591 1365 3600 ,

169 3601 331 3694 ,Ιεωευιαςι
348 3603 489 3694 muheres,
507 3609 561 3675 taisi
573 3599 659 3688 simul
678 3625 840 3691 exspectent
858 3635 890 3676 ac
909 3626 1036 3676 metuant
1053 3560 1203 3690 horrbtte,
1229 3613 1295 3694 quod

187 3677 327 3740 sceleratis
353 3683 509 3760 rmpendet,
539 3685 757 3765 Desideratum.
800 3691 969 3772 Et·quotics
994 3689 1066 3752 ultra
1088 3683 1204 3752 m'odum
1223 3689 1295 3750 uobis

186 3753 302 3844 molesta
321 3768 364 3817 cst
382 3757 471 3848 crucis
489 3760 638 3836 acerbitas,
660 3763 727 3825 .hoc
750 3765 848 3830 solatio
870 3767 999 3848 mitigare
1022 3767 1170 3844 convenit,
1202 3769 1295 3838 Deum,
1364 3823 1365 3834 ,

186 3849 233 3917 pur
253 3851 328 3892 nunc
347 3851 412 3893 suos
430 3833 531 3895 minate
549 3837 638 3921 altli'gi
676 3841 771 3916 atitur,
809 3843 924 3904 minime
950 3841 1068 3904 tandem·
1085 3863 1241 3922 passurum,
1270 3851 1296 3900 ut
1364 3857 1365 3862 ’

103 3965 105 3970 ,
184 3910 436 4046 aspeppnpiepppffi
449 3911 613 4048 ppplepppum
626 3917 687 4006 ῌιεί
704 3928 797 4054 autepa
816 3917 884 3980 haec
894 3941 966 4068 ὀροε
978 3939 1032 3984 nos
1048 3917 1170 4010 fulciret,
1189 3938 1297 4056 uppessle

185 4021 186 4024 ¹
481 4021 482 4024 ¹
615 4013 657 4052 nrs
679 4013 759 4052 coner
779 4013 836 4054 ere.
925 4017 944 4054 u
999 4015 1062 4054 uam
1085 4015 1161 4054 ennn
1283 4014 1296 4054 e

185 4063 278 4143 estune
297 4063 384 4142 magis
403 4076 582 4138 consuetum,
606 4087 641 4126 ex
663 4067 742 4148 ligno
767 4071 845 4134 arido
862 4015 1056 4150 potissmium
1074 4017 1296 4155 humiddigdam
1324 4076 1327 4086 '
1364 4089 1365 4100 ¹

184 4126 259 4204 fiens
283 4133 362 4220 lleus
386 4149 480 4200 tamen
502 4139 641 4202 diversum
662 4143 790 4206 ordinem
808 4145 945 4224 sequitur:
977 4147 1054 4225 quia,
1077 4147 1146 4208 dum
1169 4148 1298 4228 tranquil·
1364 4183 1365 4200 r

86 4220 88 4229 ’
184 4197 242 4284 lup!
262 4216 348 4292 ρὶιιιω
368 4215 496 4292 reprobis
517 4218 660 4293 concedit,
679 4219 761 4280 variis
780 4219 918 4283 aerumnis
937 4243 1003 4282 suos
1022 4236 1149 4298 exercet,
1172 4225 1239 4286 ideo
1259 4245 1320 4296 ue„
1363 4211 1365 4266 l

183 4287 313 4338 ¹¹¹¹⁸⁰fl⁰r
331 4297 375 4358 est-
393 4304 499 4353 eorum'
511 4287 654 4375 conditio,
674 4294 696 4356 si
717 4314 751 4356 ex
769 4296 909 4375 praesenti
927 4298 1030 4364 intuitu
1047 4299 1216 4386 aestimetur.
1240 4246 1298 4362 bed
1364 4355 1365 4360 ,

454 798 561 871 redeat,
580 797 647 870 dum
664 796 840 878 agnoscimus
865 795 1023 872 Christum,
1053 819 1116 858 non
1139 796 1204 858 ideo
1217 799 1317 860 mainus
