2790 4764
246 251 334 332 (141.
374 251 447 328 „Tu
466 269 497 316 es
516 249 653 329 ebrium
675 249 763 315 Filius
781 253 841 360 hlei
858 249 1021 332 viventis.”)
1147 253 1204 322 ltt
1303 352 1306 364 ἢ

50 400 233 488 eolligimm,
244 403 432 496 perspicacia
450 403 563 468 destitui
582 402 718 496 hqmanas
736 411 859 484 mentes
876 425 931 490 qua
947 401 1077 469 eoelestis
1088 403 1205 488 sapiens

48 481 105 542 tiae
124 491 270 562 mysteria
289 503 322 541 an
344 481 466 544 Christo
484 481 647 544 abscondita
665 482 745 564 perci
765 483 774 500 ⁹
811 495 837 545 t:
865 482 924 544 imo
944 502 1044 546 omnes
1062 481 1202 544 humanos

24 614 27 623 .
48 577 153 619 sensus
179 557 234 618 hac
260 557 292 618 in
316 569 402 641 parte
418 558 557 635 deficere,
581 559 745 622 donec-ocu
757 581 789 622 os
808 559 891 622 nobis
910 561 1015 644 aperiat
1033 559 1127 636 Deus,
1150 581 1201 640 qu!

48 633 112 694 eius
136 630 264 716 gloriam
286 633 320 696 in
346 632 467 698 Christo
492 646 620 698 cernant.
660 637 758 728 nemo
774 637 871 730 itaque
889 657 946 730 suo·
960 635 1091 728 ncumipe
1109 636 1202 697 confi-

44 701 1220 869 ansteum:earnaarsrisarseaa„1;rntuaacw

44 881 121 922 vero
146 863 200 942 qui
219 861 277 926 tide
296 864 401 926 donati
421 876 503 942 sunt,
525 864 658 947 propriae
677 867 823 955 coecitatis
842 867 951 930 conscii
967 868 1034 930 Deo
1051 877 1201 952 acceptum

45 937 303 1016 resurrecturam
324 941 410 1024 quod
426 939 516 1024 ipsius
538 953 590 1003 est.

124 1017 181 1080 18:
211 1015 259 1076 At
283 1039 341 1100 ego
372 1019 444 1078 dico
467 1019 533 1078 tibi.
577 1015 631 1079 His
652 1016 746 1082 ‘verbis
770 1017 894 1081 declarat
912 1015 1054 1094 comtes,
1078 1029 1202 1101 quanto-

44 1109 116 1180 pere
147 1091 205 1152 sihi
255 1091 355 1158 laceat
378 1093 464 1168 Petri
492 1091 649 1168 confessio,
681 1095 762 1184 quod
789 1107 847 1156 tam
869 1093 963 1176 amplo
1009 1115 1054 1154 am
1076 1095 1202 1176 praeuio
1262 1103 1268 1128 ’

47 1167 190 1262 d1gnatur.
265 1171 307 1232 tsi
331 1169 493 1263 enimam
512 1168 625 1262 Simoni
642 1169 779 1252 discipulo
798 1171 973 1254 imposuerat
1012 1169 1068 1234 etri
1086 1190 1203 1262 nomen,

48 1243 1206 1462 aaut„temerassent?rtqucusuescat

49 1405 91 1453 est
108 1395 278 1461 insolitum.
321 1401 421 1462 Porro
440 1398 544 1481 duplici
561 1397 675 1462 honore
692 1411 810 1461 ornatur
847 1411 936 1462 etnu:
955 1421 1022 1460 nam
1039 1418 1121 1481 pnor
1138 1417 1206 1480 ape-

49 1469 104 1531 ries
124 1474 162 1534 ad
180 1475 339 1556 privatam
359 1475 419 1545 eius
437 1475 555 1538 salntem
571 1498 586 1536 s
607 1486 689 1552 cetat,
708 1476 851 1559 posterior
868 1495 939 1540 vcro
957 1477 993 1538 ad
1010 1475 1206 1556 munus'Apo·

49 1546 194 1626 stolicum.
239 1551 352 1630 Quum
369 1551 451 1625 dicit,
474 1555 519 1612 Tu
537 1573 570 1613 aa
586 1497 724 1626 l'ctruss
735 1553 892 1632 confirmas,
911 1573 972 1618 uon
991 1551 1094 1615 frustra
1113 1573 1145 1616 ee
1163 1549 1205 1617 llll

49 1620 104 1712 hoc
121 1638 222 1690 *antea
245 1621 365 1690 nolnen
382 1629 506 1706 dedisse,
531 1627 596 1710 qnia
614 1627 694 1692 vivus
713 1629 743 1691 in
761 1641 820 1692 tem
841 1629 871 1690 lo
889 1629 946 1692 Dei
963 1627 1032 1711 lapis
1049 1649 1128 1690 suam
1145 1637 1206 1692 sta-

50 1695 192 1763 hrlitatem
212 1705 355 1768 retineat.
389 1705 560 1791 Quanquam
578 1705 635 1767 hoe
653 1705 688 1766 ad
707 1725 806 1772 omnes
821 1651 919 1769 laeter
943 1705 1111 1784 extenditur,
1131 1721 1206 1785 quo-

50 1795 115 1837 rum
140 1779 256 1866 singuli
278 1793 350 1844 suut
373 1781 429 1844 Dei
451 1781 571 1865 templa,
597 1793 627 1843 et
643 1781 700 1843 lide
714 1782 791 1844 inter
808 1804 841 1846 se
862 1782 1003 1866 compacti
1020 1803 1111 1843 unum
1129 1792 1206 1843 tem-

51 1851 131 1930 plum
154 1856 247 1918 simul
268 1858 400 1922 efficiunt
420 1857 513 1941 (Eph.
535 1861 569 1935 2,
595 1857 676 1936 27.):
705 1859 806 1922 eximia
827 1871 923 1922 tamen
942 1856 1022 1922 Petri
1039 1859 1116 1920 inter
1132 1856 1205 1936 alios

54 1928 229 1995 excellentia
248 1947 379 2014 notatur,
398 1934 633 2017 quemadmodum
650 1935 768 2030 quisque
790 1957 842 1998 suo
861 1937 962 1999 ordine
999 1934 1207 1998 rodomtionis
1270 1980 1272 1989 ·

54 2003 167 2070 Christi
185 2029 328 2074 mensura
344 2012 407 2094 plus
425 2013 472 2076 vel
493 2011 587 2076 ninus
606 2011 716 2104 accepit
753 2011 852 2094 Super
870 2014 949 2074 hone
967 2053 969 2058 ,
993 2022 1099 2074 stram.
1126 2011 1207 2074 Hinc

54 2092 153 2170 patet,
185 2089 338 2167 quomodo
359 2089 439 2152 Petri
448 2087 564 2150 *nomen
582 2099 640 2148 tam
659 2111 690 2147 rn
709 2088 834 2152 Simonis
852 2111 975 2165 nornen,
1019 2111 1084 2150 nam
1103 2087 1208 2150 deinde
1239 2129 1242 2137 -

56 2177 88 2216 m
108 2159 188 2223 'alios
211 2164 313 2228 fideles
333 2176 505 2246 competat:¹
526 2161 593 2246 quia
617 2163 726 2225 scilicet
751 2163 860 2226 fundati
882 2187 970 2246 super
991 2111 1100 2228 (lhrtstt
1120 2163 1207 2224 fidem

58 2245 162 2322 sancto
184 2259 334 2304 consensu
353 2241 383 2302 in
402 2239 545 2322 spirituale
564 2239 721 2300 aedificium
739 2253 885 2322 aptantur,
910 2252 945 2302 ut
962 2241 1042 2318 Deus
1059 2239 1092 2298 in
1110 2239 1207 2302 modio
1241 2279 1244 2284 -

59 2329 69 2365 1
89 2331 194 2376 sorum
213 2318 348 2379 resideat.
385 2317 460 2377 Nam
479 2314 607 2377 Christus
625 2315 683 2376 hoc
703 2335 856 2376 commune
874 2317 939 2378 lore
957 2317 1046 2376 totius
1063 2313 1209 2376 Ecclesiae

72 2389 287 2454 undamentum
311 2393 494 2465 denuntians,
523 2391 657 2481 quicquid
677 2389 791 2470 piorum
813 2391 846 2450 in
870 2389 978 2450 mundo
1002 2390 1130 2450 fumeum
1147 2397 1211 2450 erat

58 2461 154 2526 Petro
175 2483 340 2552 aggregare
356 2465 460 2536 uoluit:
472 2485 537 2536 ,aest
555 2465 677 2539 dixuset
696 2467 759 2524 Vos
780 2465 894 2545 quidem
911 2485 989 2526 manc
1026 2461 1123 2525 usillm
1143 2463 1210 2526 estis

60 2536 224 2602 hominnm
242 2552 386 2618 inuenturos,¹
403 2542 526 2620 ideoque
542 2549 638 2600 vestra
656 2541 725 2600 haec
744 2541 885 2604 confessio
903 2561 1002 2623 parum
1037 2540 1103 2602 abet
1116 2539 1210 2625 tignis
1263 2591 1267 2610 ,

48 2614 133 2676 itatis
153 2617 189 2676 in
208 2616 378 2699 praesentia,
395 2617 449 2679 sed
463 2615 545 2678 brevi
562 2613 695 2678 adveniet
711 2627 833 2700 tempus,
847 2617 1209 2712 quomagnificeemerget,

64 2711 99 2752 ac
124 2691 224 2758 multo
248 2701 291 2757 se*
305 2691 386 2756 latius
410 2691 549 2776 proferet.
595 2693 692 2774 Atque
714 2691 771 2755 hoc
796 2694 950 2756 animandis
968 2695 1004 2754 ad
1021 2705 1209 2756 consortium

65 2767 218 2851 discipulis
237 2779 416 2852 non'parum
429 2768 530 2846 'aalma
549 2771 626 2850 quod
641 2770 770 2850 quanvis
791 2771 911 2837 obscura
930 2791 962 2832 ac
979 2770 1113 2865 ignobilis
1132 2782 1219 2834 esset
1252 2812 1255 2820 ·

68 2865 174 2908 eorum
193 2847 271 2924 fides,
290 2846 393 2910 delecti
405 2857 508 2917 *umen
527 2859 621 2908 essent
639 2867 656 2908 a
676 2847 805 2910 Domino
824 2847 901 2930 quasi
938 2847 1069 2926 rirnstiae,
1089 2859 1123 2909 ut
1141 2859 1208 2910 tan«.

70 2921 136 2983 dem
162 2946 199 2987 ex
212 2924 272 2986 illo
295 2921 503 3008 contemptibili
529 2924 645 2990 exordio
665 2936 795 3010 surgeret
814 2945 889 2989 nova
907 2925 1046 3004 aeclesia,
1070 2941 1142 3006 qnae
1162 2923 1209 2986 vi-

72 2999 145 3060 ctrix
170 3013 260 3064 staret
284 3012 385 3062 contra
408 3021 508 3062 omnes
530 2999 690 3062 inferorum
712 3001 862 3074 machinas.
909 3001 1037 3067 Tametsi
1062 2999 1139 3060 enirn
1160 2997 1209 3062 rel

72 3075 107 3136 ad
124 3075 279 3148 fidemvel
300 3077 336 3136 ad
354 3075 509 3139 Ecclesiam
531 3097 693 3156 pronomen
715 3099 783 3138 eam
805 3077 914 3141 referri·
949 3089 1038 3150 otest,
1063 3072 1210 3157 posterior
1269 3114 1273 3122 ,

73 3159 172 3216 tamen
190 3175 290 3218 seusus
306 3152 405 3214 melius
425 3153 570 3228 convenit,
591 3155 666 3236 quod
686 3139 911 3230 contdaomnem
920 3099 1209 3232 lamaepoteaum

74 3223 182 3292 invicta
199 3230 286 3292 stabit
295 3219 440 3295 Ecclesiae
455 3229 583 3294 firmitas:
601 3249 704 3312 nempe
723 3229 788 3312 quia
806 3232 974 3294 inconcussa
994 3237 1134 3312 perpetuo
1146 3247 1210 3300 maa

74 3305 159 3368 nebit
176 3308 233 3368 Dei
253 3306 365 3382 verius,
387 3305 432 3367 cni
450 3305 583 3370 innititsn
604 3306 663 3368 eius
681 3305 758 3368 fides.
785 3307 883 3388 Atque
901 3307 967 3366 huic
986 3303 1144 3386 sententiae
1160 3325 1210 3369 rea

76 3385 200 3462 spondet
223 3382 269 3444 illa
293 3383 410 3459 Ioannh
433 3383 543 3468 (Lep.
565 3386 598 3457 5,
621 3381 680 3460 4.),
713 3385 794 3446 llaec
817 3383 861 3444 est
884 3381 1003 3446 victoria
1025 3401 1097 3462 quae
1118 3381 1210 3458 uincit

77 3461 228 3535 mundum,
244 3459 313 3520 fides
332 3469 435 3522 veura,
466 3457 620 3539 tlmprimis
638 3470 741 3520 notatu
759 3459 844 3542 digna
862 3459 1027 3542 promissio,
1051 3457 1128 3539 quod
1145 3459 1210 3540 qui-¹

79 3555 191 3618 cunque
209 3537 239 3597 in
259 3535 375 3599 Christo
394 3530 467 3598 uniti
486 3531 633 3597 Christum
651 3537 887 3598 et-Mediatorem
907 3557 972 3597 eum
989 3545 1160 3618 agnoscent,
1177 3535 1211 3596 in

78 3610 165 3676 finem
186 3633 286 3693 usque.
302 3611 337 3672 ah
361 3613 538 3672 omni‘noxa
561 3611 617 3672 tuti
639 3613 807 3673 manebunt:
837 3633 903 3674 nam
931 3613 1010 3693 qnod
1031 3612 1068 3674 de
1086 3631 1221 3692 corpore¹

79 3687 223 3763 Ecclesiae
244 3688 360 3764 dicitur,
390 3689 426 3749 ad
448 3685 559 3770 singula
583 3688 643 3750 clus
660 3689 788 3750 membra
803 3690 945 3770 pertinet,
964 3699 1101 3784 quatenus
1120 3707 1211 3766 mann
1244 3747 1252 3764 Ι

80 3777 147 3858 sunt
168 3765 200 3856 it}
224 3765 368 3857 Christo..
388 3761 594 3856 Hiqctamen·
609 3785 773 3848 monemur,
801 3786 884 3846 quam
906 3766 955 3828 diu
972 3786 1003 3826 m
1021 3765 1105 3856 terris.
1125 3781 1212 3842 pere-

80 3840 400 3984 ute‘tstto
412 3839 885 3999 aeargentatae
900 3837 1146 3998 tolerante
1161 3854 1212 3971 a:

81 3941 170 4056 lestds
190 3993 254 4054 erit.
297 3994 378 4076 Ergo
397 4005 431 4053 ut
447 3993 501 4053 hac
520 3993 626 4054 Christi
643 3995 803 4074 uoceflsreti
820 4017 918 4074 secure
937 3991 1091 4075 gloriamur
1110 3996 1212 4045 ⁰⁰11lr³

84 4073 224 4144 satanam
241 4077 272 4138 et
288 4067 344 4127 iam
361 4068 418 4129 fide
435 4069 520 4128 trium
540 4067 637 4132 hunus
654 4071 690 4132 de
708 4071 841 4133 omnibns
860 4069 920 4140 eins
936 4067 1033 4148 copiis,
1051 4065 1090 4123 ita
1097 4081 1213 4124 nusum

85 4147 210 4222 edamus,
228 4143 308 4234 quasi
327 4141 472 4206 classicum
489 4089 573 4212 uulsis
593 4145 664 4222 cani,
682 4156 716 4207 ut
733 4147 768 4208 ad
786 4145 1068 4230 bollandumsemper
1079 4135 1214 4228 instructi
1236 4171 1246 4189 ι

85 4223 228 4304 paratique
247 4239 344 4283 snuns.
381 4221 544 4281 Portunum
562 4221 680 4284 nomine
698 4223 818 4304 quodvis
835 4228 982 4302 potentiae
999 4223 1031 4281 et
1046 4223 1214 4280 mumlwmt

87 4319 175 4384 genus
193 4295 298 4372 aeusi,
316 4295 387 4358 nhil
402 4297 520 4366 ,dubium
534 4308 587 4360 est.
836 4367 839 4373 Δ
928 4357 936 4372 ,
1142 4293 1145 4307 ’

92 4387 94 4392 ·
161 4377 209 4440 m
245 4364 391 4442 uuum
413 4377 471 4444 sat
493 4373 602 4448 amer,
641 4371 700 4440 nte
721 4371 778 4432 um
800 4369 837 4436 ce
859 4355 1129 4448 rutenorum,
1154 4359 1215 4425 tor
