2796 4774
192 261 234 328 dd
297 197 301 216 Ι
420 225 530 322 snc'n
548 256 630 320 xiv.
669 269 841 320 marom
859 271 901 318 nr
920 271 1106 372 seruosne,

197 431 268 496 ergo
285 419 425 474 testantur
441 407 650 494 Evangelistae,
668 408 774 490 ubique
792 429 914 494 sparsam
932 407 1019 474 fuisse
1036 409 1073 473 de
1090 405 1140 472 rilo
1159 405 1269 488 iananr,
1287 421 1325 474 ut

196 489 227 552 in
245 487 336 550 aulam
355 507 443 568 usque
461 485 584 547 Herodis
603 485 803 568 penetraverit.

269 568 299 626 ἓ.
337 567 426 626 Dixit
436 563 571 640 somniis
589 567 663 623 suin.
705 565 747 622 Ex
771 562 865 622 Lucae
891 560 986 623 verbis
1009 561 1168 648 colligitur,
1191 585 1252 635 non
1270 583 1326 626 ve-

196 641 271 704 nisse
289 641 345 702 boc
362 639 440 700 ultro
462 640 493 700 in
512 649 638 699 mentem
655 637 781 712 Herodi,
800 639 850 698 sed
868 637 1003 698 iniectam
1021 639 1061 700 illi
1079 640 1267 722 suspicionem
1287 663 1325 702 ex

197 717 341 782 communi
362 713 461 798 populi
482 735 606 775 rumore.
649 715 711 776 Nec
733 734 805 774 vero
828 713 896 774 rmbi
914 715 1030 774 dubimu
1049 727 1105 790 est,
1134 719 1202 798 quin
1226 719 1325 778 odium

195 792 311 878 tyranni
334 803 365 853 et
389 791 528 853 nefandae
551 789 642 852 caedis
667 790 815 852 detestatio
836 797 999 852 sermonum
1016 795 1163 854 materiam
1182 795 1324 869 dederint,

196 883 230 931 nt
251 869 313 930 fieri
335 867 418 930 solet.
457 867 599 928 Haerebat
620 867 723 960 passim
750 865 780 926 in
805 865 952 928 hominum
970 867 1112 928 mentibus
1131 869 1201 932 baec
1222 892 1325 952 super·

196 946 285 1022 stitio,
303 945 396 1006 redire
413 956 543 1021 mortuos
562 943 592 1002 in
610 955 696 1005 vitam
712 943 764 1004 sub
786 941 838 1002 alia
855 964 985 1026 persona,
1023 945 1238 1014 uernadmodum
1256 945 1325 1006 alibi

196 1024 304 1084 dictum
322 1033 373 1084 est.
406 1023 492 1082 Nunc
510 1019 648 1100 arripiunt
665 1019 740 1114 quod
758 1019 917 1100 proximum
936 1032 987 1096 est,
1037 1021 1152 1080 erodem
1170 1022 1325 1082 crudeliter
1386 1073 1388 1078 .

196 1101 326 1162 necando
349 1110 477 1164 sanmurn
498 1097 592 1157 virum
615 1097 729 1157 mimine
751 1098 883 1176 adeptum
906 1117 966 1157 esse
990 1098 1067 1176 quod
1091 1097 1232 1178 sperabat,
1257 1098 1324 1178 quia

196 1187 318 1260 repente
345 1175 462 1236 mirifica
484 1173 541 1234 Dei
564 1173 669 1235 virtute
693 1195 709 1232 a
731 1185 827 1232 morte
849 1172 1044 1247 resurrexerit,
1069 1172 1162 1232 acrior
1180 1173 1324 1236 scelerum

197 1253 258 1316 eius
275 1252 365 1314 bostis
386 1251 495 1312 iuturus
514 1271 547 1310 ac
565 1249 678 1311 vindex.
715 1251 812 1310 Docet
828 1261 925 1320 tamen
943 1249 1054 1310 Marcus
1073 1261 1103 1314 et
1120 1250 1224 1324 Lucas,
1243 1250 1325 1310 varie

197 1330 331 1410 loquntos
350 1327 436 1388 fuisse
454 1326 597 1386 bomines:
626 1347 730 1408 nempe
748 1325 823 1406 quod
843 1323 888 1386 alii
907 1325 1042 1406 putabant
1060 1325 1150 1386 Eliam
1169 1347 1242 1398 esse,
1266 1326 1324 1386 alia

197 1427 286 1468 uuum
304 1425 387 1484 quem
409 1403 462 1462 iam
480 1424 515 1464 ex
534 1402 691 1484 Prophetis,
710 1401 756 1462 vel
776 1401 828 1482 qui.
842 1403 998 1482 Prophetas
1017 1402 1137 1482 Spiritus
1157 1401 1324 1467 excellentIa

197 1503 231 1544 ne
286 1493 338 1540 ret.
388 1425 452 1540 bur
473 1481 510 1540 de
536 1477 595 1538 Elia
617 1479 712 1560 potius
756 1498 818 1540 uam
841 1477 877 1536 de
900 1477 954 1538 alio
978 1478 1077 1558 quovis
1100 1478 1229 1560 suspicati
1253 1479 1323 1553 sint,

196 1557 232 1618 ali
254 1557 263 1616 i
291 1556 421 1618 diximus.
481 1554 558 1630 Quia
578 1575 637 1636 per
664 1553 752 1615 Malae
774 1552 826 1612 iam
855 1554 1023 1634 promiserat
1050 1556 1143 1630 Deus,
1170 1566 1324 1617 venturum

197 1633 302 1706 Etiam,
320 1632 369 1712 qui
386 1629 544 1712 dissipatam
559 1629 713 1690 Ecclesiam
731 1627 892 1722 colligeret,
915 1629 1078 1692 vaticinium
1096 1653 1244 1712 perperam
1262 1643 1323 1711 tra-

197 1721 298 1772 serant
316 1710 350 1768 ad
368 1691 490 1768 hominis
509 1727 667 1787 personam,
688 1722 774 1786 quum
793 1703 908 1786 simplex
927 1707 1100 1787 comparatio
1121 1719 1194 1768 esset
1206 1706 1322 1767 inbunc

49 1831 53 1838 ι
198 1805 325 1848 sensum:
357 1784 404 1844 Ne
427 1783 563 1843 obscurus
588 1781 625 1842 sit
649 1781 771 1842 Messiae
791 1783 940 1855 adventus,
970 1793 999 1842 et
1013 1789 1060 1842 'ne
1077 1783 1214 1863 populum
1231 1783 1322 1864 fugiat

151 1897 154 1906 =
197 1861 294 1923 redem
314 1859 398 1920 tionis
417 1858 515 1941 gratia,
537 1859 687 1938 praecedet
700 1857 771 1918 Elias
790 1857 911 1938 quidem,
931 1855 1017 1937 qualis
1036 1857 1083 1918 ille
1102 1859 1157 1928 fuit
1176 1860 1253 1935 olim,
1273 1858 1322 1950 qui

158 1969 161 1979 ·
196 1959 243 2018 pes
265 1883 398 2016 collapsas
418 1947 448 1995 et
467 1955 595 1995 eversrun
614 1933 670 1996 Dei
690 1932 795 1993 cultum
813 1931 945 1992 restituit.
984 1933 1140 1994 Praecedet
1157 1934 1244 2016 igitur
1262 1958 1321 1996 srn-

196 2012 287 2096 gulari
307 2011 428 2093 Spiritus
447 2010 565 2084 virtute,
589 2022 621 2069 ut
639 2030 772 2092 magnum
790 2007 867 2067 illum
887 2007 962 2068 diem
979 2002 1108 2068 illustret.
1152 2011 1262 2086 Iudaei,
1286 2022 1321 2070 ut

197 2089 283 2151 crassi
306 2100 387 2150 erant
409 2087 469 2148 inte
504 2098 592 2160 retes,
627 2084 683 2146 boc
708 2086 743 2146 ad
767 2083 845 2144 illum
873 2083 962 2144 Eliam
984 2085 1141 2146 Thesbiten
1167 2099 1321 2162 traxerant,

196 2165 275 2248 quasi
293 2164 440 2226 functurus
459 2185 477 2222 ο
492 2162 559 2222 [icio
581 2161 740 2242 Prophetae
758 2162 852 2244 denuo
871 2161 955 2221 soret.
993 2161 1130 2222 Divinant
1149 2174 1245 2223 tamen
1263 2163 1321 2240 alii,

196 2241 243 2305 vel
262 2263 350 2301 unum
372 2239 493 2330 aliquem
518 2237 703 2304 resurrexisse
722 2259 756 2298 ex
774 2235 915 2299 veteribus
936 2236 1096 2318 Prophetis,
1119 2239 1166 2298 uel
1184 2261 1228 2298 ma
1270 2261 1320 2298 um

198 2329 259 2380 esse
283 2317 403 2400 aliquem
426 2317 531 2388 virum,
580 2315 608 2374 ui
632 2315 666 2376 ad
684 2313 796 2374 illorum
814 2314 1012 2407 praestantiam
1030 2314 1185 2374 accederet.
1225 2259 1319 2379 Pdrro
1387 2355 1388 2361 .

196 2396 300 2456 mirum
322 2406 378 2469 est,
404 2415 490 2476 quum
512 2392 544 2451 in
560 2337 688 2452 diversas
706 2401 858 2452 sententias
876 2390 1015 2465 ferantur,
1042 2387 1111 2450 nulli
1128 2401 1223 2452 tamen
1238 2392 1320 2471 ‘quod

196 2493 297 2534 verum
317 2471 426 2547 eratin
444 2481 569 2530 mentem
587 2469 701 2542 venie,
726 2466 890 2549 praesertim
947 2489 994 2526 um
1012 2466 1071 2547 ipsa
1090 2467 1227 2547 temporis
1245 2467 1320 2526 ratio

196 2568 247 2608 eos
268 2547 303 2608 ad
322 2547 466 2611 Christum
483 2546 627 2627 dirigeret.
658 2545 887 2639 Redemptorem
904 2487 1140 2624 ¹idispromiserat
1157 2545 1252 2624 Deus,
1270 2543 1319 2624 qui
1386 2545 1387 2628 J

163 2676 168 2691 ,
195 2619 306 2680 miseris
326 2641 359 2682 ac
378 2621 495 2699 perditis
515 2642 599 2698 opem
619 2619 716 2681 serret.
760 2621 892 2680 lsxtrema
911 2619 1073 2694 necessitas,
1097 2619 1131 2702 in¹
1147 2641 1228 2700 quam
1248 2641 1318 2680 con-

194 2693 262 2755 iecti
280 2705 369 2768 erant,
389 2706 459 2754 tunc
476 2697 595 2755 maxime
613 2696 756 2776 flagitabat
773 2696 830 2754 Dei
847 2695 987 2755 auxilium.
1025 2697 1115 2757 Adest
1132 2697 1315 2776 Redemptor,

194 2769 257 2829 trun
276 2765 432 2830 celebratus
444 2770 559 2830 loannis
577 2771 741 2861 praeconio,
758 2781 820 2828 tum
838 2771 898 2849 ipse
916 2773 952 2831 de
971 2769 1067 2832 officio
1084 2794 1135 2832 sno
1153 2773 1315 2834 testificans:

195 2863 232 2906 co
254 2853 341 2904 untur
363 2843 488 2934 divinum
507 2845 610 2924 aliquid
628 2844 658 2904 in
678 2844 740 2924 ipso
759 2858 929 2924 agnoscere,
953 2848 1053 2907 adsue
1071 2860 1166 2910 tamen
1184 2849 1315 2931 figmenta

193 2865 299 3002 debpsi
325 2916 356 2979 in
380 2919 481 2980 abenas
504 2940 638 3000 personas
665 2939 729 2978 eum
751 2929 948 2984 transmutant.
995 2922 1040 2982 Ita
1062 2925 1170 2986 scilicet
1196 2927 1314 2986 mundus

106 3043 109 3051 .
187 3017 279 3078 'prava
297 2995 325 3057 in
349 2995 498 3056 ratitudine
517 2995 622 3054 oblatas
641 2993 694 3054 sibi
713 2993 768 3056 Dei
787 2995 890 3078 gratias
909 2997 1088 3091 exstinguere
1107 3001 1187 3061 solet
1227 3001 1314 3078 Quod

193 3076 229 3135 ad
248 3076 295 3136 He
348 3095 394 3134 em
411 3072 502 3152 ipsum
520 3070 657 3151 pertinet,
676 3070 758 3132 sicuti
776 3071 860 3152 paulo
879 3085 945 3134 ante
963 3075 1052 3157 at'trgi,
1072 3076 1132 3158 ipse
1151 3077 1312 3158 opinionem

193 3151 230 3210 de
249 3152 357 3212 Ioanne
385 3147 517 3210 suscitato
536 3167 596 3206 non
614 3145 689 3208 ultro
711 3148 857 3228 concepit,
886 3150 934 3210 sed
955 3153 1188 3230 quemadmodum
1205 3154 1313 3236 trepide

149 3259 151 3270 ·
193 3225 324 3292 vacillant
342 3225 429 3286 malae
451 3221 647 3298 conscientiae,
668 3235 696 3284 et
715 3225 921 3306 adquamlibet
938 3247 1033 3288 auram
1052 3229 1214 3305 flectuntur,
1238 3232 1314 3310 quod

192 3301 344 3380 metuebat,
363 3301 443 3362 facile
462 3297 594 3380 concipit
618 3300 656 3359 Et
670 3302 748 3362 Deus
763 3301 855 3368 coecis
870 3301 928 3364 istis
942 3304 1098 3367 terroribus
1113 3327 1195 3386 saepe
1212 3305 1311 3388 impios

192 3377 326 3460 exagitat:
345 3378 392 3453 ita,
412 3375 586 3458 quantumvis
609 3377 670 3437 data
691 3398 778 3458 opera
796 3399 827 3439 se
846 3379 996 3454 obdurent,
1016 3401 1070 3441 nec
1089 3379 1310 3442 aliundevexen-

191 3461 252 3524 tur,
277 3454 404 3530 quietem
422 3475 482 3512 non
500 3453 653 3532 impetrant
673 3452 709 3514 ab
727 3454 862 3515 intestino
882 3455 1025 3531 carnifice,
1050 3457 1117 3537 quin
1136 3459 1245 3519 duriter
1263 3480 1310 3520 eos

190 3525 324 3609 flagellet*
360 3531 429 3590 Ideo
448 3533 577 3588 virtuter
595 3541 690 3610 agunt
709 3534 741 3588 in
759 3535 820 3592 illo.
861 3532 965 3592 Mirtun
985 3543 1039 3606 est,
1059 3555 1113 3613 qua
1131 3533 1240 3596 ratione
1258 3535 1310 3596 du-

162 3611 172 3622 ''
190 3602 229 3662 cti
252 3601 308 3663 boc
333 3603 487 3665 intulerint.
530 3607 652 3666 Ioannes
678 3617 742 3666 toto
768 3607 980 3688 praedicationis
1010 3631 1076 3668 suae
1100 3633 1183 3670 cursu
1205 3609 1308 3672 nullum

188 3677 212 3740 si
233 3700 300 3740 num
319 3677 450 3740 ediderat.
490 3679 597 3743 Colore
617 3703 687 3765 ergo
707 3703 804 3745 carere
823 3685 951 3759 videtur,
971 3685 1047 3764 quod
1064 3684 1208 3750 hominem
1226 3688 1308 3748 mira-

189 3756 258 3816 cu's
280 3755 420 3838 insignem
445 3752 573 3822 ridentes
596 3757 735 3819 Ioannem
758 3781 819 3820 esse
841 3761 979 3822 divinant:
1007 3762 1056 3822 sed
1079 3761 1210 3824 miracula
1233 3787 1308 3824 nunc

186 3831 308 3910 primum
328 3832 371 3894 edi
389 3843 498 3914 putant,
519 3833 619 3914 quibus
637 3835 775 3915 probetur
793 3837 851 3897 eius
870 3837 1049 3913 resurrectio,
1069 3849 1099 3900 et
1137 3861 1188 3900 uae
1202 3852 1307 3902 testen-

92 3972 95 3978 ,
186 3917 249 3984 tur,
278 3908 363 3972 fuisse
387 3921 514 3969 sanctum
540 3909 595 3970 Dei
614 3911 785 3991 Prophetam
807 3911 893 3994 impie
919 3913 1043 3974 occisum
1066 3913 1100 3974 ab
1118 3861 1251 3992 ilerode,
1278 3929 1306 3978 et

185 4001 262 4046 nunc
285 3985 401 4068 prodire
424 3985 501 4066 quasi
525 3999 746 4062 sacrosanctum,
775 4009 813 4050 ue
833 3991 893 4069 quis
911 4012 955 4050 am
976 3989 1027 4050 lius
1047 3991 1153 4052 violare
1174 3999 1238 4052 etun
1257 4015 1305 4052 au-

109 4065 112 4080 '
184 4055 256 4119 dent.
299 4061 422 4123 Virtutes
447 4081 516 4146 ergo
539 4065 572 4122 irs
594 4085 627 4122 eo
651 4084 754 4144 agere,
788 4063 844 4125 boc
867 4067 912 4126 est'
936 4011 1064 4127 elficaces
1087 4087 1147 4128 esre
1164 4079 1304 4148 putarunt,

184 4135 323 4268 'iissw
339 4139 379 4200 illi
396 4139 462 4202 inde
479 4139 631 4203 auctoritas
649 4141 806 4218 accederet,
825 4141 973 4226 palamque
991 4143 1081 4223 fieret,
1100 4143 1304 4208 Dominumiili

263 4231 288 4270 e,
398 4239 402 4252 ¹
465 4250 468 4260 .

517 4317 543 4354 Ι
