2830 4772
188 182 247 250 Ἡ
550 165 555 175 ’
626 119 873 254 8ΕΟΤΖΠῙΙΙ.

188 334 292 402 meat
329 329 414 393 Nunc
438 347 508 414 ergo
532 351 618 412 quum
641 330 678 392 de
701 329 808 392 fartim
830 329 936 394 Christi
962 328 1083 394 adventu
1105 331 1191 394 :baur
1213 333 1312 398 admo·

187 409 254 486 niti,
272 417 303 468 et
320 407 485 468 nominatim
505 407 559 468 boc
580 408 751 488 praedictum
770 407 819 482 sit,
844 407 1016 490 uigilandum
1042 429 1153 489 semper
1173 429 1250 487 esse,
1273 435 1311 476 ne

187 483 389 548 dormientibus
409 483 548 566 obrepens
567 506 631 544 curu
650 483 740 564 impiis
765 503 817 544 uos
836 483 1000 558 absorbeat,
1024 485 1099 545 nulla
1121 497 1165 546 est
1183 487 1312 572 ignaviae
1391 529 1392 534 κ

134 563 138 574 ’
180 574 301 626 'nonne
323 560 477 621 excusatio:
500 560 662 640 praesertim
687 581 773 640 φιιιιιι
795 559 841 622 bic
864 581 958 640 neque
984 561 1097 652 parietis
1120 572 1229 624 tautum
1253 563 1312 626 fra.

146 639 151 648 '
188 652 280 710 ctura,
298 657 393 717 neque
411 656 506 696 rerum
525 647 683 710 nostrarum
701 637 809 698 iactura
827 635 948 698 timenda
971 651 1020 712 sat,
1041 638 1088 698 sed
1107 636 1189 699 letale
1207 640 1309 704 vulnus

138 777 144 788 ,
187 716 328 776 inanimae
336 725 452 772 nostrae
463 714 587 788 exitium,
606 711 658 772 nisi
671 733 810 774 cavemus.
828 713 894 772 Huc
905 733 976 796 erge
984 714 1103 774 tendunt
1110 714 1206 790 verba,
1218 731 1310 780 otoo:
1391 765 1392 790 ,

188 789 474 854 Christi·admouitio
502 787 717 880 expergefaciat:
752 789 832 868 quia,
859 789 970 852 tametsi
997 790 1027 848 in
1052 791 1170 885 longum
1195 804 1227 852 te
1276 817 1308 856 us
1391 809 1392 834 t

78 903 84 918 ι
187 866 334 928 differatur
365 865 494 926 ultimum
524 863 670 942 iudicium,
703 865 818 948 singulis
847 876 942 926 umen
976 879 1127 928 momentus
1156 868 1252 950 impen
1272 885 1310 948 et,

186 943 308 1080 {deoque
336 941 467 1024 suspecto
503 953 652 1022 tempore,
688 952 718 1002 et
750 940 845 1005 vicino
876 940 1023 1024 periculo,
1059 953 1177 1024 torpere
1211 945 1309 1010 atuur-
1391 959 1392 968 ¹

206 1041 252 1080 um
275 1030 326 1080 est.
1391 1077 1392 1088 ,

261 1099 309 1158 45.
350 1093 495 1172 Ouisnom
513 1103 560 1154 est
581 1093 687 1184 fidelia
717 1115 830 1156 amus.
876 1093 1044 1157 Distioctius
1073 1093 1119 1158 bic
1144 1095 1222 1158 locus
1250 1110 1308 1160 tra-
1391 1103 1392 1144 ἶ

186 1170 264 1232 ditur
288 1193 304 1231 a
325 1170 416 1244 Luca,
445 1170 494 1230 ubi
520 1171 598 1230 Petu
627 1171 812 1252 iuterrogatio
847 1169 997 1246 inseritur,
1029 1193 1100 1252 quae
1130 1174 1308 1236 occasionem

185 1269 278 1309 novae
297 1247 443 1328 parabolae
461 1245 545 1308 dedit
583 1247 656 1306 Nam
675 1267 763 1326 quum
784 1246 912 1308 Christus
932 1247 960 1305 in
986 1245 1083 1310 furtivi
1105 1251 1147 1309 sui
1171 1251 1307 1313 arlveotus
1391 1251 1392 1272 ¹

184 1323 311 1406 periculo
335 1325 463 1404 ignauiae
485 1321 579 1382 locum
603 1340 663 1384 esse
681 1335 821 1405 negasset,
841 1322 977 1404 quaesivit
996 1324 1109 1400 Petrus,
1129 1339 1235 1388 essetne
1252 1326 1308 1408 gess
1391 1349 1392 1356 ¹

67 1433 75 1448 ι
184 1400 286 1461 neralis
308 1399 376 1459 baec
401 1397 544 1472 doctriua,
568 1420 603 1458 an
626 1398 660 1458 ad
687 1399 837 1467 duodecim
861 1411 970 1460 tautum
992 1413 1141 1480 spectaret.
1186 1404 1306 1482 Semper

185 1477 261 1546 enim
283 1478 331 1554 (ut
353 1474 419 1536 alibi
442 1473 573 1549 vidimus)
598 1475 629 1534 in
646 1487 772 1536 mentem
790 1475 887 1538 venire
911 1475 1019 1536 solebat
1036 1477 1190 1558 discipulis,
1212 1479 1306 1559 inique
1391 1475 1392 1524 ἶ

183 1575 281 1615 secum
301 1574 316 1612 a
339 1552 362 1626 ⁸,
389 1551 444 1612 nisi
467 1551 589 1632 exempti
607 1573 624 1612 a
643 1553 786 1612 communi
804 1563 883 1613 sorte
905 1551 974 1612 alios
997 1573 1096 1614 omues
1121 1554 1207 1639 longe
1224 1568 1306 1615 aute·
1391 1555 1392 1610 ἒ

157 1629 267 1705 ,irent
336 1649 392 1689 unc
414 1629 480 1688 dum
506 1627 557 1689 iltis
580 1649 633 1708 pro
654 1629 750 1688 onitut·
766 1650 864 1708 parum
887 1628 1014 1708 optabilis
1033 1641 1063 1688 et
1081 1629 1306 1707 tacueondtcio,
1391 1629 1392 1648 ¹

182 1719 315 1786 tanquam
340 1704 453 1766 attoniti
478 1705 533 1764 buc
569 1715 599 1764 et
626 1649 691 1764 ullus
723 1704 841 1766 circumc
862 1716 964 1764 erunt.
1016 1707 1081 1765 Huc
1112 1727 1196 1768 vero*
1214 1709 1306 1768 tendit
1391 1729 1392 1766 t

185 1782 293 1844 Christi
316 1801 500 1862 responsum,
531 1779 554 1842 si
579 1780 721 1860 quoslibet
740 1801 774 1842 ex
796 1803 825 1840 m
862 1781 890 1840 io
913 1781 998 1874 vulgo
1021 1780 1133 1862 vign'lare
1159 1785 1308 1862 convenit,
1391 1823 1392 1862 ,

182 1860 273 1921 multo
296 1859 388 1918 minus
410 1857 558 1918 serendum
582 1875 657 1933 esse,
690 1867 722 1916 ut
749 1855 920 1918 somnolenti
943 1869 1001 1920 saut
1023 1856 1161 1936 Apostoli.
1202 1857 1306 1942 Qpare
1391 1929 1392 1932 Ἴ

183 1938 255 1998 sicut
279 1933 434 2018 ingruere
456 1935 533 2014 prius
560 1943 650 1994 totam
674 1931 804 1994 familiam
831 1933 958 2012 Cbpisms
984 1933 1019 1992 ad
1044 1931 1157 2014 vigilem
1179 1936 1224 1994 sui
1249 1956 1306 1996 oc-

184 2033 297 2075 cursum
320 2011 447 2072 bortatus
473 2007 579 2084 fuerat,
611 2009 651 2072 sic
674 2031 751 2070 nuuc
778 2009 949 2092 singularem
980 2031 1075 2070 curam
1102 2029 1119 2070 a
1143 2011 1306 2093 praecipuis
1391 2007 1392 2028 ¹

183 2089 268 2151 servis
290 2088 421 2167 requirit,
459 2085 508 2168 qui
535 2085 600 2147 ideo
622 2086 758 2166 praelecti
789 2097 855 2147 suot
878 2086 1003 2168 reliquis,
1035 2097 1066 2146 ut
1091 2105 1143 2146 suo
1175 2107 1254 2148 exem
1275 2090 1304 2151 lo
1391 2101 1392 2160 t

183 2165 256 2228 uiant
284 2164 394 2226 sobriae
421 2162 584 2226 attentionis
609 2162 724 2245 frugalis
764 2184 780 2224 e
810 2162 1009 2242 temperantiae
1037 2175 1206 2224 monstrent
1250 2111 1303 2228 llis
1391 2169 1392 2212 ἓ

122 2258 129 2279 ’
181 2242 275 2306 verbis
293 2242 441 2317 admonet,
460 2261 520 2300 non
540 2261 599 2302 esse
618 2241 708 2300 otiosa
745 2238 861 2321 ignitate
880 2250 1009 2312 ornatos,
1032 2249 1064 2297 ut
1080 2237 1183 2300 deliciis
1202 2263 1303 2304 secure
1391 2309 1392 2316 χ

181 2331 294 2392 vaccum
312 2318 361 2379 sed
380 2339 438 2398 quo
458 2316 682 2378 excellentiorem
701 2315 796 2394 adepti
814 2326 880 2374 sunt
900 2315 1017 2376 honoris
1034 2314 1163 2396 gradum,
1183 2335 1218 2375 eo
1235 2317 1300 2396 plus
1391 2335 1392 2376 t

181 2397 277 2458 oneris
303 2396 342 2456 eis
367 2393 545 2455 incumbere:
574 2393 694 2473 ideoque
722 2391 877 2472 specialiter
903 2391 986 2452 tidem
1013 2404 1041 2452 et
1063 2389 1238 2472 prudentiam
1261 2393 1298 2453 ab
1351 2417 1356 2426 ·

180 2473 233 2533 illis
252 2472 443 2552 praestandam
462 2491 527 2532 ⁴esse
550 2469 643 2532 docet.
683 2469 757 2528 ilinc
781 2469 901 2544 discant,
924 2467 1082 2547 quicunque
1106 2467 1140 2528 ad
1161 2467 1300 2530 bonorifi-

182 2569 247 2608 cum
270 2567 371 2606 munus
394 2547 487 2606 vocati
505 2557 584 2620 suut,
608 2567 638 2606 se
657 2545 743 2628 magis
762 2544 890 2610 astrictos
909 2564 982 2618 esse,
1002 2565 1042 2604 ue
1057 2543 1233 2606 defunctorie
1252 2567 1301 2608 so-

178 2621 274 2680 lumo
297 2641 371 2680 eram
389 2643 467 2681 suam
485 2621 662 2700 impendant,
682 2623 731 2682 sed
751 2631 815 2682 toto
837 2621 929 2681 studio
953 2631 982 2680 et
1003 2620 1141 2682 industria
1159 2623 1301 2693 enitantur

147 2746 156 2761 s
179 2697 214 2758 ad
244 2643 369 2780 elicium
396 2701 601 2775 praestandum,
647 2700 719 2757 Nam
767 2719 832 2767 uum
861 2696 1020 2779 vulgaribus
1053 2699 1141 2758 servis
1169 2700 1236 2760 satis
1265 2701 1301 2760 ait
1391 2753 1392 2776 ,

179 2772 304 2855 privatae
324 2791 427 2852 operae
445 2793 562 2852 pensum
581 2773 735 2848 absolvere,
748 2719 866 2857 lougius
885 2773 1018 2856 progredi
1039 2786 1159 2853 oportet
1176 2795 1301 2836 oecono·
1391 2795 1392 2806 ¹

179 2871 257 2925 mos,
291 2869 412 2930 quorum
440 2869 541 2909 munus
568 2849 654 2909 totius
678 2849 797 2910 familiae
826 2871 919 2912 curam
943 2849 1146 2933 complectitur.
1191 2853 1301 2944 Alioqui
1391 2835 1392 2856 ¹

177 2925 408 3010 iugratitudinem
433 2925 485 2985 illis
508 2925 659 3006 exprobrat
684 2927 823 3001 Christus,
849 2928 940 3006 quud,-
962 2931 1048 3006 quum
1070 2927 1173 2987 delecti
1196 2927 1301 2990 fuerunt

178 3018 244 3066 aute
262 3003 346 3078 alios,
371 3001 473 3064 bonosi
496 3007 627 3062 sunnon
652 3005 855 3083 respondeant:
879 3023 1011 3082 qarorsum
1033 3003 1109 3063 euim
1128 3023 1177 3062 eos
1196 3005 1299 3064 Domi-

178 3102 231 3140 nus
250 3079 363 3161 reliquis
381 3077 518 3159 praefert,
542 3077 594 3138 nisi
618 3090 651 3138 ut
678 3099 778 3140 omnes
800 3079 932 3160 singulari
954 3080 1012 3139 lide
1032 3091 1061 3139 et
1156 3080 1229 3138 entia
1245 3103 1299 3142 su·
1391 3135 1392 3138 ,

177 3157 296 3234 perant?
335 3156 497 3216 Promisere
517 3155 630 3234 quidem
653 3157 783 3216 omnibus
806 3157 961 3239 iniungitur
979 3156 1069 3216 sobria
1134 3154 1226 3213 sedula
1248 3167 1297 3214 at-
1391 3205 1392 3224 ,

177 3233 283 3306 tentio,
301 3233 351 3296 sed
370 3232 397 3292 in
417 3233 572 3312 pastoribus
591 3233 700 3314 turpior
722 3243 764 3293 est
788 3243 818 3292 et
839 3233 930 3294 utiuus
955 3229 1110 3293 excusabilis
1129 3229 1297 3292 somnolen-

177 3307 224 3366 tia.
250 3311 364 3368 ¹Postea
383 3311 466 3368 etiam
484 3329 535 3389 spe
553 3309 687 3370 mercedis
706 3309 876 3369 alacritatem
894 3310 923 3368 in
943 3307 1008 3389 ipsis
1027 3306 1152 3366 excitat.v

252 3388 299 3448 48.
323 3385 435 3460 Quodsi
453 3387 566 3445 dixerit
582 3396 638 3445 etc.
665 3385 821 3446 llirv'erbis
836 3380 1202 3462 breviterdocetCltristus,
1221 3384 1298 3444 unde

177 3455 254 3518 malis
282 3459 369 3519 servis
396 3461 516 3540 obrepat
542 3461 688 3536 securitas,
718 3463 784 3522 ἀυηι
807 3461 914 3521 scilicet
941 3459 1071 3542 longiore
1093 3477 1172 3517 mora
1198 3459 1297 3520 confisi

176 3535 307 3595 tenebras
326 3535 379 3594 sibi
387 3537 461 3596 ultro
483 3537 634 3598 inducunt:
653 3537 727 3598 ‹licru
746 3535 831 3608 illum,
850 3558 906 3616 quo
924 3537 1065 3597 reddenda
1084 3533 1120 3595 sit
1138 3535 1219 3608 ratio,
1244 3535 1297 3594 lin·

176 3623 249 3695 guut
266 3631 408 3702 nunquam
426 3625 592 3689 venturum,
616 3615 717 3676 deinde
739 3613 879 3675 absentiae
905 3613 1011 3674 Christi
1035 3623 1179 3692 praetextu
1205 3611 1296 3690 impu·¹
1391 3609 1392 3682 ζ

119 3745 122 3754 ,
176 3689 293 3748 uitatem
323 3688 375 3748 sbi
398 3689 579 3770 promittunt:
609 3692 669 3752 fieri
687 3691 767 3751 'enim
798 3710 858 3749 uon
889 3701 997 3768 potest,
1027 3689 1095 3769 quin
1125 3687 1294 3768 exspectatio
1389 3727 1392 3760 ,

116 3788 120 3806 ¹
176 3763 249 3840 eius,
276 3765 386 3845 quoties
405 3765 487 3826 nobis
508 3767 628 3840 occurit,
655 3787 787 3848 soporem
808 3769 942 3838 excutiat,
974 3786 1007 3825 ac
1031 3765 1120 3824 multo
1145 3787 1188 3825 ma
1211 3765 1232 3823 is
1256 3763 1295 3824 la-
1391 3801 1392 3812 ι

175 3843 287 3903 sciviam
308 3841 485 3921 comprimat,
513 3863 551 3902 ne
578 3841 886 3923 improbeelleramur.
924 3841 967 3900 Ita
989 3863 1025 3902 ue
1048 3841 1140 3901 nullus
1167 3862 1200 3900 ex
1220 3851 1295 3900 orta-

175 3919 261 3980 tionis
284 3918 409 3979 stimulus
430 3920 522 3979 acrior
540 3918 586 3980 vel
606 3920 763 3994 efficacior,
784 3940 866 3998 (Ῑιιιιιι
886 3918 955 3978 dum·
968 3863 1039 3978 lltud
1058 3939 1187 3979 severum
1205 3916 1296 3976 tribu-
1391 3957 1392 3960 ,

175 3995 221 4052 nal
243 3995 373 4056 statuitur
395 3995 426 4054 in
447 3993 583 4067 medium,
619 3997 695 4076 quod
712 3994 964 4077 ,namueliug'ere
976 3993 1103 4074 poterit.
1144 3993 1241 4068 Quare
1263 4001 1321 4061 ut,
1391 4017 1392 4028 ι

100 4093 103 4102 ’
175 4081 287 4129 strenue
306 4071 423 4151 quisquo
439 4081 568 4130 nostrum
587 4071 624 4128 ad
639 4083 731 4150 partes
746 4093 807 4131 saras
824 4072 1012 4149 exsequendas
1043 4067 1186 4162 invigilet,
1208 4080 1296 4148 utque

174 4145 275 4203 sedulo
291 4158 319 4206 et
337 4147 465 4208 modeste
485 4166 515 4206 se
535 4146 678 4203 contineat
696 4147 726 4204 in
745 4147 801 4206 suis
819 4146 936 4221 linibus,
957 4145 1040 4205 nobis
1060 4145 1179 4205 subinde
1196 4165 1295 4204 recur-
1391 4169 1392 4174 ¹

173 4227 218 4272 rat
236 4221 369 4299 cogitatio
388 4221 510 4300 supremi
527 4219 599 4280 illius
619 4231 648 4278 et
666 4221 801 4300 inopinati
819 4222 954 4282 adventus
974 4222 1105 4298 Domini,
1126 4221 1204 4284 cuitus
1225 4241 1299 4282 cou-

174 4298 282 4367 tempta
299 4296 415 4372 reprobi
433 4295 578 4358 uadunt
614 4295 720 4357 Obiter
733 4298 823 4394 ,etiam
841 4297 1232 4376 manichaismum
1253 4295 1298 4356 fa-

496 4634 518 4662 Ι
