2790 4764
277 174 357 256 (raa.
382 173 540 240 ‘atoue
557 175 669 260 signum
687 173 825 238 aefcouo
845 143 1042 259 aaut...)
1188 185 1225 250 aa
1282 234 1286 255 ,

69 320 274 422 loqueudpmss
289 329 438 406 'tuamne
484 327 597 415 Mirum
612 341 708 391 tamen
730 349 791 391 non
814 341 870 405 est,
900 313 1033 394 homines
1046 331 1152 396 Christi
1169 333 1222 396 do-
1280 308 1283 337 Ι

79 421 80 424 ’
96 405 206 468 ctrinae
219 426 283 468 nou
293 417 415 466 assuetos
429 405 579 468 immodico
598 407 700 467 ardore
719 405 797 482 serri,
817 428 903 488 quum
917 429 978 468 non
993 411 1111 490 expedit.
1146 412 1221 470 Ver-

76 481 133 538 ait
158 492 251 542 tamen
275 481 305 541 in
327 501 403 542 suam
425 481 544 564 gloriam
565 481 708 557 Christus,
733 479 926 562 quodminus,
938 485 1094 565 prudenter
1113 484 1148 547 ah
1167 487 1219 550 illis

94 565 237 616 tentatum
260 555 360 632 fuerat,
380 560 442 637 quia
463 569 491 618 et
509 555 674 620 miraculum
692 557 833 634 innotuit,
854 571 883 619 et
902 572 963 620 tota
982 561 1027 621 illa
1048 561 1131 646 regio
1151 583 1218 626 coe-

94 630 207 692 lestium
226 633 364 694 donorum
381 647 526 700 auctorem
545 651 681 716 spernens
698 636 806 696 reddita
824 636 878 696 suit
895 636 1096 700 inexcusabilis.
1165 665 1168 672 ⁴

163 711 218 772 137.
255 713 331 770 Bene
347 715 445 770 omnio
456 713 546 786 fecit.
585 709 741 773 Matthaeus
758 725 908 800 postquam
923 714 1009 774 multa
1029 715 1145 798 collegit
1162 713 1218 776 mi-

92 783 200 861 racula,
221 786 330 847 subiicit
354 789 467 848 tandem
491 787 564 846 banc
589 785 750 864 clausulam,
773 787 883 848 miratas
904 811 965 852 esse
982 790 1077 853 turbas
1103 805 1133 854 et
1150 790 1216 884 qlo-

92 859 163 920 riam
181 861 284 924 dedisse
301 865 369 924 Deo
388 862 495 938 Israel,
514 863 578 942 quia
596 861 703 924 scilicet
720 865 800 926 Deus
815 863 934 926 insolitis
952 867 1042 926 modis
1059 880 1216 948 potentiam

91 943 168 996 suain
190 938 328 1002 illustrans
354 939 478 1000 foederis
501 937 546 1000 sui
567 940 733 1000 memoriam
755 939 920 1000 renovabat.
959 943 995 1002 ln
1014 943 1104 1004 Mami
1122 958 1215 1008 autem

91 1013 181 1074 verbis
199 1014 273 1094 sorte
291 1015 442 1076 antithesis
461 1013 572 1076 subest:
595 1037 661 1076 nam
684 1015 748 1096 quia
770 1015 863 1075 varius
886 1017 921 1076 de
944 1015 1060 1078 Christo
1084 1032 1144 1090 erat
1165 1043 1234 1080 rum

29 1123 30 1128 κ
88 1109 159 1162 mor,
176 1089 316 1174 significat
334 1095 435 1164 turbo,
456 1089 558 1171 impios
579 1111 639 1151 esse
659 1102 688 1151 et
705 1090 853 1172 malignos,
877 1091 1038 1172 quicunque
1058 1093 1116 1153 eius
1134 1093 1213 1156 sactis

86 1164 257 1243 obtrectant,
283 1167 400 1250 qnando
424 1179 561 1227 summam
584 1165 677 1246 potius
699 1165 812 1226 laudem
832 1166 926 1228 omnia
948 1179 1109 1243 merentur,
1132 1189 1214 1249 quam

86 1241 235 1304 calumniae
258 1245 319 1304 sint
338 1243 470 1304 obnoxia.
509 1241 620 1303 Scimus
638 1253 746 1316 autem,
772 1243 893 1304 dictante
912 1254 1028 1304 naturae
1043 1265 1128 1304 sensu
1147 1245 1215 1307 nibil
1265 1245 1269 1256 '
1296 1263 1303 1286 ⁸

86 1337 143 1380 esse
154 1321 253 1402 ¹magis
272 1321 416 1400 iniquum,
439 1338 524 1398 quam
543 1317 678 1378 beneficia
696 1316 725 1378 in
747 1319 853 1378 crimen
873 1330 902 1380 et
916 1319 1051 1380 invidiam
1069 1319 1151 1380 trabi.

155 1397 260 1456 Mattb.
283 1399 341 1458 32.Ὶ
372 1399 492 1454 Miseret
512 1417 557 1454 me
576 1398 691 1454 turbae.
735 1395 791 1455 llic
809 1393 933 1469 refertur
950 1395 1115 1457 miraculum
1134 1395 1213 1459 alteri

77 1490 142 1530 *non
159 1471 305 1546 absimile,
330 1473 406 1551 quod
422 1469 506 1551 paulo
525 1483 590 1532 ante
611 1471 800 1552 exposuimus:
832 1472 887 1532 boc
910 1483 1019 1532 tentum
1045 1484 1088 1534 est
1112 1474 1211 1536 discri-

85 1566 156 1621 men,
177 1549 265 1628 quod,
287 1567 376 1630 quum
398 1548 474 1628 prius
496 1549 618 1628 quinque
638 1545 755 1629 panibus
776 1559 805 1608 et
822 1547 931 1608 duobus
950 1549 1072 1630 piscibus
1090 1562 1212 1612 saturas-

28 1681 29 1684 ,
84 1634 125 1682 set
148 1625 281 1686 Christus
301 1624 373 1704 ,quin
414 1645 430 1684 e
457 1624 601 1684 hominum
627 1623 725 1700 millia,
749 1645 826 1687 nunc
851 1637 972 1706 quatuor
993 1625 1077 1686 millia
1101 1639 1210 1708 septem
1337 1697 1345 1704 ,

28 1697 30 1820 q
83 1700 197 1777 panibus
220 1712 251 1764 et
268 1645 413 1780 piscieubi
428 1699 534 1781 aliquot
571 1713 712 1761 ascuntur.
743 1699 855 1762 Deinde
875 1724 961 1782 quum
980 1713 1047 1762 tunc
1066 1701 1211 1786 scaffnen-
1302 1738 1320 1778 ,1

28 1821 29 1860 ,
84 1773 118 1834 tis
134 1775 244 1858 impleti
264 1778 322 1837 sint
337 1777 484 1838 duodecim
503 1723 628 1856 copbini,
646 1797 722 1840 nunc
743 1799 776 1839 ex
794 1777 902 1839 maiore
922 1777 1002 1860 eopia
1020 1777 1144 1845 minores
1163 1803 1211 1840 su-

83 1865 198 1928 persunt
216 1853 360 1946 reliquiae.
400 1855 476 1914 Hinc
500 1854 649 1928 discamus,
673 1875 731 1914 non
755 1855 872 1947 astringi
891 1855 947 1916 Dei
992 1856 1128 1918 otentiam
1147 1877 1210 1918 me-

84 1927 132 1988 diis
150 1929 195 1990 vel
215 1931 396 2006 adminiculis,
414 1953 470 1992 nec
487 1929 597 1992 referre
617 1950 713 1992 coram
728 1931 793 2012 ipso
827 1943 901 1991 sitne
919 1877 1038 1992 mulium
1052 1929 1209 2024 an'parum,

84 2002 154 2064 sicut
177 2007 212 2066 de
236 2007 373 2067 mediocri
396 2028 447 2068 suo
472 2007 611 2082 exercitu,
636 2019 665 2067 et
688 1975 803 2088 ingenti
820 2007 944 2083 bostium
968 2009 1146 2069 multitudine
1164 2008 1209 2069 lo-

83 2099 171 2214 quens
194 2083 306 2144 dicebat
328 2085 467 2143 Ionatban
481 2085 529 2159 1(Ι.
548 2084 625 2144 Sam.
645 2087 696 2156 14,
715 2085 767 2160 6.).
796 2083 901 2144 sicuti
923 2096 1017 2145 autem
1041 2085 1097 2144 Dei
1119 2085 1209 2144 bene-
1233 2137 1235 2142 ,

103 2155 169 2215 ictio
194 2179 255 2218 non
279 2182 360 2222 secus
383 2181 442 2220 urio
467 2179 541 2240 pane
566 2159 719 2240 ac·viginti
738 2171 874 2220 contenta
894 2159 928 2216 ad
948 2181 1078 2242 magnam
1097 2159 1209 2220 turbam

83 2229 208 2294 alendam
228 2248 387 2317 exsuperat,
407 2237 460 2324 ita,
479 2235 502 2294 si
520 2233 669 2306 desit-illa,
690 2235 788 2294 decena
808 2233 967 2294 bominibus
985 2234 1129 2314 pascendis
1148 2255 1209 2294 non

82 2307 221 2370 sufficient
242 2325 355 2371 eentum
372 2333 473 2391 panes:
491 2329 557 2368 nam
575 2309 625 2368 ubi
644 2309 748 2369 fractus
767 2309 854 2368 fuerit
871 2309 985 2369 baculus
1004 2309 1093 2388 panis,
1112 2310 1212 2368 etiam-¹

81 2382 149 2444 siin
168 2388 297 2466 pondere
315 2387 455 2448 reseratur
474 2406 491 2444 e
508 2385 629 2474 pistrino
648 2385 737 2443 farina
757 2395 786 2443 et
805 2405 839 2443 ex
858 2382 944 2440 furno
962 2383 1056 2463 panis,
1080 2395 1223 2444 uentrem¹

80 2468 176 2520 tamen
194 2463 323 2522 vorando
342 2461 444 2521 farcire
464 2459 534 2518 nihil
551 2459 689 2539 proderit.
732 2457 908 2518 Triduanum
926 2457 1076 2532 ieiunium,
1099 2458 1134 2520 de
1154 2481 1223 2540 quo*

79 2531 207 2624 loquitur
224 2537 367 2611 Christus,
388 2535 516 2616 intellige
532 2553 599 2601 nen
613 2533 688 2612 quod
706 2533 792 2594 tridui
811 2533 932 2594 inediam
951 2533 1133 2616 pertulerint,
1160 2536 1209 2597 sed

79 2631 145 2688 qura
165 2610 197 2689 in
213 2609 285 2670 locis
303 2611 420 2672 desertis
440 2631 499 2669 non
518 2630 620 2692 magna
639 2609 725 2678 suerit
744 2609 938 2686 commoditas,
967 2623 999 2672 ut
1022 2629 1145 2674 necesse*
1162 2613 1207 2674 su-

80 2685 136 2746 erit
159 2683 301 2758 ordinario
322 2687 386 2746 cibo
406 2707 510 2748 carere.
544 2687 626 2747 Adde
644 2688 721 2766 qood
739 2689 767 2747 in
787 2685 840 2747 illis
861 2685 951 2748 calidis
970 2689 1134 2770 regionibus
1153 2689 1207 2750 mi-

80 2781 137 2820 nor
157 2773 201 2824 est
220 2764 346 2838 edacitas,
367 2785 449 2843 quam
461 2763 632 2824 'suberasso
651 2777 750 2824 nostro
771 2775 799 2826 et
818 2763 922 2846 frigida
938 2770 1013 2836 a'e're.
1045 2765 1207 2842 Quarc‘ni-

79 2836 119 2897 hil
137 2839 242 2900 mirum
263 2851 317 2911 est,
343 2839 366 2901 si
383 2840 518 2900 diutins'a
538 2839 602 2900 cibo
622 2839 817 2904 abstinuerint.

51 2955 57 2972 κ
153 2917 203 2976 33.
234 2917 328 2977 'Unde
351 2921 433 2976 uobis
457 2921 488 2976 iu
510 2919 679 2994 solitudine,
721 2918 811 2979 Nimis
832 2915 946 2978 brutum
963 2919 1089 2999 produnt
1109 2929 1207 2998 stupo-

81 3011 139 3052 rem
158 2992 295 3074 diseipuli,
314 2995 389 3074 quod
407 3006 476 3072 tunc
495 2993 592 3054 saltem
609 3015 669 3053 non
688 3005 826 3056 revocant
845 2993 876 3052 in
895 2996 1060 3056 memoriam
1079 2996 1207 3074 superius
1360 3046 1366 3054 .

81 3063 146 3128 illud
169 3069 369 3140 docimentum
395 3070 505 3130 virtutis
530 3081 559 3130 et
584 3070 691 3153 gratiae
719 3069 840 3146 Christi,
866 3071 943 3152 quod
967 3073 1002 3131 ad
1048 3083 1205 3131 raesentem
1275 3139 1287 3152 ,
1365 3107 1366 3118 .

82 3163 158 3204 usum
177 3158 273 3226 aptare
294 3157 448 3226 poterant:
469 3169 559 3221 nnnc,
584 3147 661 3226 quasi
682 3146 751 3206 nibil
771 3169 894 3228 unquam
913 3147 968 3206 tale
987 3147 1016 3206 vi
1036 3147 1136 3220 issent,
1158 3168 1206 3208 re-

82 3219 200 3281 medium
219 3223 254 3282 ab
274 3243 309 3282 eo
329 3234 427 3302 petere
445 3223 657 3283 obliviscuntur.
689 3223 765 3298 Quia
783 3237 875 3284 autem
895 3223 991 3282 similis
1007 3221 1133 3302 quotidie
1150 3243 1205 3284 no-

83 3292 122 3354 bis
141 3297 253 3379 obrepit
273 3311 382 3380 torpor,
405 3317 440 3358 eo
460 3319 503 3357 ma
526 3299 548 3358 's
571 3300 726 3358 cavendum
745 3312 797 3374 est,
819 3321 857 3360 ne
876 3321 997 3378 unquam
1018 3299 1205 3374 distrabantur

83 3385 184 3435 meotes
205 3387 320 3446 nostrae
349 3397 365 3434 a
391 3320 553 3454 reputandis
577 3375 634 3435 Dei
649 3376 816 3451 ,beneficiis,
843 3387 875 3434 ut
898 3373 1043 3454 praeteriti
1063 3387 1125 3445 tens
1148 3377 1205 3436 oris
1240 3377 1246 3387 ’

84 3451 249 3527 experientia
267 3452 297 3510 in
315 3449 441 3511 futurum
459 3451 535 3512 idem
554 3471 607 3512 nos
627 3453 872 3538 speraredoceat,
892 3451 1039 3532 quodiam
1058 3397 1146 3516 semel
1159 3454 1204 3518 vel

83 3526 183 3606 saepius
204 3526 320 3612 largitus
340 3539 384 3590 est
401 3529 491 3590 Deus.
512 3559 518 3580 ι
1123 3565 1125 3569 ·

49 3837 55 3844 ,
98 3833 101 3838 ,
158 3766 260 3851 (138.)
293 3767 467 3834 ΜΑΤΤΗ.
483 3767 582 3832 xvt.
607 3767 636 3834 1.
657 3767 700 3831 Et
715 3767 840 3853 egressi
861 3766 1022 3864 l'harisaei
1045 3791 1108 3835 una
1132 3767 1216 3831 cum
1298 3789 1299 3792 ¹

83 3860 273 3934 Sadduca'eis
291 3880 446 3954 tentantes
461 3867 619 3957 rogabant
637 3872 723 3948 eum,
740 3867 776 3934 'ul
797 3872 921 3957 signum
943 3895 961 3936 e
983 3873 1076 3938 coelo
1099 3878 1205 3934 osten·

83 3963 166 4037 deret
186 3969 258 4037 sibi.
277 3979 279 3983 ’
301 3972 333 4040 2.
361 3974 404 4038 At
430 3973 486 4040 ille
513 3971 713 4060 respondens
739 3972 819 4038 dixit
841 3967 901 4053 eis,
930 3969 1204 4059 Quone-eoeperit
1270 4002 1281 4021 κ

82 4091 144 4138 csse
165 4089 314 4166 vespera,
341 4072 462 4154 dicitis,
490 4075 666 4141 Serenitas:
699 4095 772 4139 nam
799 4074 896 4140 rubet
920 4075 1055 4139 eoelum.
1104 4071 1134 4133 3.
1162 4069 1205 4132 Et

81 4191 179 4257 mane,
207 4175 317 4258 Hodie
343 4187 526 4265 tempestas:
555 4179 651 4245 rubet
682 4181 776 4242 enim'
793 4175 922 4242 coelum
948 4177 1047 4236 triste.
1089 4167 1205 4252 Hypo·
1303 4192 1307 4200 2

81 4279 185 4359 aritae,
219 4277 332 4347 faciem
360 4281 444 4348 coeli
470 4283 557 4347 scitis
580 4279 769 4365 diiudicare,
801 4276 893 4359 sigua
920 4292 997 4332 V⁰s⁰
1016 4265 1206 4356 'minimum

102 4377 184 4425 Caluini
198 4389 317 4429 comment.
332 4382 356 4428 ia
370 4381 446 4429 nam.
460 4381 502 4428 Er.
524 4380 571 4427 sol.
586 4380 615 4424 aa
902 4443 905 4451 ¹
988 4354 1006 4409 7
