2830 4772
186 227 245 290 ῆι
629 210 742 275 ster.
760 211 874 273 xvttt

187 363 554 466 fflpvmplaeet,
576 359 937 446 sitapuduosinffiridna
957 362 1331 446 signotmeltlocllinae

188 459 388 586 mmffi'tt
397 521 472 599 fim·
486 527 597 596 ρωιιι,
616 518 709 575 aian
727 514 823 573 skatt.
860 513 927 574 Ηοι
944 511 1072 593 additum
1091 514 1147 576 init
1165 517 1328 582 incutiendi

189 599 307 663 samri,
329 619 427 668 ausa,
454 617 512 674 qun
536 591 625 674 magis
647 591 766 652 sollicite
788 589 891 649 intenti
915 603 1012 650 emeat
1035 591 1132 652 fideles
1155 593 1191 654 ad
1219 618 1328 657 careu-

188 680 268 740 dum:
292 695 357 734 nam
375 673 501 732 ubitam
519 668 621 730 eilreui
642 666 755 728 mentia
774 675 934 748 grassantur
951 668 1235 750 pseudoprophetae,
1258 685 1327 732 tan-

189 767 273 834 taque
295 749 408 810 fallendi
427 745 550 807 efficacia
568 744 621 804 illis
638 741 822 834 conceditur,
846 741 926 800 tacite
946 757 1155 832 esset'securos
1175 759 1206 806 et
1225 747 1326 808 incau-

190 843 236 890 tos
254 847 353 888 eornm
371 823 513 884 fraudibus
530 821 680 902 illaqueare.
723 819 851 878 christus
873 837 944 900 ergo
964 819 1115 898 discipulos
1133 844 1201 882 suos
1218 825 1254 884 ad
1274 846 1326 884 ex-

191 904 286 966 cubias
304 901 424 984 agendas
443 900 571 958 bortatur
590 909 619 956 et
637 895 771 986 excitam·
789 891 890 952 deinde
914 893 997 983 etiam
1016 898 1153 985 admouet
1171 920 1232 958 uon
1252 922 1324 974 csse,

191 1003 243 1071 cur
261 979 412 1040 turbentur
429 975 554 1036 novitate
572 969 895 1060 spectacululsutpultos
913 991 1013 1048 passm
1032 993 1063 1029 m
1083 993 1213 1062 errorem
1232 977 1324 1066 abripi

190 1057 312 1224 ee}
330 1053 513 1190 ,stiffi
532 1057 1325 1216 ttnnnnsttntsrnne::ruins

189 1204 585 1361 renituntur
597 1209 830 1336 'retunt‘
839 1197 1325 1354 feltrenensem

213 1361 254 1420 'lis
277 1359 315 1419 sit
336 1379 369 1418 ac
386 1357 497 1416 'lubrica
519 1355 630 1434 piorum
642 1351 788 1443 ‚⁶⁰¹¹‘lffit‘t
815 1347 895 1408 firma
916 1360 1013 1441 temen
1033 1350 1078 1410 bic
1098 1352 1203 1414 fultura
1222 1368 1325 1445 omen.

68 1523 71 1530 ·
212 1438 276 1528 ’ἐπ’
294 1436 325 1494 ³¹·
343 1453 397 1568 r
418 1425 1387 1580 ‘mustusrestituentestetra

191 1511 574 1669 inabiletildiniimitibfuijiabb
595 1584 714 1642 Satanae
736 1577 869 1638 machinis
895 1578 1018 1652 resistat,
1045 1579 1096 1640 sed
1116 1527 1190 1662 ¹ipuia
1212 1583 1322 1644 Christi

192 1675 259 1724 sunt
284 1681 367 1732 ores,
398 1679 466 1738 quas
485 1677 570 1716 nemo
589 1657 697 1737 poterit
714 1675 812 1735 rapere
832 1676 865 1713 ex
887 1655 947 1716 eius
966 1677 1053 1714 manu
1072 1659 1138 1734 (Io.
1159 1662 1210 1732 lss,
1238 1659 1320 1734 28).

191 1737 353 1800 Notandum
371 1746 465 1794 autem
484 1745 541 1806 est,
560 1734 636 1813 quod
653 1732 745 1792 salutis
764 1739 876 1802 nostrae
894 1727 1007 1790 firmitas
1025 1751 1085 1790 non
1104 1731 1134 1790 in
1153 1733 1253 1810 nobis,
1271 1739 1324 1798 sed

192 1815 223 1872 iu
247 1832 346 1872 arcana
364 1809 419 1870 Dei
442 1809 581 1868 electione
604 1809 720 1870 locatur.
779 1807 948 1884 Quanquam
965 1807 1041 1865 enim
1058 1808 1218 1868 custoditur
1236 1811 1326 1888 salus,

193 1900 289 1948 nostra
308 1907 361 1965 per
378 1885 461 1944 fidem
480 1887 526 1962 (ut
544 1884 746 1949 Petrusldocet
765 1904 809 1962 ep.
819 1884 843 1942 Ι.
858 1904 916 1963 cap.
928 1887 953 1954 l,
966 1885 1019 1954 5.),
1036 1881 1116 1940 altius
1134 1895 1232 1944 tamen
1246 1908 1324 1948 con.

193 1963 328 2024 sccudere
351 1983 369 2022 o
390 1973 480 2035 ortet,
507 1961 572 2020 ideo
595 1981 649 2020 nos
672 1959 787 2018 intuto
811 1979 886 2032 esse,
912 1957 972 2037 quia
994 1978 1047 2016 nos
1065 1958 1153 2017 Pater
1170 1960 1246 2022 Filio
1265 1986 1323 2025 suo

192 2039 269 2100 dedit
288 2049 318 2098 et
332 1982 418 2098 iiius
435 2037 494 2117 ipse
512 2035 581 2094 nihil
602 2035 676 2115 quod
694 2035 747 2094 sibi
765 2035 859 2094 datum
880 2047 921 2093 est
938 2032 1091 2123 periturum
1113 2033 1246 2098 affirmat.

267 2117 314 2177 25.
351 2117 427 2174 Ecce
448 2113 590 2191 praedisci
611 2115 702 2172 cobis.
747 2111 861 2170 Plenius
884 2111 1001 2171 Domini
1028 2121 1157 2171 mentem
1187 2115 1321 2195 exprimit

192 2191 314 2266 Marcus,
331 2213 385 2251 cos
402 2201 504 2250 autem
519 2199 636 2248 cavete.-
660 2209 724 2247 ecce
739 2189 887 2266 praedici.
927 2185 1039 2260 Quibus
1057 2187 1153 2249 verbis
1172 2188 1320 2268 docemur,

192 2267 267 2328 nulli
290 2268 466 2332 excusatione
492 2266 593 2346 diguus
615 2286 689 2337 esse,
718 2285 788 2342 quos
812 2261 984 2322 olleudicula
1003 2283 1020 2320 a
1039 2263 1156 2325 Christo
1175 2269 1319 2344 praedicta

191 2357 387 2406 consternant:
416 2365 481 2404 nam
504 2339 590 2422 q'uum
613 2341 696 2402 nobis
713 2340 770 2400 Dei
788 2339 915 2400 voluntas
935 2359 989 2417 pro
1008 2339 1107 2424 regula
1125 2361 1185 2402 esse
1204 2342 1317 2417 debeat,
1405 2353 1406 2360 ’

190 2419 295 2484 sufficit
310 2442 364 2482 nos
382 2420 412 2480 iu
431 2432 559 2499 tempore
577 2439 638 2480 esse
655 2418 822 2491 admonitos,
836 2416 873 2474 ita
891 2415 918 2472 ei
938 2413 1059 2493 placere.
1097 2415 1211 2478 Deinde
1228 2439 1339 2509 quum„

190 2497 301 2557 lidelem
323 2517 353 2560 se
376 2497 554 2577 pronuntiet,
585 2515 639 2554 nec
661 2513 803 2572 passurum
828 2502 860 2550 ut
878 2501 1020 2549 tentemur
1038 2492 1111 2550 ultra
1150 2515 1211 2552 uam
1229 2516 1318 2556 sumus

189 2571 317 2645 serendo,
335 2593 477 2651 nunquam
495 2572 529 2630 ad
546 2571 731 2632 resistendum
749 2567 832 2628 nobis
849 2565 937 2628 virtus
954 2565 1055 2644 deerit,
1074 2590 1105 2628 m
1143 2591 1162 2630 o
1181 2591 1220 2632 ue
1237 2571 1318 2632 infin·

189 2645 316 2706 mitatem
335 2660 460 2706 nostram
478 2647 533 2706 alat
550 2659 652 2726 torpor
671 2645 709 2720 (l.
731 2644 800 2705 Cor.
820 2647 872 2715 10,
892 2641 963 2717 13.).
1327 2721 1334 2733 x

265 2723 313 2782 26.
350 2724 427 2780 Ecce
446 2725 478 2780 in
494 2724 683 2783 deuerteret.
724 2721 821 2810 Lucas
833 2720 907 2778 hunc
925 2739 1087 2780 sermonem
1106 2720 1191 2782 alteri
1212 2723 1316 2786 Christi

190 2815 326 2888 responso
344 2797 506 2876 permiscet:
525 2819 589 2858 ruam
608 2819 693 2877 quum
712 2795 891 2858 aPhaitsaeis
909 2805 1026 2878 rogatus
1044 2796 1081 2856 de
1097 2799 1224 2859 adventu
1235 2801 1316 2884 regui

189 2873 247 2934 Der
268 2884 398 2955 negasset
425 2893 488 2932 cum
513 2873 710 2936 observatione
734 2883 898 2943 venturum,
924 2870 1049 2962 sequitur
1071 2871 1102 2932 iu
1120 2873 1219 2936 Lucae
1245 2898 1316 2936 con-

188 2959 280 3025 textu,
311 2949 388 3028 quod
410 2968 561 3009 conversus
583 2950 617 3008 ad
641 2948 790 3028 discipulos
813 2948 990 3008 admonuerit
1006 2959 1145 3008 venturos
1166 2972 1228 3012 esse
1247 2951 1316 3027 dies,

188 3011 408 3106 quum'amplius
425 3023 511 3084 visuri
529 3044 588 3084 non
606 3024 662 3084 siut
679 3025 754 3084 diem
771 3045 859 3083 unum
877 3022 940 3082 Filii
957 3023 1087 3084 bominis.
1114 3025 1230 3100 Quibus
1248 3051 1316 3088 ver.

187 3099 231 3160 bis
249 3121 366 3162 monere
379 3099 475 3176 voluit,
493 3110 525 3158 ut
535 3097 564 3160 in
574 3099 636 3161 luce
647 3101 828 3173 ambularent,
847 3110 993 3179 antequam
1004 3113 1211 3180 occuparentur
1219 3103 1314 3164 noctis

76 3185 81 3197 “
186 3175 326 3238 tenebris:
353 3175 450 3238 debuit
474 3176 548 3239 enim
573 3175 618 3235 bic
641 3177 790 3236 acerrimus
808 3175 860 3236 illis
880 3196 939 3236 esse
957 3174 1094 3249 stimulus,
1118 3175 1314 3264 utproficere

186 3240 343 3325 studerent,¹
356 3273 438 3334 quam
456 3251 505 3311 diu
522 3246 687 3312 fruebantur
706 3251 809 3313 Christi
821 3252 989 3342 praeseutia,
1011 3252 1076 3311 dum
1094 3252 1225 3312 audirent
1243 3274 1312 3336 gra-

185 3323 309 3386 vissimas
335 3328 560 3407 perturbationes
583 3329 695 3389 instare.
743 3329 877 3390 Nescttur
898 3340 1004 3401 autem,
1032 3327 1192 3388 aneadem
1217 3329 1255 3391 de
1279 3352 1311 3392 re

99 3443 103 3458 ,
185 3395 229 3458 bis
247 3401 423 3462 admonuerit
443 3403 570 3464 Christus
590 3404 748 3484 discipulos.
806 3405 863 3464 Sed
884 3404 955 3466 mihi
972 3401 1116 3484 probabile
1137 3415 1194 3474 est,
1222 3429 1310 3488 quum

184 3474 220 3532 de
239 3476 323 3558 regui
340 3479 396 3538 Dei
414 3480 535 3540 adventu
552 3479 633 3540 lieret
650 3482 772 3554 mentio,
792 3500 858 3560 quas
876 3480 922 3541 hic
939 3479 1056 3540 inseruit
1072 3481 1230 3544 sententias
1251 3483 1310 3542 Lu-

184 3568 246 3609 cam
266 3571 299 3611 ex
316 3551 371 3613 alio
389 3563 447 3629 tem
468 3575 518 3614 orc
537 3556 692 3635 desumptas
711 3558 869 3618 attexuisse:
894 3558 970 3636 quod
987 3554 1027 3614 illi
1045 3575 1107 3616 uon
1125 3577 1223 3618 rarum
1241 3580 1308 3632 esse,

183 3623 249 3686 alibi
266 3627 392 3689 vidimus.
435 3575 595 3691 'liamerum
613 3633 677 3710 quia
697 3631 776 3693 locus
795 3633 840 3691 hic
858 3652 911 3710 pec
926 3632 1065 3692 inscitiam
1083 3633 1161 3694 varie
1179 3635 1307 3695 detortus

183 3713 239 3778 est,
263 3713 296 3762 ut
313 3703 467 3786 genuinum
485 3726 596 3766 sensum
615 3706 735 3768 babeant
752 3707 886 3780 lectores,
910 3709 1034 3768 notanda
1051 3707 1105 3770 illis
1126 3721 1169 3771 est
1186 3711 1306 3772 antitbe·

181 3777 218 3838 sis
241 3777 316 3841 inter
338 3779 454 3841 latebras
479 3792 507 3842 et
529 3779 615 3866 longe
640 3783 749 3862 lateque
767 3795 911 3864 patentem
929 3783 1013 3867 r'egui
1034 3785 1141 3846 Christi
1163 3807 1306 3870 propaga·

180 3852 301 3930 tionem,
326 3876 444 3937 eamque
464 3856 583 3919 subitam
608 3870 638 3918 et
655 3859 839 3938 inopinatam,
863 3859 948 3938 qualis
968 3871 1012 3920 est
1031 3859 1150 3943 fulguris
1178 3862 1304 3924 extensio

179 3927 214 3988 ab
234 3942 298 3991 ortu
318 3931 384 3996 solis
404 3933 544 4013 usquead
564 3954 702 3994 occasum.
740 3937 850 3996 Scimus
869 3936 945 3995 enim
962 3937 1193 4017 pseudochristos
1213 3937 1303 4019 (quod

106 4013 112 4038 ¹
179 4023 284 4066 crassae
303 4019 333 4082 et
345 4001 446 4070 stultae
464 4009 523 4090 spei
533 4011 626 4091 gentis
637 4009 707 4070 illius
717 4023 937 4073 consentaneum
947 4011 1020 4087 erat)
1032 4034 1215 4094 quascunque
1223 4025 1303 4099 pote-

108 4121 123 4148 ,
177 4091 242 4138 rant
260 4083 353 4163 copias
371 4083 401 4143 in
420 4085 596 4174 receptacula
613 4085 725 4158 deserti,
744 4087 789 4176 vel
806 4087 837 4146 in
855 4087 1014 4177 speluncas,
1043 4089 1090 4150 vel
1108 4091 1144 4150 ‘in
1167 4091 1237 4152 alios
1254 4109 1302 4151 re-

176 4171 268 4215 cessus
287 4161 470 4235 contraxisse,
493 4171 525 4219 ut
543 4179 641 4240 rugum
659 4179 768 4246 romam
786 4162 896 4243 imperit
913 4185 942 4224 vn
961 4175 991 4223 et
1008 4185 1096 4224 manu
1114 4179 1220 4228 armata
1236 4187 1253 4226 a
1271 4185 1302 4227 se

176 4239 347 4294 excuterent.
386 4237 491 4296 Sensus
508 4251 579 4312 ergo
599 4243 653 4304 est,
672 4239 830 4316 quicunque
847 4257 916 4316 opes
931 4259 993 4299 suas
1012 4240 1042 4300 in
1061 4240 1157 4302 locum
1175 4243 1301 4304 abditum
1392 4271 1393 4288 ι

177 4297 294 4378 colligit,
319 4318 352 4366 ut
372 4311 463 4388 gentis
485 4308 641 4368 libertatem
667 4308 749 4368 armis
766 4323 929 4391 recuperet,
955 4333 987 4374 se
1005 4335 1061 4392 pro
1083 4317 1198 4380 Christo
1218 4339 1300 4382 men-
1392 4327 1393 4340 ¹
