2790 4764
418 243 603 323 (las-146.
641 241 718 304 Puer
739 241 900 322 lunaticus.)
1169 249 1229 312 123

96 409 160 464 tem
190 397 333 490 spirltum
360 408 490 468 mutum.
532 397 584 466 18.
616 399 658 466 Et
685 397 943 488 quandocunque
966 417 1038 465 eom
1059 401 1225 490 corripue-

97 503 157 580 rit,
179 499 298 568 lacerat
319 523 406 582 euna,
428 512 459 570 et
478 500 533 566 ille
554 511 691 589 spumat,
711 501 887 591 stridetque
909 501 1057 574 dentibus
1079 505 1162 585 suis,
1192 513 1225 570 et

96 605 227 671 arescit:
263 614 293 671 at
320 604 386 672 dixi
414 603 580 692 discipulis
606 607 684 686 tuis,
713 615 752 672 ·ut
773 608 940 687 elicerent,
969 617 1001 678 et
1021 625 1089 676 non
1108 617 1224 696 potue-

32 739 48 748 *
80 715 181 773 ·runt.
234 707 284 774 19.
305 709 358 790 *Aa
382 707 437 774 ille
462 706 662 799 respondens
690 711 720 774 ei
739 707 837 788 dicit,
869 709 903 776 Ο
930 711 1018 778 natio
1047 709 1223 789 incredula,

93 829 265 898 quousque
290 810 375 900 apud
397 831 462 902 pos
486 812 561 876 ero?
593 830 763 898 quousque
784 815 886 901 patiar
906 817 985 882 vos?
1015 811 1165 880 adducite
1185 811 1224 879 il-

92 911 161 978 lurn
182 912 223 980 ad
244 935 303 982 ma.
346 915 399 982 20.
427 913 470 981 Et
491 909 692 980 adduxeruut
712 913 802 981 illuns
816 913 866 980 -ad
889 935 975 994 curo,
1005 924 1037 980 et
1058 938 1154 1003 quum
1175 919 1228 986 vi-s

93 1013 194 1082 disset
219 1037 305 1094 eum,
339 1019 446 1084 statim
474 1017 604 1102 spiritus
636 1037 707 1082 eum
730 1015 913 1103 discerpsit,
945 1025 977 1084 et
996 1016 1168 1106 prolapsus
1189 1021 1239 1088 in·

91 1125 203 1200 terram
224 1118 420 1188 volvebatur
442 1136 601 1206 spumaue.
644 1117 697 1185 21.
717 1119 760 1187 Et
782 1121 990 1207 interrogavit
1009 1128 1130 1208 patrem
1147 1121 1224 1200 eius,

89 1219 254 1306 Quantum
277 1223 435 1314 temporis
458 1231 514 1300 est,
535 1241 573 1285 ex
595 1241 661 1306 quo
683 1221 746 1288 boo
767 1221 884 1292 accidit
906 1223 954 1286 ei?
996 1221 1056 1286 llle
1076 1243 1156 1288 vero
1177 1220 1226 1290 di-

86 1326 136 1404 rit,
159 1325 190 1389 A
212 1347 337 1414 puero:
385 1326 439 1392 22.
471 1325 512 1389 Et
534 1323 830 1410 frequenter-illuns
853 1315 1014 1410 inignem
1035 1308 1168 1416 abiecit,
1193 1332 1228 1390 et

32 1494 36 1502 ,
89 1429 123 1493 in
146 1447 271 1514 aquas,
293 1449 359 1514 quo
380 1425 529 1518 perderet
548 1448 634 1494 euro:
656 1448 715 1514 age
736 1429 764 1494 si
783 1426 861 1514 quid
879 1439 989 1518 potes,
1009 1411 1149 1495 subveni
1167 1449 1228 1494 uo-

86 1528 327 1612 bis,‚mieertus
348 1531 463 1597 nostri.
492 1529 558 1595 td.
580 1532 671 1598 lesus
694 1519 798 1598 antem
821 1529 898 1598 dixit
919 1535 957 1612 ei,
978 1529 1063 1598 Illud
1085 1531 1121 1598 si'
1134 1539 1228 1619 potes

87 1631 240 1714 credere,
269 1631 565 1722 omnia'poeaibilia
588 1632 740 1700 credenti.
787 1633 840 1700 21.
872 1635 915 1702 Et
935 1633 1102 1702 confestim
1124 1633 1228 1702 excla-
1352 1703 1354 1711 ,

87 1755 179 1802 mans
202 1745 298 1826 pater
317 1739 409 1824 pueri
430 1759 503 1804 cum
524 1733 682 1816 lacrimis,
704 1735 799 1814 dixit,
823 1737 945 1818 Credo,
967 1738 1120 1806 Dominea
1154 1759 1229 1806 suo-

89 1860 184 1906 curre
214 1839 428 1908 incredulitati
454 1861 553 1909 meae.
606 1839 660 1908 25.
697 1839 807 1929 Quum
832 1840 967 1908 vidisset
995 1851 1100 1909 autem
1128 1841 1228 1922 lasus,

90 1941 183 2029 quod
206 1940 301 2009 turba
316 1941 545 2024 concurreret,
572 1945 751 2032 increpavit
772 1945 918 2031 spiritura
939 1943 1158 2027 immundum,
1180 1944 1229 2013 di·
1260 2003 1262 2008 ,

91 2065 170 2110 cens
192 2045 249 2124 illi,
272 2046 409 2135 Spiritus
431 2057 518 2116 mute
539 2057 571 2113 et
593 2047 698 2125 surde,
720 2068 780 2133 ego
804 2045 863 2114 tibi
884 2051 1017 2136 impero,
1041 2051 1091 2119 exi
1113 2047 1155 2113 ab
1177 2069 1230 2130 eu,

93 2158 127 2214 et
147 2169 191 2213 ne
212 2149 346 2236 posthac
366 2149 558 2238 ingrediaris
580 2151 614 2214 in
637 2143 737 2214 illuns.
792 2150 844 2216 26.
878 2149 921 2218 Et
941 2173 1040 2237 quum
1062 2149 1231 2226 clamasset

93 2253 241 2340 spiritus,
274 2253 473 2340 mualtumque
500 2251 722 2338 discerpsisset
748 2271 836 2329 euna,
864 2254 973 2318 exivit:
1010 2262 1041 2318 et
1061 2251 1163 2338 iactus
1184 2261 1233 2333 est

93 2349 245 2446 tanquam
277 2365 440 2434 mortuns,
485 2353 568 2418 adeo
601 2361 638 2417 ut
667 2350 758 2418 marlti
789 2349 947 2432 dicerent,
988 2351 1142 2440 Mortuus
1175 2357 1236 2442 eslf

51 2504 53 2508 -
92 2455 149 2520 27.
181 2458 227 2524 Aa
255 2459 346 2525 lesus
375 2465 524 2543 correpta
549 2474 647 2519 manu
672 2453 775 2536 illius,
802 2455 899 2522 erexit
920 2474 1005 2535 euru,
1033 2453 1141 2523 atille
1161 2477 1233 2544 sur-

92 2559 189 2623 rexit.

22 2695 24 2720 l
152 2725 284 2798 ,LUG
305 2729 360 2796 IX.
403 2729 455 2797 37.
487 2729 620 2810 Factum
643 2737 694 2796 est
712 2737 817 2809 autern
839 2731 986 2818 sequenti
1008 2729 1076 2816 dia,
1099 2729 1233 2802 ducan-

96 2831 251 2900 dentibus
278 2829 343 2900 illis
372 2831 413 2898 de
439 2845 561 2914 monte,
575 2835 739 2901 succurrit
767 2833 818 2915 illis
844 2832 938 2917 turba
957 2833 1065 2917 rirulta.
1108 2836 1161 2904 38.
1189 2837 1234 2923 Et
1322 2849 1327 2854 '

97 2958 174 3002 ecce
198 2937 250 3001 vir
277 2933 318 3002 de
344 2935 438 3004 turba
452 2921 662 3017 'ercla'snavit,
684 2936 809 3017 dicens,
835 2928 1003 3026 Magister,
1031 2937 1235 3022 obsecrate,
1289 3003 1293 3009 .

98 3041 224 3130 respice
245 3038 287 3106 ad
307 3039 417 3131 filiurn
438 3062 553 3120 meum,
575 3033 650 3128 quia
671 3031 784 3109 unicus*
805 3050 854 3107 est
874 3031 961 3111 mibi.
1009 3041 1062 3108 39.
1094 3042 1138 3108 Et
1159 3061 1234 3109 ecce

100 3146 231 3230 spiritus
254 3142 464 3233 apprehendit
484 3165 571 3221 enan,
594 3151 625 3206 et
646 3141 756 3216 subito
773 3142 905 3225 selanus,
936 3155 967 3213 et
988 3143 1140 3239 discerpit
1161 3166 1235 3213 eunt

100 3266 173 3312 cum
187 3267 309 3334 spurtus,
331 3255 364 3312 et
383 3247 437 3314 vir
459 3243 595 3312 discedit
616 3243 658 3310 ab
673 3267 714 3312 eo
732 3245 887 3334 dilanians
902 3269 982 3322 eum.
1009 3247 1061 3315 40.
1070 3247 1112 3314 Et
1121 3250 1236 3336 rogavi

100 3347 282 3438 discipulos
310 3359 400 3428 tuos,
437 3359 485 3418 ut·
500 3351 652 3416 eiicerent
671 3348 776 3429 illum,
808 3360 839 3416 et
859 3359 1133 3438 nonpotuerunta
1181 3351 1235 3432 41.
1267 3432 1272 3440 x
1335 3409 1337 3421 ,

101 3453 319 3541 Respondeas
346 3464 451 3520 autem
477 3455 567 3519 Iesus
589 3449 692 3533 dixit,'
707 3452 740 3518 Ο
763 3455 851 3526 natio
873 3450 1014 3538 infidelis
1036 3463 1069 3521 et
1090 3451 1235 3547 diotone,

102 3577 208 3647 usque
230 3579 297 3644 qua
326 3579 383 3636 ero
405 3555 491 3646 apud
511 3576 587 3635 vos,
616 3565 647 3622 et
667 3559 771 3644 patiar
789 3559 870 3625 vos?
895 3556 1001 3624 adduc
1021 3556 1124 3628 filium
1144 3567 1237 3639 tuurn

103 3659 174 3753 buc.
224 3659 277 3726 42.
307 3660 416 3746 Quum
439 3668 543 3726 autem
566 3657 671 3748 adbuc
692 3659 871 3738 accederet,
897 3659 1028 3741 laniavit
1048 3661 1139 3734 illauu
1159 3657 1237 3730 daa-
1301 3733 1304 3740 ,

103 3766 263 3844 monium,
293 3773 324 3829 et
340 3761 529 3850 dissipavit:
562 3764 739 3851 increpavit
769 3773 872 3849 autem
899 3763 988 3836 lesus
1012 3759 1157 3853 spirituale
1177 3762 1237 3825 im-

105 3866 269 3948 mundum,
288 3875 323 3932 et
344 3869 467 3931 sanavit
487 3886 630 3952 puerum,
659 3877 690 3932 et
710 3865 850 3935 reddidit
872 3887 943 3932 eurn
965 3869 1049 3955 patri
1069 3883 1141 3936 suo.
1170 3859 1236 3952 -43,

108 3967 288 4063 Stupebant
308 3977 414 4044 autern
437 3987 547 4040 omues
570 3991 670 4058 super
690 3970 923 4060 magnificentia
942 3957 1015 4055 liei.

159 4151 165 4166 l
183 4201 260 4278 Quia
278 4199 392 4262 Marcus
411 4197 524 4288 plenior
543 4211 598 4276 eu,
619 4209 649 4260 et
666 4199 788 4285 singulas
805 4196 1021 4288 partesdiserte
1039 4187 1172 4272 explicat,
1190 4211 1244 4264 30.-⁴

107 4275 403 4419 aestuatus
419 4288 692 4434 annana
711 4264 1238 4430 tarnatenses
1346 4369 1348 4373 ,

408 4658 417 4693 l
