2796 4774
346 193 531 274 (rto-119,
574 166 621 254 oi
642 189 742 254 sunu
763 191 990 276 summost.)
1195 199 1235 262 ro

104 344 213 407 venisse
230 355 345 410 testatos
366 356 422 420 est,
440 355 472 406 ut
490 341 600 406 miseris
616 353 769 406 succurrat
808 343 938 406 Poenas
956 342 1123 426 exprimitur
1140 345 1172 410 in
1189 343 1233 412 his

105 421 212 498 verbis,
235 421 337 484 Mulier
359 421 474 482 liberata
497 439 540 481 es:
566 440 631 480 nam
651 441 711 502 pro
730 419 851 500 imperio
873 421 1071 510 liberationem
1094 423 1125 484 in
1149 445 1234 486 manu

104 510 150 558 sua
170 517 231 558 esse
246 498 418 577 pronuntiat.
457 495 545 558 Addit
563 507 657 556 tamen
678 506 824 557 externum
842 496 1011 578 symbolum,
1030 499 1066 560 de
1087 499 1234 564 cuius-usu

34 569 36 652 J
102 573 168 634 alibi
190 575 373 635 tractavimus.
420 573 507 648 Quod
525 575 620 634 Deum
646 569 785 655 glorificat
806 572 941 664 populus,
967 573 1022 636 huc
1052 576 1179 656 pertinet
1200 589 1235 639 nt

103 649 228 724 sciamus,
248 651 426 732 conspicuum
448 649 533 710 luisse
553 649 675 710 coeleste
696 648 873 712 beneficium.
913 651 981 712 Non
999 651 1055 712 luit
1072 651 1159 734 igitur
1179 651 1234 715 ob·

35 785 39 794 ,
102 749 214 787 scarum
238 725 346 806 aliquod
371 747 456 806 opos,
482 726 518 786 de
545 747 602 806 quo
649 737 723 786 osset
748 725 779 785 in
797 737 945 807 utramque
984 740 1073 790 artem
1092 729 1119 789 d·
1152 729 1233 806 utari,

34 865 35 870 ,
100 803 150 864 sed
170 802 241 882 quod
259 802 378 882 amplam
395 823 429 861 ac
450 813 555 862 certam
573 800 617 861 lau
652 801 700 861 ndi
712 801 768 864 Dei
786 803 932 866 materiam
986 816 1039 866 ret
1077 805 1126 866 Un
1147 827 1163 868 e
1182 826 1234 868 co-

99 879 243 961 gnoscitur
281 879 382 942 ravitas
400 877 526 960 magistri
543 897 713 962 synagogae.

90 957 94 974 ¹
173 959 217 1017 14.
255 901 321 1017 dea:
342 957 410 1022 dies
435 965 516 1015 sunt.
563 957 630 1015 Non
646 953 739 1014 'tudet
766 951 813 1015 bic
840 975 943 1016 censor
968 954 1115 1018 Christum
1141 956 1234 1039 palam

99 1052 129 1091 re
148 1029 321 1105 rehendere,
344 1031 394 1094 sed
413 1028 585 1092 morositatis
603 1049 667 1092 suae
689 1029 765 1090 virus
783 1027 838 1090 alio
858 1031 1015 1106 convertit,
1041 1029 1183 1094 Christum
1202 1033 1234 1094 in

99 1052 172 1189 vohi
192 1128 320 1184 persona
345 1107 460 1186 oblique
486 1107 627 1166 damnans.
667 1103 740 1165 Mira
762 1116 855 1166 autem
876 1105 996 1168 malitiae
1015 1108 1146 1170 vecordia
1170 1109 1233 1170 linita

98 1183 151 1243 Sex
169 1183 227 1246 dies
246 1183 338 1244 labori
358 1185 514 1244 destinatos
526 1194 587 1244 esse
605 1179 751 1242 admonet:
770 1181 818 1240 sed
838 1201 921 1262 quam
937 1203 1084 1273 perperam
1100 1194 1134 1244 et
1151 1185 1234 1246 stulte

34 1265 35 1286 ³
98 1258 160 1319 illud
179 1260 296 1340 operari
316 1260 422 1333 delinit,
446 1258 522 1339 quod
541 1256 673 1318 nonnisi
694 1278 742 1316 sex
761 1256 858 1318 diebus
900 1257 1070 1319 ermittrtur?
1093 1260 1153 1321 Cur
1171 1279 1235 1322 non

98 1335 177 1396 etiam
203 1337 238 1396 ab
259 1337 391 1418 ingressu
414 1359 426 1394 s
448 1354 577 1418 nagogae
601 1353 651 1394 eos
665 1344 758 1407 ercet,
780 1354 817 1394 ne
836 1279 989 1395 sabbatum
1007 1333 1133 1402 violent?
1173 1337 1235 1398 Cur

34 1439 38 1460 r
100 1431 204 1472 cessare
230 1432 293 1470 non
312 1411 392 1472 iubet
410 1355 447 1472 'ab
464 1411 594 1472 omnibus
613 1409 724 1501 pietatis
743 1409 900 1472 exercitiis?
931 1410 1041 1486 Quodsi
1059 1431 1075 1471 a
1096 1411 1151 1474 suis
1169 1424 1235 1474 tan-

97 1498 154 1548 tum
179 1509 197 1547 o
220 1487 318 1549 eribus
337 1485 523 1566 prohibentur
543 1485 673 1548 hommes
693 1485 887 1561 dieSabbati,
913 1507 996 1578 quam
1014 1487 1161 1570 indignum
1181 1498 1233 1564 est,

34 1629 35 1636 ἵ
96 1574 160 1624 tunc
187 1509 298 1645 alligari
324 1564 381 1626 Dei
429 1562 542 1624 retiam?
584 1561 692 1623 Venire
718 1561 799 1622 iubet
823 1562 882 1624 aliis
906 1562 1003 1626 diebus
1026 1564 1233 1646 adpetendam

34 1637 35 1648 ’
96 1641 251 1713 sanitatem,
272 1640 390 1720 quasis
427 1641 494 1700 bato
513 1639 604 1720 sopita
622 1637 712 1699 iaceat
731 1638 786 1698 Dei
806 1639 909 1712 virtus,
929 1659 962 1700 ac
980 1660 1040 1700 non
1059 1660 1120 1701 eam
1138 1641 1234 1724 potius

95 1714 140 1776 illo
161 1717 208 1777 die
232 1716 355 1778 maxime
381 1727 490 1778 exserat
508 1715 540 1776 in
555 1714 672 1776 salutem
691 1712 788 1806 populi
806 1715 857 1776 sui.
899 1715 1047 1792 Quorsum
1065 1716 1142 1776 euim
1161 1715 1233 1778 sacri

96 1803 264 1864 conventus,
284 1793 338 1855 nisi
359 1792 462 1854 utDei
485 1813 569 1871 opem
589 1803 618 1853 et
636 1789 766 1869 amulium
785 1789 941 1874 implorent
958 1790 1071 1854 fideles?
1109 1793 1234 1854 Perinde

34 1943 35 1946 Ἴ
97 1889 163 1950 ergo
180 1869 312 1950 loquitur
330 1869 502 1950 impius.iste
521 1866 682 1950 hypocrita,
708 1867 765 1928 acsi
789 1865 1049 1952 legitima'sabbati
1070 1867 1233 1931 observatio

96 1965 206 2007 cusum
226 1945 410 2028 abrumperet
426 1947 485 2008 Dei
499 1944 655 2020 beneficiis,
678 1942 809 2008 homines
828 1943 991 2013 excluderet
1013 1944 1048 2007 ab
1069 1945 1134 2010 cios
1148 1945 1233 2010 invo-

97 2020 213 2097 catione,
237 2033 267 2094 et
321 2023 390 2084 atine
409 2043 494 2085 seusu
512 2022 644 2102 privaret.
836 2044 892 2088 ’ϋ
1033 2047 1036 2054 ’
1072 2063 1073 2066 ¹
1117 2036 1119 2044 '
1158 2051 1160 2058 ¹

166 2102 216 2234 ἑὸ.
270 2042 480 2180 diruptisque
507 2119 599 2159 nonne
626 2107 688 2178 etc,
727 2096 826 2174 Quum
851 2097 986 2158 malitiam
1013 2097 1087 2160 adeo
1112 2111 1233 2160 crassam

95 2169 220 2307 plurius
245 2176 416 2258 argumentis
447 2164 578 2236 refellere
605 2183 769 2254 promptum
798 2178 884 2256 esset}
914 2172 1058 2234 hortano
1082 2185 1234 2237 comentur

107 2248 145 2306 uit
160 2249 299 2326 Christus,
318 2253 350 2313 Si
368 2250 502 2314 iumentis
520 2249 721 2310 humanitatem
737 2247 1021 2336 Sabbqto·«praestare
1039 2249 1235 2328 liceahprae·

95 2337 241 2402 posterum
265 2328 295 2386 in
318 2349 354 2388 co
374 2323 588 2407 cultum'fingi,
612 2345 651 2384 ne
676 2323 725 2381 filii
745 2324 804 2382 Dei¹
819 2334 986 2389 tententur.»
1009 2323 1163 2384 Caeterum
1181 2325 1234 2384 du-

34 2435 35 2470 3
93 2399 155 2478 pler
177 2402 209 2461 in
227 2403 323 2464 verbis
343 2401 451 2464 Christi
471 2411 516 2460 est
535 2397 723 2530 comparatio,
743 2397 950 2457 tumentium
970 2395 1183 2474 filiallbrahae,
1203 2411 1235 2462 et

34 2475 35 2500 ¹
93 2477 223 2556 capistri,
246 2499 303 2557 quo
326 2477 431 2559 ligatur
457 2476 550 2536 asinus
569 2495 605 2534 ve
634 2471 687 2558 bos
704 2471 739 2530 ad
758 2490 898 2560 praesepe·
916 2493 1012 2551 suum,
1028 2490 1099 2534 etun
1115 2475 1234 2548 Satanae

90 2551 228 2626 vinculis,
252 2550 505 2631 quibushomines
526 2548 558 2608 in
581 2547 695 2608 exituum
719 2557 999 2626 constrictostenet
1031 2551 1112 2626 ellos,
1128 2550 1233 2633 inquit,

90 2638 149 2687 tam
175 2627 334 2707 scrupulosi
358 2626 473 2688 Sabbati
499 2622 621 2686 cultores
644 2623 752 2684 audetis
775 2623 864 2686 boves
887 2635 921 2686 et
940 2625 1034 2688 asinos
1053 2621 1176 2704 solvere,
1200 2640 1234 2692 ut

91 2713 227 2762 anatum
248 2703 397 2780 ducantur,
422 2701 491 2762 mihi
515 2722 567 2762 cur
590 2721 651 2760 non
676 2698 774 2762 licebit
792 2703 963 2762 tantundem·
981 2703 1067 2765 officii
1090 2717 1233 2786 praestare

92 2725 189 2840 electo
209 2777 266 2839 Dei
286 2780 405 2860 populo,
425 2775 659 2862 praesertimubi
676 2777 767 2838 maior
785 2789 870 2860 urget
886 2779 1052 2856 necessitas,
1070 2802 1157 2861 quum
1177 2782 1233 2844 sci-

90 2853 158 2916 licet
182 2855 345 2917 liberandus
370 2868 412 2918 est
438 2855 572 2948 quispiam
596 2859 612 2914 a
633 2855 751 2916 Satanae
775 2852 898 2935 laqueis?
942 2854 1028 2932 Quan
1050 2869 1232 2925 uamautem

91 2933 202 3008 pudore
222 2931 363 2992 obmutuit
381 2933 483 3014 impius
501 2931 703 3013 reprehensor,
719 2931 845 2992 videmus
863 2943 967 3008 tamen,
987 2879 1096 3000 nullum
1118 2933 1237 3001 affini-r

91 3019 133 3068 sto
159 3007 268 3068 editum
291 3009 379 3072 luisse.
401 3021 458 3070 tam
481 3008 656 3089 praeclarum
681 3027 768 3089 opus,
794 3005 870 3088 quod
893 3028 954 3068 non
977 3018 1113 3088 raperent
1131 3009 1165 3069 ad
1181 3019 1239 3080 tha,

91 3081 226 3147 lumniam
245 3085 377 3166 improbi.
416 3085 600 3146 Necmirum
621 3083 644 3144 si
670 3083 748 3144 omni
772 3083 864 3144 studio
889 3095 918 3144 et
943 3096 1046 3144 conatu
1068 3081 1135 3144 buc.
1148 3085 1232 3145 inon-

92 3158 152 3219 buit
172 3162 275 3235 Satan,
304 3173 336 3220 ut
357 3161 463 3222 Christi
483 3159 602 3242 gloriam
628 3163 821 3240 perverteret,
846 3159 893 3240 qui
920 3179 980 3218 non
1006 3170 1094 3222 cessat
1115 3159 1231 3223 nebulas

92 3256 151 3297 suas
172 3237 280 3297 assidue
299 3259 440 3320 spargere,
461 3237 561 3316 quibus
582 3247 678 3296 sancta
694 3235 819 3296 fidelium
835 3255 922 3326 opera
938 3235 1080 3296 obscuret.
1119 3237 1231 3298 Notan-
1336 3269 1343 3288 ·

92 3311 157 3372 dum
177 3311 257 3392 quod
273 3312 405 3374 Abrahae
425 3313 479 3374 filia
505 3335 521 3372 a
542 3311 669 3374 Christo,
687 3323 822 3387 vocatur,
846 3333 924 3372 curus
949 3332 1051 3392 corpus
1070 3331 1123 3392 per
1140 3334 1231 3376 annos

93 3389 253 3450 octodecim
269 3390 388 3468 Satanae
407 3387 596 3468 mancipatum
621 3391 728 3450 suerat:
752 3409 808 3449 nec
827 3399 937 3447 tantum
955 3397 1093 3470 respectu
1126 3391 1229 3466 enoris,

94 3465 327 3542 quemadmodum
349 3465 444 3527 Iudaei
466 3479 564 3526 omnes
604 3464 744 3525 romiseue
763 3463 965 3556 superbiebant
984 3463 1040 3524 hoc
1059 3409 1156 3543 titulo,
1181 3468 1231 3540 sed

94 3539 154 3619 quia
175 3561 210 3601 ex
229 3535 304 3602 veris
324 3553 354 3604 ct
395 3541 504 3604 eatinis
519 3487 661 3602 Ecclbsiae
679 3539 813 3601 membris
836 3552 904 3618 erat.
930 3538 988 3601 Ubi
999 3539 1081 3602 etiam
1093 3543 1230 3634 perspici-

95 3634 164 3690 mus,
185 3617 261 3696 quod
280 3618 364 3679 docet
373 3563 475 3682 laulus
494 3617 529 3692 (l.
543 3617 650 3690 Corlb,
662 3615 714 3692 5.),
735 3615 869 3696 quosdam
878 3617 997 3678 Satanae
1015 3618 1087 3679 tradi
1097 3642 1128 3680 ru
1138 3617 1230 3682 camb

95 3685 249 3768 interitum,
269 3705 301 3754 ut
319 3695 432 3776 spiritus
451 3695 481 3753 in
501 3693 545 3754 die
556 3692 675 3754 Domini
694 3690 784 3752 salvus
804 3691 860 3754 fiat.
898 3691 937 3754 Et
954 3705 1011 3774 tem
1034 3695 1091 3758 oris
1110 3695 1232 3776 spatium¹

93 3765 233 3844 admonet,
255 3771 379 3850 quamvis
397 3769 516 3833 miseriis
532 3769 639 3838 uostris
656 3789 717 3832 nou
735 3767 829 3848 statim
842 3771 986 3834 medeatur
1027 3771 1149 3849 omium,
1168 3788 1231 3831 nort

93 3850 187 3906 umen
207 3865 268 3908 esse
285 3847 498 3928 desperandum.

175 3995 275 4080 (117.)
299 3998 499 4068 ouoxtu.
526 3999 578 4065 31.
594 3983 995 4095 notemjateaceessemnt
1009 3991 1229 4098 quitantur,
1282 4009 1286 4034 ι

95 4097 285 4180 risaeornnu
307 4102 451 4182 dicentes
464 4102 521 4184 illi,
542 4103 611 4182 Exi,
635 4113 667 4170 et
686 4101 769 4169 vade
790 4104 877 4171 hino:
901 4106 976 4191 quia
986 4097 1136 4168 Herodes
1158 4097 1231 4167 vult

95 4207 125 4264 te
147 4201 307 4320 oceidqre.
351 4205 404 4270 32.
426 4205 469 4272 Et
489 4208 532 4274 ait
552 4203 626 4282 illis,
648 4205 704 4284 lte,
726 4203 822 4274 dicite
842 4203 933 4292 vulpi
954 4203 1011 4285 illi,
1032 4187 1228 4273 Eooeeiioio

96 4299 277 4386 daemoma,
300 4315 331 4374 et
356 4309 505 4377 sanitates
532 4305 666 4395 perficio
687 4305 788 4378 hodie
815 4317 850 4390 et
875 4324 965 4384 eras,
992 4313 1034 4370 et
1051 4307 1145 4374 tertia
1165 4292 1229 4372 xdie
1338 4339 1345 4357 ι

120 4401 209 4450 calmi
222 4415 341 4457 comment
355 4408 380 4456 tn
394 4405 526 4457 flamrssv'.
548 4406 595 4452 vol.
609 4405 639 4450 Π.
712 4423 715 4430 ’
1008 4388 1030 4446 3
