2790 4764
197 269 238 332 8⁴3
427 266 537 329 SECT.
561 265 641 328 xlv.
682 263 852 328 macone
870 277 911 326 nr
932 281 1106 328 carnosas.
1152 351 1156 364 Ι

199 437 259 484 me.
302 413 334 485 9.
356 416 423 486 Sed
444 419 561 488 nona
583 437 635 484 me
656 416 774 498 colunt,
789 373 949 486 docentes
970 415 1141 498 mermes,
1158 427 1319 510 praecepta

50 541 57 552 ·
146 549 148 554 ·
197 521 372 586 hominum.
418 557 422 566 ι
1186 573 1189 582 .

282 721 421 794 MARG
443 725 515 800 vu.
566 725 596 792 l.
626 725 669 792 Et
697 725 893 792 conveniunt
918 723 961 790 ad
987 742 1060 792 eum
1086 727 1262 808 Pharisaei,
1294 734 1324 792 et

199 825 329 916 quidam
351 827 392 894 de
414 825 551 907 Scribis,
578 827 635 916 qui
653 835 807 922 venerant
826 825 1068 916 Hierosolymis.
1111 829 1142 896 2.
1164 830 1207 896 Et
1227 850 1323 916 quum

86 1007 90 1020 .
182 929 355 1010 ¹vidissent
381 929 539 1018 quosdam
565 950 604 996 ex
628 927 795 1015 discipulis
822 932 892 996 eius
920 928 1144 1000 communibus
1168 933 1324 1012 manibus,

198 1032 232 1100 id
252 1043 301 1100 est
321 1031 430 1114 illotis,
452 1032 677 1122 ederc·paues,
697 1030 921 1116 (incusabant).
946 1033 977 1099 3.
999 1032 1082 1098 Nam
1103 1033 1273 1118 Pharisaei,
1294 1041 1325 1100 et

190 1139 307 1206 'ornnes
334 1133 459 1218 ludaei,
493 1123 556 1210 uisi
584 1129 698 1202 crebro
725 1133 862 1204 laverint
882 1154 1007 1216 manus,
1035 1157 1103 1204 non
1128 1141 1258 1230 capiunt
1281 1140 1325 1203 ci-

194 1238 280 1321 bum,
302 1247 445 1308 tenentes
467 1239 609 1304 instituta
630 1240 800 1306 maiorum:
830 1239 874 1304 .4.
903 1237 946 1304 Et
966 1261 985 1304 a
1006 1237 1080 1308 ioro
1101 1243 1237 1320 reversi,
1259 1240 1324 1312 uisi

184 1344 253 1409 loti
274 1343 404 1422 luerint,
434 1361 502 1406 nou
524 1339 707 1408 comedunt:
742 1344 776 1406 'et
798 1339 859 1412 alia
880 1341 978 1414 multa
999 1351 1089 1419 sunt,
1111 1364 1193 1431 qnae
1215 1365 1323 1410 susce*

163 1445 166 1450 ’
193 1455 309 1536 uerunt
335 1441 508 1520 servanda,
541 1464 654 1532 nempe
683 1441 822 1510 lotiones
852 1442 1062 1530 poculorum,
1087 1456 1122 1512 et
1141 1467 1323 1544 urceorum,

25 1589 30 1602 .
77 1529 79 1536 ’
139 1531 142 1549 '
193 1556 513 1621 decrementorum,
546 1557 577 1611 et
597 1544 765 1614 lectorum..
806 1543 840 1609 d.
880 1544 1009 1614 Deinde
1029 1551 1232 1640 interrogant
1248 1572 1322 1616 euru

84 1671 96 1714 r
128 1703 130 1714 .
191 1649 354 1716 Pharisaei
376 1659 408 1715 et
429 1645 570 1726 Scribae,
592 1647 703 1748 Quare
725 1644 874 1734 discipuli
896 1651 942 1714 tui
964 1671 1031 1718 non
1052 1651 1215 1743 ambulant
1233 1655 1323 1720 iuxta

55 1785 58 1792 ,
127 1799 131 1808 ,
191 1755 366 1817 seniorum
386 1749 604 1828 traditionem,
648 1745 707 1816 sed
742 1747 843 1816 illotis
877 1750 1024 1820 manibus
1058 1753 1158 1840 edunt
1186 1757 1323 1844 panem?

95 1857 99 1862 '
189 1854 220 1919 6.
252 1856 295 1918 At
316 1852 371 1916 ille
392 1849 592 1938 respondens
616 1847 695 1914 dixit
717 1851 777 1928 eis,
811 1851 902 1918 Bene
922 1855 1111 1920 vaticinatus
1132 1868 1181 1922 est
1200 1857 1322 1924 lessies

119 1971 120 1976 ’
190 1953 231 2020 de
255 1951 351 2020 vobis
379 1955 572 2042 hypocritis,
600 1953 682 2016 sicat
709 1953 859 2040 scriptum
887 1963 948 2034 est,
982 1949 1125 2044 Populos
1147 1957 1199 2024 hic
1222 1957 1322 2027 labiis

188 2079 240 2123 me
265 2057 429 2148 honorat,
447 2076 504 2120 cor
529 2062 632 2151 autem
654 2073 766 2118 corum
788 2053 887 2140 longe
909 2065 958 2122 est
978 2078 996 2124 a
1018 2079 1077 2126 me.
1107 2059 1152 2128 ’7.
1185 2059 1322 2138 Frustra

159 2171 292 2226 -autem
320 2181 371 2226 me
396 2157 524 2232 coluut,
555 2157 708 2223 docentes
722 2154 914 2238 doctrinas,
944 2171 1113 2250 praecepta
1137 2163 1318 2232 'lromiunuc

109 2322 112 2330 .
189 2263 220 2330 8.
252 2263 333 2328 Nam
361 2265 481 2330 omisso
508 2269 680 2348 praecepto
702 2258 780 2338 Dei,
801 2262 914 2326 tenetis
934 2265 1194 2332 constitutionem
1215 2261 1320 2355 h'omi‘-

187 2389 280 2444 uum,
302 2387 472 2462 urceorum
493 2361 677 2449 ablutiones
698 2371 730 2428 et
751 2361 961 2450 poculorum,
982 2361 1109 2456 aliaque
1129 2367 1179 2438 his
1199 2371 1318 2440 similia

187 2469 292 2534 facitis
313 2469 421 2535 multa.
465 2469 497 2533 9.
531 2465 572 2532 Et
593 2463 720 2532 dicebat
740 2464 819 2544 illia,
848 2465 938 2532 Bene
958 2470 1088 2534 reiicitis
1111 2484 1316 2559 pracceptum

161 2570 266 2650 ’Βοὴ
301 2579 338 2636 ut
359 2571 621 2638 constitutionem
651 2578 787 2646 vestram
815 2571 955 2636 servetis.
1008 2570 1058 2637 lo.
1093 2569 1206 2654 Moses
1229 2579 1316 2644 enirn

187 2667 271 2746 dixit,
293 2670 428 2736 Honora
448 2681 570 2757 patrem
594 2682 682 2737 tuum
705 2681 736 2736 et
757 2681 888 2738 matrem
909 2683 1007 2740 tuam:
1052 2684 1097 2756 et,
1129 2675 1199 2763 Qui
1213 2655 1315 2746 'ruale-

186 2767 301 2835 dixerit
322 2774 404 2856 patri
425 2771 478 2836 vel
500 2777 607 2851 matri,
623 2781 739 2886 morte
760 2774 922 2840 moriatur.
964 2777 1024 2857 Jl.
1046 2777 1116 2845 Vos
1138 2760 1241 2844 autem
1262 2781 1314 2846 dis

185 2874 265 2950 citis,
287 2870 324 2936 Si
346 2869 461 2936 dixerit
482 2870 579 2938 homo
602 2874 687 2958 pati
706 2869 758 2936 vel
778 2876 880 2952 matri,
903 2875 1038 2944 Corbau
1059 2863 1161 2966 (quod
1183 2893 1231 2947 est
1252 2881 1313 2950 do.

138 3003 142 3013 ’
184 2979 292 3058 num),
313 2972 529 3072 quodcunque
553 2993 662 3046 exme
684 2983 740 3050 est,
761 2972 821 3039 tibi
846 2976 999 3066 proderit.
1064 2982 1115 3048 12.
1158 2983 1200 3050 Et
1226 2985 1327 3054 ultra*

118 3094 125 3104 ·
183 3099 252 3146 nou
280 3078 384 3146 sinitis
412 3096 493 3158 tetam¹
508 3079 678 3166 quicquam
706 3075 812 3146 lacere
837 3081 920 3170 petri
946 3103 1006 3152 suo
1035 3083 1090 3176 vel
1111 3087 1203 3172 matri
1222 3109 1310 3156 suae.

94 3221 98 3228 ·
184 3179 235 3248 13.
268 3181 396 3246 Irritum
425 3177 575 3244 iacientes
601 3177 735 3246 verbum
761 3179 825 3248 Dei
853 3205 912 3270 per
939 3181 1141 3258 traditionem
1161 3199 1309 3272 vestram,

172 3301 276 3376 ¹quam
297 3271 484 3350 tradidistis:
512 3288 543 3346 et
564 3279 679 3354 similia
701 3282 887 3382 huiusmodi
907 3285 1005 3356 molta
1025 3285 1137 3362 facitis.

255 3525 356 3616 Mattn.
379 3527 406 3589 l.
442 3523 602 3618 'Accedaaat'
628 3529 672 3588 od
696 3525 804 3592 Iesum:
849 3529 924 3608 Quia
949 3532 998 3598 lie
1025 3536 1123 3598 vitium
1149 3540 1305 3624 corrigittu

92 3651 97 3658 .
124 3631 129 3640 ·
179 3619 239 3692 non
261 3623 355 3664 manus
383 3621 500 3688 nonum
519 3625 601 3686 quam
624 3605 754 3690 algare,
778 3607 857 3670 locus
878 3623 924 3674 est
942 3611 1094 3675 observatu
1114 3615 1303 3697 dignissimus.

179 3677 328 3752 Videmus,
353 3689 456 3759 quanta
474 3678 504 3739 in
523 3681 633 3742 ratione
652 3695 683 3744 et
700 3685 787 3744 modo
807 3685 919 3748 colendi
937 3688 994 3748 Dei
1012 3689 1050 3750 sit
1067 3689 1213 3753 hominum
1231 3715 1303 3786 pro-

178 3754 279 3814 tervia:
303 3773 396 3815 novos
415 3755 490 3814 enim
510 3757 599 3817 cultus
617 3757 735 3821 subinde
754 3759 932 3845 confingunt,
952 3776 980 3825 et
1000 3763 1058 3845 quo
1076 3767 1192 3848 quisque
1209 3771 1302 3831 videri

178 3829 239 3890 wli
262 3829 428 3904 scientior,
456 3853 537 3892 suum
551 3854 679 3907 ¹aeramen
695 3836 732 3898 in
754 3836 808 3898 hac
831 3851 910 3917 parte
933 3851 1064 3904 caunac
1106 3845 1174 3904 Non
1193 3845 1231 3906 de
1250 3867 1302 3906 ex·

177 3852 329 3996 tfmeisqo
350 3927 416 3982 uor,
434 3907 538 3998 tedjlt
554 3907 620 3990 ipsis
636 3910 777 3978 Ecclesiae
795 3913 968 3990 domesticis,
987 3939 1058 4000 quos
1077 3920 1156 3984 Deus
1195 3921 1300 3986 aeolia-

175 3994 245 4041 rrter
262 3981 317 4054 hoc
331 3927 448 4044 tunore
465 3981 593 4076 dignatus
614 3997 669 4063 est,
693 3999 727 4048 ut
747 3989 858 4068 pietatis
877 4015 909 4053 re
1021 4015 1073 4058 ore
1091 4017 1143 4058 suo
1192 3993 1299 4062 cutim

175 4053 303 4119 habeant.
345 4061 530 4138 Praescrrps'rt
553 4061 645 4137 Deus,
672 4064 793 4144 qualiter
815 4085 832 4126 a
855 4069 938 4130 uobis
963 4069 1019 4132 coli
1041 4069 1123 4147 velit,
1147 4093 1180 4134 ac
1199 4073 1298 4153 perfa-

48 4155 69 4204 χ
176 4140 249 4192 ctera
269 4135 443 4198 emetitatena
457 4135 540 4222 'Lege
557 4158 606 4200 sua
624 4139 787 4220 complexus
806 4153 857 4203 ert.
897 4147 978 4208 Bona
995 4167 1073 4228 pars,
1092 4169 1234 4229 quasnres
1251 4148 1298 4211 le-'

90 4265 92 4272 Α
174 4201 215 4260 vis
233 4208 270 4266 sit
289 4224 319 4270 et
335 4211 443 4304 irivola,
464 4212 655 4304 ohsequilleo
675 4234 707 4276 ac
726 4213 839 4278 servare
857 4221 936 4300 quod
952 4225 1044 4301 praeci
1065 4224 1095 4298 it,
1114 4217 1296 4286 multa'addi-

84 4323 86 4333 ,
170 4282 304 4414 :glum
319 4285 473 4426 hrucffiame
497 4287 549 4424 {br
565 4289 689 4380 arcessit.
730 4288 791 4383 Qui
810 4295 975 4385 aumomtate
994 4319 1033 4382 po
1054 4311 1112 4377 eut,
1132 4295 1296 4390 commenta

303 4380 359 4420 unc
435 4385 500 4428 mo
521 4365 650 4442 trudunt,
668 4389 748 4448 quaer
764 4367 867 4450 allqurd
885 4372 1006 4435 habeant
1027 4374 1180 4456 pertesum
1198 4378 1309 4442 verbo.
