2796 4774
192 241 250 306 364
407 227 519 301 8ῈΕΤ.
538 234 618 296 xlx
656 243 783 296 cunam
801 241 973 330 usssrpur
990 241 1086 289 nous.
1109 218 1122 241 '¹

193 413 228 454 es
245 389 319 454 urbe
337 389 417 472 qnasi
436 387 583 470 iudignum
601 383 747 446 bominum
765 380 927 452 consortio,
954 389 988 438 ut
1010 398 1062 438 nos
1081 374 1111 434 in
1130 370 1262 433 coeleste
1275 391 1322 430 re·

233 490 282 528 um
305 489 387 528 suum
412 487 476 526 enm
498 461 606 546 augelis
630 459 755 542 recipiat.
806 459 875 518 ldeo
899 453 1054 535 Apostolus
1084 452 1112 511 in
1139 448 1273 528 Epistola
1291 448 1322 505 ad
1374 497 1375 504 ,

227 544 344 606 ebraeus
366 543 434 618 (13,
460 540 520 616 12)
544 540 579 600 ad
603 549 729 600 veterem
753 535 823 596 Lr’
860 533 979 616 figuram
1009 531 1064 590 boe
1086 525 1185 589 relert.¹
1232 523 1321 584 Sicuti
1374 533 1375 602 J

196 620 271 684 enim
289 619 406 680 iubebat
423 619 502 678 Deus
520 628 598 676 extra
617 626 706 674 rastra
724 633 789 674 eom
810 610 852 672 uri
870 607 1029 669 ani-alium
1048 623 1180 684 corpora,
1200 621 1321 680 quornm
1374 607 1375 646 t

195 696 306 780 sanguis
324 715 377 774 pro
400 695 560 775 expiatione
579 691 609 750 iu
627 689 819 751 Monetium
839 683 1022 745 inserebatur:
1049 682 1089 740 ita
1109 679 1258 740 Christum
1281 676 1321 733 di-

196 775 236 835 rit
255 793 398 854 egressum
420 791 481 830 esse
500 789 534 830 ex
551 779 633 850 porta
651 766 741 839 urbis,
760 776 793 823 ut
811 774 935 842 suscepta
953 756 1159 827 maledictione,
1178 757 1250 832 quae
1269 773 1320 811 uos
1366 779 1368 786 ·

196 848 365 932 premebat,t
387 847 466 926 quasi
489 843 647 906 reiecticius
671 843 767 914 lieret,
790 853 875 920 atque
902 837 956 898 hoc
975 835 1063 894 modo
1084 833 1209 912 expiaret
1228 841 1321 890 uonra

196 935 320 1008 peccata.
359 924 431 998 Quo
451 933 543 982 autern
563 920 624 1002 plus
642 917 814 1002 ignominiae
831 913 984 998 probrique
1002 931 1099 972 eoram
1117 907 1223 967 muodo
1241 903 1321 965 susti·

152 1033 160 1059 s
196 1000 271 1074 nuit,
302 1019 337 1060 eo
360 999 470 1082 gratius
494 1009 523 1060 et
546 995 664 1058 nobilius
689 995 719 1054 in
738 1007 831 1054 morte
855 1013 902 1052 sua
919 991 996 1058 Dan,
1010 998 1040 1048 et
1062 1007 1097 1047 an
1121 984 1169 1044 elis
1194 980 1322 1061 praebuit
1372 991 1373 1038 ἶ

196 1075 394 1172 methodum.
435 1076 535 1154 Neque
554 1072 629 1136 enim
650 1069 831 1154 obstititloci
851 1067 983 1140 loeditas,
1007 1063 1075 1146 quiu
1093 1005 1150 1123 illic
1168 1058 1322 1142 gloriosum

197 1154 333 1216 victoriae
351 1169 419 1214 suae
437 1161 585 1230 tropaeum
605 1145 741 1240 eriqeret:
771 1165 865 1238 neque
885 1143 979 1204 foetor
996 1139 1176 1216 cadavertl'm,
1200 1153 1272 1215 quae
1291 1132 1321 1191 il·
1374 1183 1375 1210 ζ

197 1227 234 1292 lic
254 1229 395 1300 iacebant,
422 1226 571 1307 quominus
592 1245 680 1286 susus
699 1221 826 1284 sacrificis
850 1219 909 1282 eius
931 1218 1005 1280 odor
1022 1217 1148 1300 spiraret·
1160 1233 1211 1294 per
1229 1222 1321 1270 totum
1374 1217 1375 1282 ζ

198 1307 312 1379 orbem,
332 1316 363 1365 et
380 1303 412 1362 in
433 1301 543 1364 coelum
560 1321 651 1381 usque
669 1309 838 1381 penetraret
1374 1287 1375 1316 ³

233 1381 240 1426 ’ν
272 1385 320 1444 34.
351 1381 502 1440 Desierunt
522 1382 550 1438 ei
570 1388 697 1454 oretum.
740 1375 908 1454 Quanquam
927 1391 987 1432 uon
1005 1369 1043 1429 itu
1064 1366 1173 1428 curiose
1191 1363 1321 1444 digerunt

199 1457 394 1540 Evangelistau
423 1453 531 1538 singula
554 1475 679 1534 qaueque
710 1451 810 1512 ordine
836 1470 902 1524 suo,
927 1459 971 1506 ut
1000 1444 1091 1506 notari
1114 1454 1194 1504 serto
1221 1449 1322 1519 queant

199 1547 359 1614 temporum
379 1545 535 1592 momenta:
556 1551 612 1612 ego
631 1545 724 1590 tamen
741 1525 879 1608 probabili
898 1523 1007 1584 ratione
1027 1519 1157 1593 couiioio,
1175 1527 1322 1594 antequam
1374 1505 1375 1530 ¹

201 1610 348 1672 tolleretur
370 1610 401 1668 iu
422 1629 534 1668 erucem
558 1609 711 1680 Dominus,
767 1624 798 1663 ro
826 1623 906 1662 more
931 1609 1091 1680 porrectum
1121 1615 1155 1655 ex
1184 1591 1271 1653 calice
1299 1589 1322 1650 ei

200 1687 285 1748 luisse
303 1685 479 1768 myrrhatum
497 1687 608 1760 viuum,
632 1683 676 1743 vel
695 1625 892 1762 qualiscunque
916 1675 1001 1735 luerit
1023 1673 1155 1744 mixtura,
1180 1689 1264 1748 quam
1291 1689 1321 1726 ex
1374 1715 1375 1732 ,

132 1779 136 1788 ’
200 1761 267 1824 lelle
292 1781 407 1842 quoque
436 1772 465 1820 et
492 1773 573 1824 aceto
604 1759 762 1834 consectam
789 1755 875 1832 luisse
897 1763 984 1834 patet.
1022 1749 1094 1810 Satis
1120 1747 1232 1826 quidem
1251 1744 1323 1802 iuter
1374 1799 1375 1806 ,

200 1857 299 1898 omues
318 1835 380 1896 lere
399 1837 568 1926 interpretes
587 1834 735 1908 convenit,
761 1833 897 1894 diversam
922 1827 1005 1888 luisse
1030 1825 1102 1886 hanc
1120 1823 1273 1904 potionem·
1290 1819 1321 1876 ab
1374 1849 1375 1886 3

201 1912 346 1986 ea,'ouius
367 1911 495 1970 meminit
513 1913 643 1980 loannes,
663 1923 692 1971 et
710 1911 746 1970 de
786 1931 819 1968 ua
836 1907 918 1968 etiam
935 1903 1099 1985 paulopost
1118 1899 1230 1958 dicetur.
1255 1895 1322 1955 Hoc
1374 1943 1375 1954 ,

199 1999 310 2050 tautum
329 1987 416 2075 addo,
435 1985 503 2044 mihi
522 1986 610 2046 videri
629 1985 714 2046 luisse
733 1931 859 2045 oblatum
879 1981 992 2044 calicem
1010 1977 1151 2049 Domino,
1170 1995 1256 2052 quum
1278 1992 1322 2031 es-
1374 1971 1375 1976 ’

200 2075 244 2126 set
262 2061 481 2148 crucifigendum
525 2073 651 2142 ostquam
672 2081 743 2122 vero
766 2081 834 2122 crux
848 2060 883 2119 in
902 2056 1019 2119 sublime
1038 2065 1132 2115 erecta
1149 2049 1217 2124 luit,
1252 2059 1320 2106 tunc

200 2139 313 2204 demum
337 2140 486 2224 spongiam
503 2084 594 2202 luisse
615 2133 763 2222 iogeslam.
803 2136 927 2211 Quando
952 2146 1045 2202 autem
1071 2142 1168 2210 potum
1187 2124 1343 2203 inceperit,

201 2229 312 2300 petere,
332 2217 414 2278 anxie
433 2238 493 2278 uon
511 2217 637 2306 disputo:
655 2214 678 2276 si
696 2227 789 2274 tamen
808 2213 902 2275 omnia
922 2212 996 2270 iuter
1014 2211 1045 2268 si
1065 2203 1244 2275 mutuatam,
1265 2222 1317 2259 uou
1374 2249 1375 2266 2

201 2295 323 2356 alienum
343 2305 386 2354 est
401 2299 420 2353 'a
439 2293 558 2366 ratione,
577 2299 725 2374 postquam
742 2299 917 2351 recusaverat
932 2305 1050 2346 amaram
1070 2281 1142 2352 illam
1162 2277 1317 2346 conlectio·
1374 2313 1375 2330 r

203 2393 283 2446 uem,
303 2371 422 2432 subinde
440 2369 551 2430 ludibrii
569 2391 651 2430 causa
670 2367 709 2428 illi
729 2367 813 2428 fuisse
832 2365 985 2425 obtrusum.
1027 2361 1099 2420 Nam
1118 2369 1219 2438 postea
1237 2352 1316 2418 subii·
1374 2383 1375 2388 κ

204 2448 259 2510 ciet
279 2449 450 2519 Matthaeus,
470 2446 573 2507 milites
593 2446 669 2506 inter
708 2451 786 2506 otum
805 2441 924 2506 damlum
945 2435 1138 2518 exprobrasse,
1163 2432 1240 2512 quod
1257 2449 1316 2490 sea
1374 2409 1375 2480 l

203 2535 297 2584 morte
315 2524 426 2602 eripere
446 2545 503 2582 uon
543 2534 626 2582 osset.
665 2467 761 2594 illude,
772 2517 943 2602 colligimus,
965 2512 1088 2576 obiecto
1113 2508 1254 2580 remedio,
1283 2507 1316 2562 ri·
1374 2501 1375 2516 ¹

204 2600 272 2666 sisse
292 2597 330 2658 im
354 2599 488 2674 otentiam
521 2599 625 2671 bristi,
644 2598 707 2677 quia
727 2603 895 2678 conquestus
914 2591 1005 2652 luerat
1019 2611 1050 2650 se
1068 2587 1170 2648 aveo
1190 2583 1318 2643 relictum.

96 2669 103 2690 ⁸
205 2675 294 2749 Quod
310 2619 351 2734 al
368 2675 483 2734 Ioannis
501 2674 646 2733 historiam
664 2686 784 2754 spectat,
804 2691 890 2732 unum
909 2669 965 2728 hoe
983 2679 1082 2737 tenere
1100 2661 1221 2735 sufficit,
1241 2657 1316 2720 Chri-

202 2761 278 2810 stum
301 2749 335 2808 ad
358 2747 501 2810 levandam
526 2749 601 2812 sitim
625 2771 657 2810 ro
679 2771 751 2820 asse,
783 2761 814 2813 ut
836 2747 890 2810 sibi
912 2745 1025 2806 daretur
1050 2737 1207 2801 communis
1232 2745 1317 2816 potus,
1374 2743 1375 2756 ¹

204 2832 315 2885 acetum
340 2845 410 2885 vero
431 2825 543 2906 myrrha
567 2838 597 2886 et
620 2770 683 2886 selle
703 2827 819 2886 mixtum
842 2813 1161 2884 accelerandae.mortis
1185 2833 1264 2874 causa
1286 2809 1323 2868 illi
1374 2813 1375 2850 t

204 2897 469 2993 obtrusumduisse.
494 2901 595 2993 ·lltqui
614 2904 753 2982 patienter
774 2900 882 2981 ferebat
900 2917 965 2959 suos
984 2896 1139 2968 cruciatus,
1152 2901 1202 2950 *nt
1220 2886 1318 2949 doloris

205 2980 299 3042 taedio
324 2989 423 3046 mor-trs
447 2978 653 3040 festinationem
676 2977 793 3040 minime
819 2985 971 3056 expeteret.
1017 2972 1090 3032 Nam
1120 2982 1157 3028 et.
1171 2968 1239 3039 aare
1262 2983 1318 3043 Ρ3η

205 3053 343 3192 sacrificifif
351 3066 380 3118 et
398 3054 575 3116 obedieutiae
594 3055 653 3128 elus
673 3061 746 3130 erat,
759 3053 906 3190 lanquoris
925 3067 1032 3141 moram
1047 3046 1085 3106 ad
1104 3052 1259 3136 eptrem'um
1277 3060 1319 3098 us-
1374 3067 1375 3078 κ

128 3271 131 3276 ,
208 3143 412 3284 ll‘riiai‘ii
435 3121 1319 3282 ltttdlttttt‘{tatt‘trtttttfftitttttttts
1374 3201 1375 3254 ι

209 3293 257 3372 est·
272 3303 370 3374 eorum
390 3285 567 3360 coniectura,
592 3286 640 3365 qui
659 3297 757 3366 putant
815 3337 816 3340 ,
871 3277 977 3339 otionis
992 3289 1083 3360 genus
1102 3272 1243 3356 egereodo
1262 3289 1319 3328 sau·
1374 3281 1375 3308 ³

199 3378 288 3440 gutur
312 3373 406 3438 aptum
429 3359 527 3436 fuisse,
561 3373 591 3422 et
611 3362 676 3425 ideo
695 3362 764 3438 male
829 3303 902 3438 ‚liri
924 3353 1051 3427 solitum,
1079 3364 1135 3430 quo
1159 3369 1233 3408 mors
1253 3347 1319 3426 ipso-

209 3454 272 3494 rum
292 3447 365 3494 esset
387 3435 518 3498 celerior:
538 3438 602 3498 ideo
622 3438 733 3504 Marcus
753 3432 798 3496 vio
822 3456 847 3496 ru
866 3431 1040 3512 myrrhatum
1057 3425 1186 3510 appellat.
1226 3422 1320 3484 Caete·
1373 3451 1375 3464 ‹

209 3531 273 3569 rum
298 3509 426 3600 Ghristus
450 3513 698 3594 (quemadmodum
722 3532 814 3590 nuper
840 3508 951 3590 attigi),
979 3525 1039 3564 non
1059 3501 1122 3563 'mm
1147 3498 1320 3562 amaritudine
1374 3507 1375 3542 ἵ

209 3584 336 3646 oliensus
357 3607 452 3647 vinnm
475 3590 521 3650 vel
543 3603 653 3650 acetum
672 3589 791 3668 respuit,
820 3593 901 3666 quam
920 3594 953 3657 ut
972 3581 1149 3659 ostenderet,
1177 3599 1210 3644 se
1225 3575 1321 3659 placide
1358 3603 1364 3626 .

209 3661 363 3753 secundum
381 3661 473 3754 Patris
491 3667 650 3750 mandatum
668 3665 703 3724 ad
722 3676 844 3724 mortem
864 3658 1022 3751 progredi,
1040 3679 1063 3716 o
1114 3667 1222 3716 -autem
1244 3653 1322 3732 impa-
1374 3685 1375 3694 κ

190 3749 308 3830 treuna
331 3736 435 3830 doloris
458 3741 639 3826 praecipitem
664 3761 755 3800 mere.
804 3741 865 3798 Nec
889 3735 982 3796 obstat
1009 3754 1066 3814 quo
1110 3733 1179 3793 dicit
1200 3731 1321 3798 Ioannes,
1374 3715 1375 3794 l

210 3815 360 3892 impletam,
372 3815 457 3876 luisse
476 3813 663 3900 Scriptumm,
681 3819 713 3875 in
731 3820 785 3876 siti
803 3836 869 3874 meo
883 3821 1028 3892 poterunt
1048 3832 1094 3869 me
1112 3819 1196 3869 aceto
1216 3809 1274 3884 (Ps.
1284 3805 1322 3870 691

212 3893 286 3978 119:
321 3891 394 3950 Nam
418 3893 696 3984 ummque,optime
722 3891 869 3970 conuenit:
897 3889 993 3948 datum
1013 3887 1111 3964 luissex
1122 3885 1275 3946 remedium
1294 3877 1322 3938 ad

210 3966 348 4054 liniendos
373 3967 466 4029 lentae
491 3982 589 4028 mortis
614 3968 781 4042 cruciatus,
795 3979 824 4028 et
848 3978 944 4026 tamen
967 3963 1075 4024 duriter
1093 3961 1185 4025 modis
1204 3957 1323 4019 omnibus

209 4039 345 4131 afflictum
364 4042 448 4134 luisse
468 4033 626 4118 Clpiitum,
655 4043 798 4130 uqsipsom
822 4043 936 4123 quoque
958 4035 1088 4102 levamen
1101 4047 1176 4120 ‘pars
1196 4046 1268 4098 esset
1285 4029 1322 4092 rel

211 4135 335 4175 accessio
353 4116 467 4180 dotum.

285 4194 334 4279 35..
353 4187 523 4254 Diviseruut
542 4195 728 4252 verume:
766 4185 833 4253 Hoc
847 4195 966 4272 ¹quoque
986 4213 1020 4254 ex
1040 4187 1244 4252 cousuetudine
1261 4181 1324 4246 mili·

212 4271 255 4320 tes
273 4261 373 4325 secuse
392 4281 501 4328 certum
520 4280 577 4358 pst,
605 4269 680 4347 quod
693 4269 826 4339 ‘hominis
845 4267 967 4328 damuati
986 4267 1077 4350 spolia
1095 4267 1172 4326 iuter
1190 4285 1221 4325 se
1241 4258 1325 4344 partitl

214 4345 294 4432 suntq
310 4357 399 4442 nusum
414 4343 492 4406 sorte
511 4341 652 4426 singulare
671 4343 739 4421 luit,
762 4343 838 4444 quod
857 4355 963 4405 sortem
984 4343 1120 4406 miserunt
1140 4360 1225 4422 super
1242 4337 1325 4401 tuuirr
1374 4363 1375 4368 ¹
