2796 4774
129 137 137 165 Ι

288 242 462 320 <tal-at.
502 239 628 304 Christus
648 241 677 302 iu
697 237 997 324 coelum'assumitur.>
1051 257 1053 264 ’
1096 239 1204 343 -μ415

78 397 145 456 zati
158 395 289 470 suerint.
329 393 497 474 Quanquam
523 391 604 452 simul
630 393 784 468 tenendum
810 385 866 470 est,
894 385 955 457 tlon
982 393 1022 454 ita
1044 391 1204 455 necessario

80 471 184 550 requiri
207 473 241 531 ad
265 469 395 545 salutem,
420 481 454 528 ut
472 469 563 548 perire
582 486 698 534 necesse
716 471 870 550 sit'quicun
891 493 927 532 ue
946 483 1013 532 eum
1030 470 1125 549 adepti
1143 482 1204 528 non

78 547 197 608 fuerint:
216 568 308 627 neque
327 550 403 608 enim
421 545 466 607 bic
480 545 543 626 fidei
559 546 719 628 adiungitur
731 559 863 640 tanquam
873 493 987 608 linteis
1002 546 1096 607 salutis
1114 565 1204 619 causa,

80 625 130 684 sed
149 635 181 683 ut
199 625 401 704 testimonium.
439 621 672 702 Fateor,quidem
697 623 855 695 bominibus
873 623 1068 684 necessitatem
1086 621 1123 680 lm
1146 621 1204 696 oni,

79 719 122 760 ne
143 703 256 783 signum
279 701 384 782 gratiae
408 699 464 760 Dei
478 694 645 778 negligant:
674 698 722 756 se'd
748 697 871 776 quamvis
894 717 947 777 pro
968 719 1068 758 eorum
1086 643 1204 758 inimi-

80 786 138 836 tate
165 777 265 838 talibus
294 775 458 836 adiumentis
480 785 580 832 'utatur
608 774 698 846 Deus,
732 773 893 832 obstrictam
919 793 979 834 esse
1003 775 1063 834 eius
1086 773 1204 855 gratiani

80 868 167 934 nego.
200 855 266 914 Hoc
281 853 367 912 modo
385 872 446 912 non
464 846 629 927 simpliciter
646 849 832 908 necessarium
849 869 909 908 esse
920 849 1055 920 dicemus,
1075 853 1123 912 sed
1142 861 1205 909 tau·
1227 913 1231 920 ,

80 939 141 987 tum
167 929 343 990 'obedieutiae
370 939 484 986 nostrae
514 935 654 1004 respectu.
699 925 831 1004 Secundo
854 923 1000 998 membro,
1020 923 1074 984 'nbi
1097 927 1205 986 conde-

80 1015 159 1077 mnat
174 1005 302 1065 Christus
314 1024 372 1076 eos,
392 1001 518 1082 quinon
537 999 717 1072 crediderint,
735 999 855 1062 rebelles
874 1001 1020 1082 significat,
1039 1001 1105 1060 dum
1126 1002 1206 1062 obla-

79 1091 138 1139 tam
161 1082 277 1142 salutem
297 1089 447 1157 respuunt,
476 1076 636 1168 graviorem
659 1077 712 1136 sibi
740 1093 860 1156 poenam
884 1094 1038 1153 arcessere,
1063 1089 1125 1138 'n‘ec
1149 1078 1205 1138 iam

83 1157 226 1218 communi
248 1167 357 1214 tantum
381 1155 495 1217 humant
517 1153 627 1236 generis
651 1153 768 1222 interitu
792 1169 851 1214 esse
875 1153 1040 1236 implicitos,
1063 1155 1112 1216 sed
1130 1159 1204 1236 'pross
1263 1187 1265 1194 ν

79 1232 156 1312 priae
175 1229 379 1314 ingratitudinis
399 1229 506 1309 culpam
525 1229 670 1288 sustinere.
694 1251 697 1262 ·
1048 1301 1052 1308 ἱ
1085 1247 1093 1262 .

155 1312 201 1370 17.
221 1359 224 1364 .
241 1307 279 1366 St
299 1325 339 1363 na
358 1327 407 1364 eos
426 1310 479 1386 qui
497 1305 690 1378 crediderint,
712 1307 786 1364 daec
802 1305 973 1385 sequentur.
1012 1305 1102 1382 Situti
1117 1305 1207 1370 mirac·

51 1413 54 1424 ·
79 1381 148 1442 culis
169 1327 313 1466 Evangeiii
332 1381 379 1442 sui
397 1382 480 1443 fidem
497 1381 638 1458 sancierat¹
654 1383 805 1456 Dominus,
829 1402 916 1462 quum
935 1383 983 1442 diu
1002 1395 1128 1444 versatus
1147 1395 1207 1443 erat

78 1457 108 1517 in
133 1460 254 1534 mundo,
278 1459 316 1518 ita
337 1479 414 1519 nunc
439 1459 556 1518 eandem
580 1457 710 1520 uirtutem
737 1459 764 1516 in
785 1457 910 1540 futurum
929 1471 1040 1540 tempus
1059 1471 1206 1546 propagat,

81 1555 118 1595 ue
142 1547 243 1615 putent
266 1533 391 1626 discipuli
416 1533 553 1617 alligatam
578 1535 798 1614 corporalieius
818 1537 992 1616 praesentiae
1008 1533 1105 1596 fuisse.
1131 1539 1208 1602 'Ma-

79 1632 209 1693 gnopere
223 1611 309 1678 ,enim
331 1617 466 1671 intererat
496 1608 594 1694 vigere
617 1611 700 1670 inter*
720 1610 966 1682 fideles¹divinam
995 1612 1077 1671 illam.
1100 1611 1208 1672 Christi

71 1687 254 1768 potentiam,
276 1699 309 1748 ut
332 1699 412 1748 certo
438 1697 578 1748 constaret
595 1687 777 1762 resurrexisse
796 1709 811 1746 a
828 1688 967 1760 mortuis,
988 1709 1045 1766 quo
1067 1701 1207 1767 superstes

78 1776 209 1824 maneret
225 1765 283 1824 eius
302 1763 492 1838 doctrinaset
511 1763 668 1824 immortale
686 1773 761 1838 esset
778 1783 893 1840 numen.
932 1763 1025 1842 Porro
1044 1767 1121 1843 quod
1138 1763 1208 1824 lide·

78 1836 119 1898 les
139 1839 291 1900 boc'dono
310 1840 435 1921 instruit,
458 1841 492 1900 ad
511 1839 634 1924 singulos
654 1837 818 1918 trahendum
828 1827 897 1914 *non
917 1851 971 1900 est:
1000 1841 1104 1901 scimus
1123 1842 1208 1922 enin,

78 1915 226 1976 distributa
245 1917 322 1977 uarie
339 1917 423 1976 fuisse
444 1917 532 1990 dona,
551 1929 584 1975 ut
603 1915 800 1980 miraculorum
820 1923 941 1994 potestas
960 1937 1021 1975 non
1040 1915 1095 1977 nisi
1118 1935 1206 1998 penes

44 2012 46 2018 ·
78 1993 214 2072 quosdam
232 1991 326 2052 fuerit.
363 1995 420 2069 Sed
441 1995 504 2072 quia
517 2006 674 2060 ‚commuue
692 1991 779 2049 totius
797 1991 940 2066 Ecclesiae
959 1992 1021 2068 fisis,
1040 1991 1117 2072 quo'd
1137 2015 1208 2075 pau.

4 2075 5 2106 ³
80 2070 120 2124 cis
143 2067 272 2137 dabatur,
297 2079 325 2123 et
347 2085 417 2144 quae
438 2063 520 2126 unus⁵
537 2069 668 2126 miracula
685 2068 798 2139 edebat,
817 2066 847 2124 in
867 2068 993 2126 omnium
1014 2068 1207 2129 confirmatio·
1287 2072 1289 2082 '

4 2165 5 2188 i
78 2157 147 2200 nem
165 2141 307 2211 valebant,
329 2139 593 2200 merito'indefiuite
613 2141 761 2200 eredentes
781 2143 906 2200 nominat
925 2143 1061 2202 Christus.
1102 2146 1209 2208 Sensus

4 2263 5 2268 κ
68 2237 153 2298 tergo
177 2227 231 2288 est,
260 2213 354 2274 fideles
378 2215 500 2276 eiusdem
521 2216 645 2291 virtutis,
667 2236 737 2294 quac
761 2212 837 2296 prius
857 2216 885 2276 in
908 2211 1020 2277 Christo
1040 2217 1208 2282 admirabilis

71 2292 192 2364 ‘fuerat,¹
213 2289 456 2360 fore'nli‘nistros,
479 2303 570 2350 utico
595 2291 712 2352 absente
731 2291 835 2351 certior
856 2305 968 2356 constet
988 2295 1134 2376 Evangelii
1155 2299 1209 2356 ob-

79 2363 216 2453 signatio,
243 2368 326 2430 sicuti
349 2369 421 2448 aputl
445 2369 580 2427 loannem
600 2369 671 2442 (lt,
693 2367 759 2442 12.)
779 2368 919 2460 promittit
939 2369 1034 2432 cadem
1055 2383 1089 2431 ct
1104 2372 1209 2434 maiora

80 2446 213 2506 facturos.
256 2446 348 2504 Porro
368 2445 400 2502 ad
421 2445 572 2506 testandam
592 2443 697 2504 Christi
716 2443 834 2524 gloriam
855 2457 883 2504 et
902 2445 1042 2506 Deitatem
1060 2445 1126 2508 satis
1146 2449 1208 2528 suit,

80 2543 187 2601 paucos
213 2541 247 2581 ex
269 2521 446 2580 credentibus
469 2521 553 2581 fuisse
578 2519 628 2580 bac
653 2521 781 2581 facultate
805 2532 927 2582 ornatos.
968 2523 1139 2603 Quanquam
1158 2547 1209 2586 au-

80 2611 141 2658 tem
162 2617 222 2657 non
241 2597 368 2677 exprimit
388 2597 529 2672 Christus,
553 2597 659 2656 uelitne
678 2595 738 2666 ,bo'c
761 2595 914 2678 temporale
939 2619 1000 2659 csse
1026 2601 1148 2678 donum,
1173 2623 1208 2663 an

82 2687 224 2756 perpetuo
245 2671 274 2737 ἰὴ
293 2673 417 2734 Ecclesia
436 2696 485 2733 sua
507 2673 644 2733 residere:
675 2674 761 2759 magis
785 2685 878 2754 tamen
899 2675 1044 2754 probabile
1064 2689 1123 2752 est,
1144 2679 1208 2740 vnon'

81 2752 135 2812 nisi
159 2751 193 2810 ad
215 2763 326 2832 tempus
349 2750 477 2832 promitti
499 2750 643 2821 miracula,
669 2771 739 2828 quae
761 2762 867 2812 novu'm
893 2765 921 2811 et
943 2753 1034 2814 adbuc
1055 2755 1209 2817 obscurum
1228 2757 1231 2766 '

81 2827 268 2909 Evangelium
291 2827 439 2886 illustrent.
482 2827 559 2887 Fieri
582 2827 824 2907 quidempotest,
852 2839 884 2886 ut
910 2828 1208 2908 ingratitudinislsuae

82 2905 162 2986 culpa
182 2904 377 2976 mundusboc
401 2902 511 2962 b'onore
529 2903 650 2984 privatus
670 2904 718 2963 sit:
745 2925 800 2984 ego
818 2916 911 2964 tamen
930 2918 1040 2980 statuo,
1067 2909 1207 2969 miraculis
1283 2963 1287 2971 .

3 3009 5 3038 i
81 2981 158 3040 bunc
177 2978 289 3061 proprie
308 2980 467 3060 impositum
487 2979 569 3040 luisse
588 2979 681 3054 linem,
701 2989 737 3040 ne
756 3002 808 3060 qna
828 2981 971 3064 Evangelii
990 2984 1137 3042 doctrinae
1155 2986 1208 3046 sub

81 3056 196 3117 initium
220 3059 327 3116 deesset
352 3056 528 3136 approbatio.
573 3055 609 3122 Et
639 3068 716 3130 terte
740 3058 879 3129 videmus,
913 3081 1011 3118 eorum
1037 3069 1118 3119 us'um
1146 3082 1208 3122 non

82 3133 120 3194 ita
140 3133 229 3210 multo
254 3143 319 3212 post
339 3151 471 3206 cessasse,
496 3131 540 3192 vel
565 3131 659 3200 saltem
679 3123 748 3193 tileo
768 3155 829 3192 rara
849 3134 933 3193 luisse
954 3155 1052 3194 eorum
1073 3137 1208 3216 exempla,

82 3215 120 3270 ut·
141 3207 275 3290 colligere
298 3205 396 3284 liceret
419 3227 479 3268 non
496 3224 642 3289 'peraeque
668 3209 797 3272 omnibus
820 3211 933 3272 saeculis
958 3233 1019 3271 esse
1039 3213 1208 3276 communia.

81 3285 162 3345 Fecit
179 3297 281 3345 tamen
292 3297 470 3366 praepostera
489 3301 600 3358 eorum,
620 3285 668 3364 qui
688 3285 792 3345 deinde
807 3288 916 3365 sequuti
936 3300 1015 3359 sunt,
1033 3289 1079 3348 vel
1098 3290 1208 3370 cupidi.

82 3372 132 3432 tas,
150 3361 195 3420 vel
214 3362 344 3432 ambitio,
368 3381 405 3421 ne
426 3359 562 3421 miraculis
582 3381 695 3440 prorsus
715 3375 855 3433 carerent,
878 3375 908 3420 ut
928 3363 1022 3424 inania
1044 3365 1099 3426 sibi
1116 3368 1208 3450 linge-

82 3447 155 3496 re‘nt.
194 3436 289 3514 Atque
314 3440 368 3499 boc
395 3439 480 3498 modo
499 3450 595 3518 aperta
614 3437 667 3496 suit
686 3437 804 3498 Satan'ae
826 3438 936 3500 fallaciis
955 3442 1051 3516 ianua,
1078 3465 1140 3503 non
1159 3465 1221 3505 so-.

83 3511 140 3570 lum
166 3523 200 3570 ut
223 3515 387 3606 praestigiae
412 3513 645 3576 succederent'in
664 3513 756 3574 locum
777 3515 914 3591 veritatis,
938 3519 987 3578 sed
1007 3529 1039 3577 ut
1057 3520 1207 3602 signorum

82 3599 230 3668 praetextu
243 3587 383 3678 simplices
400 3592 606 3654 abducerentur
623 3611 639 3650 a
658 3605 735 3662 recta
754 3591 817 3654 fide.
860 3595 896 3652 Et
914 3607 992 3654 certe
1013 3615 1134 3676 aequum
1153 3595 1207 3656 fuit

83 3663 210 3724 curiosos
229 3663 365 3738 bommes,
385 3667 432 3743 qui
450 3669 572 3751 legitima
591 3665 795 3749 approbatione
810 3687 870 3729 non
891 3669 1032 3744 contenti,
1051 3669 1125 3730 nova
1139 3672 1206 3731 sub-

82 3740 149 3799 inde
171 3740 302 3799 miracula
352 3751 474 3815 eterent,
504 3745 603 3804 talibus
632 3745 790 3824 imposturis
814 3746 915 3806 deludi.
960 3747 1039 3810 Haec
1064 3748 1137 3805 ratio
1163 3761 1207 3807 est

44 3895 45 3902 ἵ
83 3837 135 3874 cur
158 3815 223 3878 alibi
246 3763 359 3890 (Marti.
378 3821 425 3889 24,
451 3819 702 3900 24.).praedix‘erit
725 3819 867 3895 Christus,
891 3844 1012 3908 regnam
1036 3819 1206 3884 Antichristi

82 3889 168 3970 signis
183 3892 360 3955 mendacibus
369 3893 504 3954 refertum
513 3895 584 3970 fore,
596 3908 625 3958 et
633 3895 733 3974 Paulus
743 3898 815 3959 idem
828 3910 945 3961 testetur
955 3897 1203 3974 <H.Tbess.2,9.).

84 3967 182 4040 Quare
204 3979 237 4026 ut
261 3964 391 4030 miracula
413 3971 494 4031 idem
514 3985 637 4032 nostram
657 3971 711 4032 rite
731 3973 910 4048 confirment,
934 3976 965 4034 in
983 3973 1028 4034 illa
1047 3997 1129 4054 quam
1148 3977 1205 4038 dixi

82 4042 233 4103 sobrietate
251 4065 314 4108 sese
331 4046 494 4106 contineant
512 4061 624 4114 nostrae
637 4056 759 4114 mentes.
798 4051 881 4111 Unde
899 4051 982 4113 etiam
997 4052 1131 4130 sequitur,
1150 4074 1204 4130 pu-

81 4117 165 4178 tidam
189 4141 249 4181 esse
267 4142 366 4182 eorum
384 4122 562 4198 calumniam,
578 4127 626 4204 qui
643 4125 800 4186 doctrinam
818 4138 942 4188 nostram
961 4127 1100 4190 miraculis
1118 4128 1205 4189 desti-

82 4193 123 4254 tui
145 4195 296 4258 obierunt.
336 4200 426 4276 Quasi
446 4221 516 4260 sero
539 4221 599 4262 non
622 4203 719 4262 eadem
741 4203 785 4262 illa
806 4203 860 4278 ¹sit,
884 4225 967 4283 quam
991 4204 1119 4266 Christus
1138 4205 1203 4267 satis

82 4291 133 4358 sup
184 4294 220 4347 ue
240 4271 305 4336 oiim
327 4275 493 4360 obsignavit.
531 4277 588 4338 Sed
608 4278 637 4337 in
658 4279 713 4338 hoc
731 4291 899 4362 argumento
917 4279 1034 4344 brevior
1048 4301 1120 4360 sum,
1138 4283 1203 4364 quia
1270 4353 1273 4360 ¹

81 4365 136 4408 nm
153 4349 278 4428 puribut
296 4351 366 4416 locis
384 4354 493 4435 plenius
513 4375 530 4416 a
548 4373 595 4416 me
611 4365 761 4416 bacatum
782 4355 843 4416 suit
1088 4357 1090 4366 ’
1213 4406 1215 4415 .
