2804 4762
159 179 254 244 rsa·
315 145 430 239 sacr.
448 169 548 236 xvu
584 181 839 238 summanus
857 176 1133 274 meruimus.
1176 197 1180 208 ‚

139 287 392 400 ‘bimnbtiouem
411 327 525 416 longas
544 345 658 418 preces
679 324 813 409 lucium,
833 325 867 392 bi
883 302 1041 418 accipient
1060 329 1211 398 maiorem
1235 327 1291 398 de-
1349 383 1352 394 ,

161 435 364 502 mastonem.
567 453 592 468 ·’
763 459 770 474 ⁴
965 458 968 468 ·

234 635 337 700 Acrius
362 631 456 714 ,actm
487 631 517 694 in
545 651 596 711 eos
623 631 777 704 invehitur,
810 627 895 712 idque
924 629 994 692 lacit
1018 651 1081 694 nou
1102 643 1160 694 tau
1187 653 1288 696 eorum

160 732 255 791 causa,
296 732 379 805 quam
416 721 454 802 nt·
481 707 655 802 plebemxet
686 707 825 790 simplices
853 707 888 768 ab
918 727 1036 800 eorum·
1053 721 1129 772 secta
1156 726 1286 803 revocet.
1385 716 1388 731 “

160 791 314 949 ltttt
332 783 838 954 tittltdttdtltttttt‘
861 786 1288 998 tttf’ttdttttttt

160 943 267 1004 utiliter
290 951 445 1002 monentur
467 938 515 998 filu
533 939 604 1012 Der,
630 958 668 998 ne
686 958 718 999 se
736 936 884 1017 implicent
901 936 998 997 nsdem
1017 937 1153 998 scelerum
1182 941 1286 1020 aqueis,

160 1020 210 1082 sed
231 1039 248 1082 a
272 1017 355 1079 simili
378 1016 462 1094 exitio
487 1013 540 1076 sibi
563 1026 689 1074 careant.
747 1011 837 1076 Gerte'
860 1035 948 1094 quum
967 1013 1087 1090 scribae,
1112 1035 1210 1078 everso
1229 1019 1287 1077 Dei

161 1095 237 1158 cultu
260 1106 289 1156 et
312 1105 445 1175 corrupta
464 1091 575 1172 pictatis
594 1090 734 1166 doctriua,
758 1090 860 1150 nullam
880 1090 1086 1150 correctionem
1107 1090 1227 1166 ferrent,
1255 1104 1287 1154 et

160 1173 305 1254 desperata
329 1169 434 1232 insania
455 1169 485 1228 in
504 1187 581 1231 suam
600 1179 629 1228 et
647 1167 734 1230 totius
751 1152 1027 1247 populi'perniciem
1046 1166 1155 1228 oblatae
1171 1167 1287 1228 redem-

160 1248 300 1401 pponise
318 1256 507 1328 opponerent,
534 1243 665 1305 omnibus
685 1263 786 1306 mosoc
806 1254 834 1302 et
851 1241 1032 1304 detestabiles
1050 1243 1129 1304 reddi
1147 1244 1284 1324 oportuit.

194 1344 409 1404 uanquammon
428 1333 484 1380 tam
504 1320 570 1401 quid
586 1319 680 1382 meriti
699 1317 941 1380 essenthristus
956 1317 1093 1400 respexit,
1112 1339 1191 1399 quam
1210 1319 1283 1400 quid

160 1400 228 1466 utile
251 1411 325 1462 esset
346 1395 461 1472 rudibus
485 1409 515 1457 et
539 1395 680 1478 imperitis.
718 1395 819 1458 Voluit
841 1395 915 1456 enim
940 1395 991 1455 sub
1015 1395 1088 1456 vitae
1108 1416 1172 1458 suae
1192 1393 1282 1458 finem

159 1475 286 1546 sollenne
309 1473 468 1553 relinquere
492 1473 701 1549 testimonium,
733 1493 770 1534 ne
794 1470 856 1563 quis
881 1471 935 1532 uisi
957 1471 1047 1532 sciens
1072 1481 1102 1532 et
1126 1470 1221 1534 volens
1245 1471 1283 1534 ab
1339 1504 1342 1508 ·

159 1552 249 1633 impiis
267 1548 320 1612 illis
339 1547 526 1610 nebulonibus
545 1548 602 1609 salli
608 1561 724 1685 sposset.
747 1549 874 1622 ·Sc1tnus
891 1559 1002 1622 autem,
1022 1559 1156 1628 quantum
1176 1547 1212 1610 sit
1229 1547 1285 1610 ob·

159 1627 293 1705 cuculum
317 1625 487 1706 simplicibus
506 1626 590 1686 stulta
620 1625 740 1686 alsorum
758 1623 907 1686 doctorum
926 1625 1101 1697 reuerentia,
1126 1645 1165 1684 ue
1183 1623 1219 1686 ab
1238 1646 1286 1688 er·

159 1704 270 1766 ruribus
285 1699 452 1763 liberentur.
488 1701 567 1763 Falsa
585 1699 713 1763 doctriua
731 1701 832 1762 imbuti
848 1712 917 1760 tunc
932 1697 1123 1774 erautludaei,
1141 1701 1200 1760 imo
1210 1701 1285 1762 mul-

159 1787 200 1843 tas
222 1777 434 1858 superstitiones
455 1774 491 1836 ab
515 1775 631 1838 infantia
652 1778 831 1838 imbiberant.
875 1775 973 1852 Quum
994 1773 1106 1836 difficile
1127 1795 1180 1854 per
1204 1799 1235 1838 se
1256 1789 1286 1840 et

157 1855 274 1922 arduum
296 1853 373 1920 foret
394 1851 531 1913 reducere
556 1871 605 1916 eos
629 1853 659 1912 iu
672 1855 769 1929 ,viana
796 1851 914 1912 maxime
938 1851 990 1913 illis
1012 1850 1139 1912 obstabat
1160 1859 1286 1944 praepo.

157 1941 230 1992 stera
258 1927 369 2011 opinio,
402 1945 486 2010 quam
499 1941 699 2011 conceperant
723 1929 758 1990 de
777 1927 851 1998 falsis
869 1925 1042 2002 doctoribus,
1079 1925 1157 2007 quod
1174 1929 1286 1994 scilcet

157 2003 298 2088 legitimus
324 2023 389 2068 esse
407 2015 543 2086 putarent
569 2004 709 2066 Ecclesiae
732 2005 887 2086 praesules,
914 2003 1000 2064 divini
1023 2001 1285 2084 cultuaantistites,

51 2114 53 2126 ·
158 2093 188 2142 et
206 2077 316 2163 pietatis
335 2081 488 2144 columnas.
536 2081 620 2142 Adde
637 2081 712 2162 quod
730 2082 770 2142 sic
789 2079 914 2144 fascinati
932 2091 1026 2152 eraut,
1048 2092 1082 2140 ut
1103 2079 1150 2142 vix
1168 2095 1285 2164 possent

155 2157 222 2222 inde
240 2158 361 2222 abstrahi
379 2155 433 2220 nisi
450 2155 578 2220 violento
599 2170 685 2230 metu
742 2159 811 2220 Non
835 2177 904 2239 ergo
924 2169 955 2218 ut
973 2156 1079 2220 scribas
1097 2159 1284 2220 sanet'Cbri-

156 2247 227 2312 stus,
247 2231 410 2304 horribilem
429 2235 485 2296 Dei
504 2233 655 2296 vindictam
675 2233 726 2296 illis
745 2231 967 2308 denuntiatse'd
987 2245 1019 2294 ut
1036 2232 1156 2312 reliquos
1172 2235 1282 2296 abster-

155 2313 218 2374 reat
240 2312 274 2374 ab
299 2333 399 2376 eorum
425 2309 545 2374 fallaciis.
604 2310 848 2393 Quemadmodum
873 2309 957 2372 hodie
983 2309 1013 2370 in
1033 2309 1135 2373 clerum
1153 2308 1285 2445 papalem

154 2389 278 2470 asperius
300 2391 429 2476 cogimur
446 2390 591 2464 detonare,
604 2407 669 2449 mon
688 2387 740 2448 alia
758 2389 792 2448 de
812 2401 891 2448 causa
909 2385 1017 2462 nisiut
1036 2385 1082 2466 qui
1099 2383 1159 2444 duci
1172 2407 1199 2445 es
1212 2396 1279 2446 sunt
1302 2418 1305 2424 ·
1389 2393 1390 2432 t

154 2485 188 2526 ac
211 2487 271 2527 non
294 2469 406 2548 penitus
427 2465 543 2546 reprobi
565 2462 600 2526 ad
623 2461 1015 2544 salutemsuamqatteudant,
1038 2473 1068 2524 et
1085 2462 1204 2542 perculsi
1222 2461 1281 2524 Dei
1298 2532 1315 2543 ..
1389 2473 1390 2478 ’

154 2538 256 2600 iudicio
277 2543 400 2602 exitiales
418 2541 662 2622 superstitionum,
687 2539 785 2621 quibus
805 2539 907 2620 captivi
926 2549 1073 2611 tenentur,
1098 2537 1212 2620 laqueos
1231 2540 1281 2600 ab·

153 2627 292 2695 rumpant
330 2616 418 2684 Unde
437 2617 587 2699 colligitur,
607 2639 689 2698 quam
709 2615 826 2678 crudelis
846 2615 882 2676 sit
902 2635 1000 2676 eorum
1018 2613 1162 2691 mollities,
1184 2615 1283 2699 quibus

153 2690 269 2762 molesta
293 2703 336 2762 est
359 2703 456 2752 nostra
478 2693 663 2755 vehementia.
710 2693 846 2774 Displicet
864 2691 1041 2753 illis‘duriter
1061 2704 1091 2751 et
1111 2693 1213 2756 acerbe
1232 2713 1281 2754 va-

152 2765 212 2828 rari
230 2767 320 2858 lupos,
339 2769 387 2848 qui
406 2767 537 2831 laniandis
556 2791 589 2832 ac
608 2769 738 2831 vorandis
757 2769 856 2843 ovibus
875 2767 980 2830 assidue
998 2768 1120 2828 inhiant:
1144 2782 1281 2830 ettamen

38 2914 40 2922 s
152 2839 250 2907 vident
268 2864 467 2906 muerasfoves
486 2845 617 2926 deceptas
637 2845 714 2906 inani
732 2845 821 2923 larva,
848 2857 949 2928 sponte
967 2865 998 2906 se
1017 2845 1046 2903 in
1065 2843 1195 2924 luporum
1216 2845 1281 2906 fau-

152 2941 198 2984 ces
221 2921 376 2998 conticere,
398 2919 453 2980 nisi
476 2933 572 3000 pastor
594 2921 642 3012 qpi
663 2923 734 3001 ipsas
758 2921 845 2984 salvas
869 2921 960 3004 cupit,
980 2932 1010 2981 et
1030 2920 1065 2984 alr
1084 2921 1200 2980 interitu
1220 2923 1278 2980 eri·
1389 2951 1390 2990 ;

150 3017 219 3078 perc
237 3008 363 3078 conatur,
384 2995 503 3059 clamosa
521 3018 592 3058 voce
612 3017 684 3078 aptas
703 2997 806 3082 abigat.
845 2997 1012 3060 Tenendum
1032 3008 1075 3057 est
1092 2995 1178 3076 igitur
1189 2995 1279 3056 Chri-

150 3073 187 3132 sti
213 3075 386 3146 consssium,
400 3085 433 3134 ut
458 3093 510 3133 nos
530 3073 588 3146 eius
608 3073 735 3156 exemplo
755 3095 855 3136 severe
874 3073 1013 3150 mittemur
1030 3071 1120 3154 impiis
1139 3071 1276 3153 decepto-

149 3145 234 3224 ribus,
255 3149 284 3211 et¹
302 3153 332 3212 in
351 3173 400 3214 eos
419 3149 532 3211 fortiter
550 3149 725 3227 clamemus,‘
737 3163 769 3212 ut
788 3153 947 3234 quicunque
964 3163 1027 3210 sunt
1045 3147 1177 3208 sanabiles
1197 3149 1277 3208 exitii

69 3299 72 3310 Ι
148 3234 226 3284 metu
251 3227 285 3287 ab
312 3228 364 3289 illis
383 3229 505 3312 fugiant.
550 3228 623 3288 Nam
648 3229 798 3308 etsi'apud
817 3228 942 3290 veritatis
960 3225 1051 3287 hostes
1070 3222 1139 3284 nibil
1157 3223 1276 3305 prolici-

149 3309 206 3370 tun
225 3302 326 3374 citandi
345 3316 439 3366 tamen
459 3301 578 3382 suntad
598 3305 656 3368 Dei
672 3303 810 3376 tribunal,
836 3315 867 3364 et
886 3304 934 3376 alii,
951 3297 1081 3364 monendi
1101 3312 1135 3360 ut
1154 3301 1277 3363 eandem

147 3371 201 3434 sibi
222 3372 448 3441 maledictionem
466 3381 570 3460 instare
588 3379 686 3459 sciant,
704 3381 756 3444 nist
774 3393 884 3442 mature
895 3377 1039 3464 ¹discedant
1057 3396 1074 3438 a
1093 3389 1183 3462 pravo
1205 3400 1277 3440 con-

147 3467 241 3512 sensu.
522 3505 524 3510 .
1013 3493 1016 3500 .
1101 3469 1138 3514 c·

220 3521 323 3588 Matlb.
344 3533 390 3592 13.
436 3534 588 3593 Clauditis
613 3520 735 3616 reguum
758 3537 910 3597 coelorum.
968 3523 1198 3614 Maledictionem
1221 3531 1274 3592 iltis

145 3599 290 3689 denuntiat
315 3605 456 3683 Christus,
490 3610 553 3688 quia
577 3609 606 3668 iu
631 3628 782 3670 commune
808 3610 893 3688 totius
916 3631 955 3708 po
979 3610 1016 3669 uli
1038 3607 1153 3670 exitium
1171 3617 1273 3668 munus

144 3700 226 3740 suum
244 3693 423 3762 pervertunt:
448 3689 617 3766 nam‘quum
638 3707 725 3765 penes
745 3707 793 3748 eos
814 3697 886 3748 esset
904 3633 1047 3748 tedesiae
1066 3684 1204 3768 regimen,
1221 3683 1271 3744 de-

142 3752 265 3818 buerant
284 3778 344 3819 esse
363 3759 438 3839 quasi
456 3759 589 3822 ianitores
612 3763 695 3844 regni
715 3763 868 3830 coelorum.
917 3763 1069 3839 Quorsum
1089 3763 1162 3822 enim
1182 3759 1271 3840 perti-

127 3843 193 3891 ·net
212 3834 312 3914 religio
332 3845 362 3896 et
379 3857 455 3896 sacra
472 3837 614 3912 doctrina,
638 3839 692 3900 uisi
713 3851 746 3898 ut
766 3838 846 3902 nobis
866 3840 961 3915 melos
980 3861 995 3900 a
1016 3837 1104 3898 erist?
1159 3837 1269 3912 Scimus

143 3906 218 3968 enim
237 3913 329 3970 totuin
348 3910 498 3986 humaturm
517 3934 605 3996 genus
625 3913 749 3974 exsulare
762 3937 788 3993 ,a
804 3917 888 3991 Deo,
925 3927 954 3978 ct
975 3855 1014 3978 ab
1030 3911 1201 3974 haereditate
1220 3933 1269 3972 ae-

142 3991 240 4043 ternae
258 3985 352 4048 salutit
371 3987 488 4050 excludi.
532 3988 649 4052 Pietatis
667 4003 762 4052 autern
784 3992 912 4054 doctrina
935 3991 1013 4073 quasi
1032 3989 1115 4050 ianua
1133 4001 1188 4064 est,
1213 4007 1268 4066 qua

141 4057 280 4122 mutum
297 4061 482 4156 ingredimur:
501 4065 565 4124 ideo
582 4065 777 4148 metaphorice
788 4065 1196 4148 Scripturadicit'pastotibus
1206 4061 1266 4122 dari

142 4126 232 4191 claves
251 4157 332 4218 regna
352 4138 507 4212 coelorum,
526 4139 759 4216 quemadmodum
779 4145 865 4204 fusius
885 4143 1000 4226 exposui
1021 4145 1138 4220 cap.16.
1170 4142 1285 4220 Atque·

141 4197 210 4286 bite
229 4207 355 4272 definitio
375 4215 495 4272 tenenda
516 4222 567 4284 est,
586 4231 656 4288 quae
676 4215 761 4277 etiarn'
780 4241 814 4280 ex
832 4219 925 4280 Lucae
944 4216 1037 4279 ve'rbis
1056 4215 1159 4276 clarius
1178 4225 1266 4297 patet,

140 4269 190 4328 ub!
208 4285 358 4384 exprobrat
369 4287 498 4348 Christus
508 4285 595 4364 tegis
612 4288 721 4367 peritis,
740 4293 1106 4372 quodsustuterintctaven
1115 4292 1263 4353 scientiae:
