2790 4764
356 191 436 270 (144.
472 189 552 254 lesus
570 200 693 252 mortem
713 209 791 264 sumn
802 191 1000 274 praedicens.)
1189 200 1245 261 lto

112 342 232 419 valeant,
249 341 295 424 pia
313 341 367 405 luit
383 341 462 422 Petri
480 341 610 418 intentio,
629 339 676 402 vel
693 340 792 404 saltem
809 341 971 426 probabilis.
1004 342 1094 426 Atqui
1111 365 1171 408 non
1189 369 1244 430 po·

110 417 165 480 tuit
183 419 298 494 durius,
325 439 379 481 nec
402 419 491 502 magis
516 417 721 482 contumeliose
745 440 809 480 eum
834 421 953 482 reiicere
977 419 1115 485 Christus.
1164 423 1243 500 Quid

111 497 233 558 obsecro
257 496 309 556 sibi
331 495 390 558 mdt
413 509 469 557 tam
491 515 587 578 aspera
610 493 777 577 responsio?
798 496 851 576 qut
874 508 979 558 tantam
1001 499 1243 562 mansuetudinem

26 607 27 612 κ
110 573 159 633 ubi
179 592 216 633 ue
237 571 366 648 servavitt
387 593 425 633 ue
445 569 579 632 calamum
597 583 753 652 quassatum
772 571 885 633 eonfriu
907 587 981 650 eret,
1000 573 1146 656 quomodo
1165 598 1242 640 nuno

26 667 27 678 ¹
109 649 141 707 in
161 593 322 730 discipulum
342 649 459 710 electum
477 659 535 708 tam
552 648 689 708 atrociter
707 645 852 709 fulminat?
921 651 1039 713 anilesta
1064 654 1240 718 reiteratio

111 736 167 800 est,
193 727 266 804 quod
288 725 318 784 in
338 725 420 787 nnius
441 725 564 786 bominis
584 744 706 804 persona
725 745 907 806 compescere
926 747 1024 790 omnes
1042 726 1179 806 voluerit,
1202 751 1240 792 ne

26 819 27 830 ¹
109 801 171 862 zelo
187 821 238 862 suo
254 801 425 884 indulgeant.
454 801 623 881 Quanquam
643 801 718 861 enim
737 801 827 862 carnis
845 800 984 878 libidines,
1001 815 1035 864 ut
1053 803 1156 868 similes
1174 819 1241 868 sunt

107 876 175 939 seris
196 877 301 953 bestiis,
327 875 463 939 cohibere
482 875 596 938 difficile
618 889 673 953 est,
697 876 773 938 nulla
793 888 891 940 tamen
910 879 999 961 magio
1022 878 1127 943 furiosa
1147 880 1240 944 bellua

106 964 156 1028 est,
176 975 260 1032 quam
276 955 368 1016 earnis
386 953 548 1036 prudentia.
577 951 656 1035 Ergo
675 964 732 1013 tam
751 953 854 1014 acriter
872 954 901 1014 in
920 975 982 1015 eam
1000 954 1141 1018 invehitur
1154 957 1238 1021 Cbri-

104 1040 169 1166 ιῐιιιις
189 1042 218 1091 et
233 1030 310 1110 quasi
328 1029 427 1094 ferreo
445 1027 548 1091 malleo
568 1049 628 1090 eam
646 1028 783 1105 retrudit,
800 1039 833 1090 ut
850 1027 986 1092 &camus
1004 1042 1112 1095 tantum
1130 1053 1165 1094 ex
1181 1035 1238 1100 Dei

102 1127 316 1169 womm.
1065 1161 1068 1166 .

173 1185 220 1246 23.
235 1129 312 1245 ΡΑῠί
322 1193 394 1262 post
407 1202 462 1254 me,
483 1179 614 1242 Somno.
639 1181 741 1266 Inepte
753 1181 864 1263 quidam
877 1179 1112 1264 philosophantur
1124 1183 1153 1244 in
1166 1203 1238 1248 voce

100 1269 190 1330 retro,
201 1261 292 1340 quasi
311 1259 444 1320 iubeatur
462 1259 563 1319 Petrus
581 1258 673 1338 sequi,
688 1277 753 1333 ‚non
791 1259 892 1318 raeire:
917 1278 981 1318 nam
1001 1270 1030 1329 ct
1046 1258 1140 1321 Lucas
1157 1281 1239 1342 supra

98 1335 187 1415 capite
201 1349 321 1417 quarto,
344 1333 486 1396 diabolum
505 1333 602 1394 iisdem
620 1334 713 1395 verbis
732 1280 891 1395 aliomiuo
908 1333 1049 1416 repulsum
1067 1333 1154 1398 luisse
1172 1357 1238 1399 nar-

98 1413 178 1472 ravit.
228 1415 267 1472 Et
284 1411 409 1472 verbum
428 1407 509 1477 ὕπαγε
529 1411 837 1492 facesserestgnificai,
862 1409 937 1472 unde
957 1422 985 1472 et
1002 1409 1120 1472 latinum
1136 1413 1238 1498 Apage

99 1485 249 1549 deductum
274 1499 329 1550 est
369 1484 475 1547 Procul
496 1506 565 1571 ergo
589 1487 682 1548 reiicit
707 1489 836 1570 Christus
860 1485 1040 1567 discipulum,
1105 1490 1131 1550 ia
1152 1511 1238 1570 prae·
1302 1533 1304 1542 ι

98 1577 213 1644 postero
236 1586 291 1625 suo
316 1559 379 1624 zelo
402 1563 520 1624 Satanae
544 1576 637 1700 partes
661 1563 767 1626 obiret:
796 1585 889 1646 neque
910 1564 985 1625 enim
1004 1565 1075 1648 simp
1088 1565 1168 1626 'citer
1186 1567 1236 1630 ad-

98 1641 252 1702 versarium
271 1653 371 1712 vocat,
396 1641 445 1700 sed
468 1639 570 1718 diabo'
593 1661 700 1722 nomen
723 1642 749 1702 ei
768 1641 890 1722 imponit
912 1641 941 1699 in
966 1641 1077 1724 signum
1100 1643 1237 1706 maximae

98 1717 298 1779 detestationis.
343 1716 473 1776 Notanda
492 1727 547 1792 est,
571 1737 641 1798 quae
664 1739 732 1778 mox
755 1717 865 1780 additur
886 1716 976 1792 ratio,
1000 1729 1035 1776 tu
1058 1720 1238 1784 scamium

99 1795 170 1854 midi
189 1817 231 1870 ee,
253 1797 329 1874 quio
350 1794 525 1853 humanitus
543 1797 640 1872 rapis,
664 1805 695 1854 et
712 1817 770 1854 non
787 1796 947 1856 secundum
964 1797 1068 1858 Deum.
1110 1795 1235 1858 Soanda-

97 1867 156 1928 lum
170 1869 287 1934 Christo
306 1870 360 1930 fuit
374 1871 485 1948 Petrus,
503 1871 570 1931 dum
589 1892 621 1932 se
640 1871 700 1932 eius
717 1872 860 1936 vocationi
875 1873 1019 1966 opposuit.
1049 1872 1135 1936 Unde
1150 1873 1234 1935 etiam

98 1959 226 2026 apparet,
253 1959 431 2028 quantopere
455 1947 486 2006 in
509 1963 645 2040 perverso
670 1969 722 2008 suo
746 1947 810 2010 zelo
835 1949 975 2010 insaniant
996 1947 1139 2012 homines:
1167 1971 1234 2011 nam

98 2021 166 2081 dum
189 2025 290 2084 Petrus
314 2033 425 2085 currunt
447 2025 575 2106 magistri
597 2023 766 2108 abrumpere
789 2039 905 2086 conatus
930 2035 985 2099 est,
1007 2045 1059 2106 per
1083 2047 1149 2086 eum
1172 2047 1234 2088 non

99 2098 193 2174 stetit,
227 2101 296 2180 quin
320 2122 351 2161 se
371 2114 401 2162 et
422 2111 515 2161 totum
538 2099 691 2160 bmnanum
718 2123 808 2184 genus
821 2112 946 2162 aeterna
969 2099 1057 2162 salute
1082 2101 1231 2164 fraudaret.

101 2171 169 2234 Uno
187 2175 275 2260 igitur
295 2175 385 2238 verbo
405 2177 552 2253 docemur,
579 2187 754 2257 quantopere
777 2174 943 2258 fugiendum
966 2176 1004 2236 sit
1026 2175 1161 2258 quiequid
1180 2199 1234 2238 nos

32 2305 35 2314 ,
98 2249 211 2312 abducit
237 2273 253 2311 a
276 2253 332 2313 Dei
357 2251 504 2331 obsequio.
560 2253 688 2312 Primum
709 2271 780 2312 vero
808 2253 896 2314 totius
918 2247 983 2310 mali
1006 2250 1120 2312 sontem
1145 2253 1235 2332 aperit

26 2387 31 2408 ‚
97 2325 254 2402 Christus,
269 2349 356 2407 quum
374 2328 444 2388 dicit
464 2330 581 2388 Petrum
599 2345 696 2406 sapere
715 2347 787 2405 quae
803 2339 870 2396 ,sunt
887 2326 1045 2386 hominum.
1089 2328 1177 2409 «Ergo
1196 2347 1235 2390 ne

26 2451 28 2470 .
97 2402 231 2464 coelestis
256 2404 339 2468 iudex
362 2423 417 2462 nos
441 2415 471 2464 et
492 2404 583 2462 studia
605 2413 702 2462 nostra
724 2403 758 2461 ad
781 2399 923 2460 diabolum
948 2399 1074 2484 ableget,
1098 2401 1234 2465 discamus

96 2499 159 2568 non
178 2479 302 2558 proprio
325 2478 420 2540 sensui
443 2498 504 2538 esse
527 2476 643 2549 addicti,
668 2474 717 2536 sed
741 2475 910 2538 obedienter
926 2475 1058 2556 amplecti
1077 2477 1155 2558 quod
1170 2480 1234 2540 Do-

26 2549 28 2566 *
95 2575 193 2612 mmus
212 2553 320 2630 probat.
358 2556 433 2612 Eant
450 2573 528 2612 nune
546 2551 689 2688 Papistae,
715 2563 744 2612 et
766 2574 815 2613 soa
835 2552 936 2634 placita
957 2552 988 2613 in
1012 2553 1123 2615 coelum
1143 2547 1235 2618 entol-

95 2629 171 2688 lant:
201 2627 325 2688 sentient
346 2627 472 2703 taudem,
496 2627 544 2688 ubi
566 2650 582 2690 a
626 2627 748 2689 coeleste
767 2627 888 2690 tribunal
906 2641 1024 2692 ventum
1043 2630 1141 2708 fuerit,
1166 2631 1233 2714 quid

95 2703 190 2767 valeat
208 2702 344 2780 iacmntia,
365 2725 448 2784 quarn
468 2703 597 2772 Christus
615 2705 772 2766 Satanicam
792 2725 852 2766 esse
869 2707 1041 2787 pronuntiat.
1072 2709 1134 2770 Nos
1152 2731 1232 2788 vero,

95 2782 152 2841 nisi
178 2792 283 2861 sponte
306 2780 599 2856 velimusmortisens
622 2781 774 2843 obstaculis
797 2783 870 2842 viam
891 2782 984 2846 salutis
1002 2784 1232 2866 nobispraecbt-

96 2859 178 2934 dere,
203 2877 263 2918 uon
283 2856 363 2918 aliter
381 2879 479 2940 sapere
497 2871 658 2940 appetamus
677 2881 761 2940 quam
779 2880 813 2920 ex
832 2868 883 2920 o‘re
900 2859 967 2922 Dei.
989 2925 991 2932 χ
1218 2915 1225 2931 ,

172 2937 221 2995 24.
262 2937 346 2994 Tunc
366 2937 463 2995 Iesus?
475 2937 559 2994 'dixit
581 2937 737 3014 discipulis
761 2939 835 2996 suia.
875 2935 952 3012 Quia
969 2937 1082 3000 videbat
1103 2937 1232 3000 Christo

26 3075 28 3084 ‚
97 3011 214 3072 Petrum
234 3032 347 3072 omrem
366 3011 497 3088 horrere,
522 3024 553 3072 et
577 3015 677 3074 eodem
700 3011 769 3072 alios
789 3033 888 3074 omues
906 3033 990 3088 sensu
1029 3012 1151 3076 raeditos
1169 3032 1233 3074 esse
1328 3025 1334 3046 ‘

26 3093 27 3116 l
97 3098 226 3162 noverat,
243 3087 413 3168 generaliter
430 3089 467 3150 de
485 3087 634 3149 tolerantia
654 3088 745 3150 crucis
763 3087 885 3169 disserit:
910 3111 966 3151 nec
984 3035 1060 3150 solos
1081 3088 1233 3152 troduini

98 3163 261 3244 compellat,
285 3167 334 3226 sed
358 3164 475 3245 eandem
500 3165 538 3224 im
560 3166 622 3225 onit
644 3163 737 3248 legem
781 3166 812 3226 iis
834 3165 974 3226 omnibus.
1018 3163 1146 3226 Similem
1168 3165 1232 3228 fere

97 3240 264 3300 sententiam
283 3240 429 3324 babuimus
448 3239 520 3322 apud
572 3243 711 3302 attbaeum
732 3186 845 3318 (tlatth.
866 3245 913 3316 10,
932 3238 1003 3318 28),
1025 3239 1075 3302 sed
1093 3240 1149 3304 illic
1168 3254 1232 3306 tan-

96 3325 156 3376 tum
175 3316 312 3379 admoniti
330 3317 486 3378 lueruntA
508 3318 593 3378 ostoli
606 3320 642 3380 de
655 3318 888 3399 persequutione,
903 3338 979 3400 quae
997 3319 1073 3398 ipsos
1091 3320 1233 3396 manebat,

97 3391 210 3454 simulac
229 3394 320 3455 exorsi
339 3406 433 3456 essent
446 3340 543 3455 oficio
562 3415 614 3455 suo
629 3394 760 3477 deltmgi:
784 3394 829 3456 bic
846 3414 918 3456 vero
938 3394 1082 3458 communi
1098 3395 1231 3472 tirocinio

96 3466 206 3544 imbuit,
226 3481 255 3530 et
271 3472 348 3552 quasi
364 3471 461 3552 primis
479 3470 643 3532 rudimentis
663 3473 762 3545 initiat,
782 3469 941 3550 quicunque
954 3469 1110 3554 Evangelio
1124 3493 1232 3534 nomen
1283 3541 1293 3552 ι

97 3543 162 3604 dare
180 3545 290 3607 volunt
338 3547 515 3608 Nominatim
532 3547 703 3624 veredice,
728 3551 756 3605 ci
774 3551 844 3626 quir
859 3556 929 3624 poet
948 3568 995 3607 me
1011 3558 1155 3613 venturus
1172 3558 1230 3619 eat,

97 3633 128 3680 nt
145 3621 256 3682 refellat
273 3623 352 3701 Petri
370 3623 546 3706 figmentum.
590 3624 664 3684 Nam
689 3645 720 3684 se
741 3623 936 3706 abnegationis
959 3623 1003 3685 sui
1026 3636 1056 3686 et
1079 3625 1232 3708 patientiae

98 3699 238 3779 exemplar
262 3701 364 3780 cuique
388 3707 569 3782 proponere,
599 3699 652 3762 sibi
678 3700 827 3760 serendum
851 3717 911 3760 esse
934 3702 1071 3777 ostendit,
1095 3702 1172 3781 quod
1187 3697 1231 3786 'ab

97 3773 155 3834 eius
174 3795 297 3856 persona
315 3775 436 3837 alienum
453 3797 515 3838 esse
533 3777 653 3837 ducebat
671 3777 784 3838 Petrus:
809 3775 909 3837 deiude
927 3777 964 3838 ad
980 3775 1167 3838 imitationem
1186 3793 1232 3831 m-

95 3848 164 3910 ritat
183 3851 292 3934 singula
311 3853 439 3932 corporis
458 3852 500 3915 ‘sut
518 3854 654 3914 membra.
686 3852 746 3913 ‹Sle
765 3862 860 3914 autem
878 3855 981 3916 resolvi
1000 3863 1117 3934 oportet
1134 3847 1231 3922 verta,
1270 3891 1275 3904 ι

27 3977 32 3992 ,
97 3925 128 3984 Si
147 3927 212 4007 quis
229 3927 290 3988 vult
306 3949 386 3988 meus
405 3947 474 4005 esse,
494 3928 634 4013 abnegato
653 3948 683 3989 se
702 3929 764 4007 ipso
784 3941 814 3990 et
832 3947 918 3992 cruce
935 3929 1050 4000 sublata,
1066 3946 1114 3986 me
1131 3943 1232 4003 sequa-
1318 3999 1321 4010 ,

96 4011 156 4078 tur,
177 4003 228 4067 ,vel
245 4003 281 4072 ad
300 4001 459 4095 exemplum
472 4027 571 4066 meum
592 4026 622 4066 se
642 4005 813 4067 conformet.
853 4007 960 4068 Sensus
978 4016 1072 4092 autem
1091 4010 1146 4073 est,
1168 4019 1232 4066 non

96 4097 177 4169 posse
199 4080 309 4140 censeri
328 4079 433 4142 Cbnsti
452 4079 610 4162 discipulos,
633 4081 695 4142 nisi¹
706 4081 755 4162 qui
772 4081 834 4143 reri
851 4093 917 4142 sunt
936 4081 994 4141 eius
1014 4086 1177 4150 imitatoret,
1197 4093 1232 4136 ac

95 4175 126 4212 m
148 4157 249 4217 eodem
269 4175 384 4216 currere
402 4155 490 4218 stadio
508 4158 598 4240 parati
615 4167 689 4219 sunt
737 4159 831 4220 Porro
853 4156 972 4217 brevem
987 4151 1157 4240 ‘imitationis
1182 4171 1232 4210 re-

96 4229 189 4312 gulam
207 4232 382 4313 praescribit,
401 4231 579 4309 ntidamai,
598 4255 652 4314 qua
669 4233 763 4324 praeci
785 4253 822 4292 ne
839 4225 1009 4316 inpetrem
1026 4223 1152 4310 sibinos
1170 4241 1232 4288 earo

97 4307 210 4370 similes:
235 4329 267 4371 ea
285 4329 356 4371 vero
375 4307 485 4370 duobus
503 4309 595 4371 modis
615 4302 734 4385 conciat,
753 4254 944 4386 abnegatione
960 4307 1062 4430 nosgn,
1082 4309 1111 4358 et
1128 4296 1233 4364 volun·

26 4373 32 4434 l
124 4397 345 4474 cuim-equum.
359 4398 384 4444 tn
396 4397 474 4446 nam.
488 4399 528 4446 nv.
552 4400 597 4445 ιιι.
611 4399 641 4442 ιι.
