2796 4774
106 177 114 213 g
156 193 190 214 ⁴¹¹*

396 199 872 288 '(121.Dscouririnregh·)
932 204 976 312 'N
1045 221 1047 230 ’
1177 205 1217 270 u

1220 315 1229 342 θ

93 349 296 446 tpiciurmira
313 353 368 420 Del
386 351 509 432 bonitas,
533 353 595 441 qu,
622 353 674 422 nii
691 353 767 428 uino
786 353 822 420 ad
839 374 871 420 aa
889 362 1040 426 rotatoat
1126 374 1215 420 anor

57 461 60 467 v
92 431 176 508 videt,
190 429 334 521 pigritiam
353 441 477 494 nostram
496 431 661 514 importune
678 431 819 502 sollicitat:
837 452 892 495 nec
910 443 1028 502 tantum.
1040 450 1074 494 ex
1095 433 1223 496 ortano--

92 506 173 580 nilqm
192 527 245 571 nos
282 507 370 594 ungit,
388 507 439 570 sed
457 507 541 584 ctiam
559 507 642 572 minis
662 507 806 594 compellit
822 509 856 578 ad
874 529 905 573 sc
924 509 1068 575 accedere.
1098 509 1213 574 Interea

90 602 152 642 non
170 529 307 666 improlo,
326 585 403 667 quod
421 583 467 648 An
522 583 597 647 tinus
615 585 670 648 hoc
687 583 851 648 testimonio
865 586 975 669 saepius
994 595 1096 648 contra
1111 585 1212 647 Dona-

90 659 178 722 tistas'
192 680 257 722 naus
282 672 334 738 est,
359 672 392 722 ut
414 603 562 748 proldlet,
584 659 697 746 piorum
719 661 879 747 principum
901 660 998 724 edictis
1021 661 1057 724 ad
1074 661 1136 724 veri
1154 660 1213 724 Dei

91 733 193 800 crdtnm
212 746 241 798 et
257 735 322 798 fidei
341 737 478 800 unitatem
496 737 573 800 licite
593 737 659 823 cogi
677 737 852 821 praefractos
871 747 901 803 et
919 736 1050 802 rebellem
1070 737 1144 830 qnia,
1158 737 1213 814 etsi

90 809 241 874 voluntaria
260 826 301 876 est
319 813 403 888 fides,
421 813 548 876 ridemus
565 824 674 888 tamen,
691 813 725 877 iia
743 813 844 880 mediis
860 812 966 882 utiliter
982 812 1092 881 domam
1109 833 1211 878 eorum
1242 868 1247 879 .

88 887 281 967 pervicaciam,
300 890 351 970 qui
368 910 430 951 non
450 889 508 952 nist
523 889 615 953 coacti
635 901 743 972 parent.
928 919 931 945 ι
1060 964 1064 970 ,

158 964 256 1026 Marus
276 970 325 1031 11.
366 969 387 1030 l
426 987 527 1028 rectus
549 976 651 1028 nutem
673 985 743 1038 ren,
769 976 805 1028 or
818 966 950 1030 -atderee
986 963 1049 1039 fflic
1070 964 1127 1030 hm
1148 987 1209 1030 non

27 1054 32 1117 t
87 1041 231 1122 exprobrat
254 1034 385 1106 Christus
425 1041 534 1118 nuans,
560 1043 638 1125 quod
659 1040 745 1126 impis
766 1041 990 1128 contempserint
1011 1041 1069 1104 Dei
1091 1044 1210 1128 gratim

87 1131 115 1180 et
132 1117 325 1182 vocationem:
349 1117 401 1183 sed
420 1135 471 1182 eos
495 1117 543 1200 qni
565 1117 736 1202 subrogandi
759 1128 841 1200 erant
858 1117 890 1182 in
909 1115 1020 1180 illorum
1037 1116 1133 1182 locum
1149 1140 1211 1182 ma-

85 1202 145 1256 ture
162 1205 349 1276 praemonet,
369 1215 407 1258 ne
424 1194 482 1260 saris
501 1194 633 1258 sordibus
651 1213 743 1260 sacras
760 1195 873 1278 nuptias
889 1193 1047 1273 inquinent,
1065 1193 1115 1256 ubi
1130 1195 1211 1257 Deua

85 1289 190 1332 mensae
212 1293 279 1334 snae
303 1269 520 1354 participatione
543 1285 595 1334 eos
616 1269 745 1354 dignatus
768 1270 863 1336 tueris
906 1272 985 1354 Ergo
1004 1268 1138 1332 hactenus
1156 1271 1212 1334 do-

86 1345 152 1421 cuit,
175 1347 299 1410 Iudaeos
322 1347 435 1430 speciali
456 1346 574 1410 honoris
597 1347 745 1441 privilegio
769 1347 808 1410 ob
830 1345 952 1430 impium
967 1368 1051 1412 anum
1069 1345 1211 1410 fastidium

84 1421 229 1512 privandos
240 1443 314 1500 esse,
332 1435 416 1506 atque
427 1445 460 1487 ex
477 1422 605 1506 profanis
624 1434 655 1490 ct
672 1423 820 1488 resecticiis
838 1424 970 1512 gentibus
989 1423 1140 1502 vocmdos,
1161 1421 1211 1506 qui

84 1517 111 1558 sn
129 1517 229 1562 eorum
247 1498 347 1560 locum
365 1501 556 1570 succederent.
594 1501 679 1566 Nunc
702 1521 773 1565 sero
791 1500 945 1576 denuntiat,
969 1518 1004 1568 er
1022 1498 1079 1564 hoc
1094 1517 1211 1582 quoque

83 1595 197 1638 numero
212 1577 441 1640 exterminandos
456 1597 526 1653 esse,
544 1575 594 1658 qui
604 1575 757 1650 Ecclesiam
776 1576 946 1644 contumelia
963 1575 1124 1640 affecerint:
1143 1597 1210 1638 nam

84 1651 1212 1798 pgpqpqureggnqg11umaqqgg3pgegpgqpqg
1297 1757 1301 1766 ,

29 1863 30 1866 ,
82 1803 154 1866 inter
178 1805 265 1883 alios,
296 1749 412 1868 tandem
436 1743 732 1872 mladolpdonvims
753 1753 1001 1892 pertransimus
1024 1803 1100 1870 iores
1121 1749 1220 1868 ¹dilecti·

84 1881 227 1971 papiuntur
245 1881 283 1944 ad
301 1904 434 1965 poenam.
474 1883 591 1946 Summa
611 1895 666 1946 cst:
687 1905 746 1948 non
764 1903 863 1964 ornnes
922 1879 1036 1946 'seurel
1053 1879 1209 1946 Ecclesiam

31 1980 32 2038 q
82 1959 198 2041 ingressi
214 1959 332 2036 luerint,
352 1959 426 2043 ritae
445 1970 577 2023 aeternae
595 1958 659 2024 iore
674 1960 836 2054 participes,
854 1905 974 2042 scduqm
988 1970 1121 2022 ornatum
1139 1978 1211 2032 eoef

82 2031 143 2094 lesti
159 2035 265 2116 palatio
286 2035 403 2120 dignum
420 2049 532 2124 gestare
543 2048 682 2122 comperti
696 2037 811 2100 luerint.
834 2037 1117 2100 romanensem
1137 2035 1210 2095 stata

83 2109 182 2175 frustra
201 2122 336 2192 certatur,
354 2111 429 2176 sitne
446 2113 524 2189 fides,
543 2135 580 2174 an
597 2126 693 2176 sancta
711 2112 888 2198 acpiaffita:
909 2111 975 2194 quia
992 2131 1087 2194 neque
1124 2112 1173 2174 des
1192 2129 1211 2171 a

30 2210 31 2214 ¹
82 2185 162 2250 bonis
181 2188 318 2270 operibus
338 2189 462 2274 separari
481 2201 592 2272 potest,
613 2201 642 2252 et
660 2189 737 2252 bona
756 2209 844 2280 opera
861 2209 922 2249 non
940 2187 996 2250 nisi
1015 2204 1050 2249 ex
1066 2186 1122 2248 lide
1139 2205 1211 2268 prn-

30 2329 33 2345 ,n
85 2263 193 2324 cedunt.
235 2261 366 2330 Christus
389 2277 485 2328 antem
502 2263 560 2328 hoc
578 2276 689 2340 tantum
706 2262 806 2340 solun,
826 2263 879 2324 hac
897 2261 924 2322 le
946 2261 1212 2326 enosaDnmino

28 2347 30 2392 :¹
82 2339 188 2418 vocari,
213 2351 249 2405 ut
267 2339 376 2423 Spiritu
393 2358 568 2403 renovemur
585 2341 617 2400 in
638 2340 699 2402 eius
716 2337 883 2422 imaginem,
902 2337 913 2398 l
933 2357 1037 2416 eoque,
1056 2345 1213 2420 utlpcrpe·

29 2431 33 2483 ‘1
83 2425 131 2476 tun
150 2416 233 2477 domi
254 2417 312 2478 eius
331 2436 503 2488 maneamus,
522 2425 651 2475 veterem
668 2413 815 2474 hominem
834 2435 899 2476 cum
916 2411 974 2474 suis
993 2408 1212 2496 inquinamentis

30 2488 33 2561 ἶ
81 2493 243 2554 exuendum
265 2513 342 2571 esse,
371 2513 405 2558 ac
428 2489 617 2552 meditandam
636 2494 741 2550 nouam
759 2489 859 2563 nram,
890 2498 924 2548 ut
945 2486 1064 2550 uestitus
1081 2497 1139 2550 tam
1156 2484 1212 2550 lao-

30 2566 34 2605 l
79 2567 219 2629 norificae
241 2567 386 2628 vocationi
403 2563 583 2648 respondeat
626 2563 684 2638 Sed
706 2563 863 2646 quaeritur,
887 2562 935 2646 qui
960 2562 1112 2626 conveniat
1127 2583 1210 2624 men-

80 2644 177 2704 dicum
202 2641 294 2730 atrqci
319 2661 413 2722 poena
434 2639 578 2716 mulctari,
604 2641 667 2722 qnia
688 2638 841 2733 nuptialem
864 2652 973 2705 vestem
995 2659 1056 2702 non
1074 2639 1210 2715 attulerit

79 2719 254 2800 quasivero
277 2737 386 2780 nonum
409 2717 461 2793 sit,
488 2717 618 2792 miseros,
645 2717 693 2800 qui
716 2727 827 2781 vrctum'
845 2716 876 2781 in
895 2716 1025 2800 compitis
1042 2717 1211 2800 quaeritant,

78 2794 189 2858 laceros
210 2814 243 2854 ac
262 2793 403 2856 deformes
417 2792 559 2876 conspici.
583 2795 767 2878 Respondeo,
786 2791 911 2858 hicnon
927 2793 1051 2870 tractari,
1071 2796 1211 2859 undere-

80 2871 272 2955 rtispetenda
289 2870 340 2932 sit:
365 2893 429 2934 nam
448 2869 589 2932 Dominus
609 2893 735 2952 quoscun
757 2892 793 2934 ue
811 2871 924 2948 inuitat,
947 2869 1032 2933 simul
1054 2871 1140 2932 etiam
1157 2890 1211 2932 ue-

81 2949 141 3025 stit‘,
162 2969 198 3010 ac
216 2945 248 3007 in
269 2947 400 3009 omnibus
419 2948 505 3016 nobis
523 2946 664 3028 impletur,
684 2893 762 3030 quod
780 2946 849 3008 dicit
865 2945 999 3008 Ezechiel
1016 2967 1075 3084 cap.
1096 2949 1148 3021 16,
1166 2947 1211 3018 7.,
1240 2955 1243 2962 “

99 3047 165 3084 uum
195 3023 266 3086 nihil
289 3025 369 3084 Deus
392 3024 521 3086 inveniat
544 3023 575 3084 in
600 3024 686 3084 nobis
709 3034 822 3107 praeter
846 3023 977 3085 miseram
1000 3042 1041 3082 nu
1062 3023 1158 3086 'tatem
1181 3029 1211 3080 et

54 3137 69 3168 a„
81 3046 199 3165 lloetidas
210 3099 317 3176 sordes,
336 3121 439 3162 ornare
459 3121 513 3161 nos
531 3096 678 3180 splendido
688 3101 804 3162 vestitu:
822 3100 926 3161 scimus
938 3099 1032 3172 etiarn,
1050 3117 1111 3160 non
1130 3095 1212 3160 aliter

82 3175 231 3240 reformari
247 3197 301 3237 nos
320 3175 351 3238 in
371 3177 525 3260 imaginem
544 3176 609 3251 Dei,
629 3177 683 3237 nisi
702 3177 769 3238 dum
786 3174 930 3239 Christum
954 3173 1104 3234 induimus.
1141 3173 1213 3234 Non

83 3274 151 3336 ergo
170 3253 339 3336 pronuntiat
360 3252 506 3329 Christus,
532 3252 652 3315 eiectum
670 3252 706 3314 iri
723 3253 842 3314 miseros
860 3249 1006 3326 homines,
1033 3249 1082 3331 qui
1101 3249 1212 3334 pretio—

82 3350 138 3390 sam
158 3340 271 3392 vestem
290 3350 324 3390 ex
345 3351 409 3391 arca
428 3351 478 3391 sua
497 3330 531 3390 de
551 3340 691 3410 romptam
710 3351 771 3390 non
791 3325 950 3401 attulerint,
968 3325 1018 3387 sed
1038 3325 1087 3418 qui
1103 3325 1212 3409 reperti

83 3405 187 3466 suerint
209 3405 248 3466 in'
269 3405 325 3466 suis
350 3407 497 3479 sordibus,
522 3351 572 3466 upbi
590 3395 669 3467 Deus
688 3407 722 3467 ad
745 3425 862 3468 examen
881 3405 917 3464 de
935 3403 1062 3465 convivas
1085 3403 1141 3468 eruis
1160 3403 1211 3464 ha-

83 3478 205 3542 bendum
225 3481 365 3543 adveniet
410 3481 565 3546 Conclusio
583 3501 654 3555 serp
665 3484 759 3563 finem
770 3481 934 3560 parabolae
953 3480 1086 3556 ostendit,
1105 3500 1212 3562 paucos

85 3577 142 3619 esse
161 3557 285 3630 electos,
309 3555 377 3618 licet
398 3557 480 3620 multi
497 3557 593 3619 uocati
610 3557 680 3618 sint:
699 3559 775 3618 unde
794 3555 965 3643 colligimus,
984 3577 1044 3618 non
1064 3579 1125 3618 esse
1143 3556 1213 3641 sub·

25 3623 26 3642 ¹
84 3631 168 3694 tiliter
193 3633 377 3694 excutiendas
395 3632 519 3718 singulas
541 3633 699 3715 particulas.
743 3635 844 3713 Neque
868 3633 944 3693 enirn
968 3633 1106 3716 Christus·
1119 3653 1212 3714 nuper

85 3709 273 3786 denuntiavit,
301 3711 438 3772 maiorem
456 3721 566 3794 partem
585 3710 708 3772 eiectum
728 3708 779 3786 iri,
805 3709 855 3770 sed
876 3710 959 3770 unius
977 3721 1088 3772 tantum
1110 3707 1212 3768 memi-

85 3785 135 3846 nit:
160 3787 209 3848 hic
229 3807 299 3848 vero
322 3787 462 3863 andimus,
488 3807 593 3868 paucos
613 3809 647 3848 ex
665 3799 770 3869 magno
790 3807 910 3846 numero
929 3798 1073 3850 retentum
1090 3783 1135 3846 iri.
1173 3785 1214 3842 Et

86 3873 170 3938 certe,
229 3885 278 3924 um
295 3862 381 3936 hodie
401 3863 495 3945 plures
511 3864 659 3946 Evangelii
674 3885 747 3926 voce
765 3863 796 3923 in
814 3861 969 3924 Ecclesiam
988 3869 1212 3948 curamegentur,

86 3959 166 4017 qnam
187 3939 225 4000 0'
272 3961 326 4021 per
344 3941 469 4023 Legem,
495 3940 595 4022 exigua
612 3940 708 4023 portio
726 3939 801 4001 vitae
819 3940 1047 4002 novitate'fidem
1066 3956 1144 4022 suan}
1162 3953 1213 4014 ap-

84 4016 195 4093 probat.
240 4014 340 4090 Quare
364 4037 403 4077 na
426 4014 583 4096 placeamus
607 4015 690 4080 nobis
710 4015 788 4074 inani
809 4014 874 4079 fidei
895 4014 996 4091 titulo,
1021 4013 1072 4076 sed
1094 4025 1213 4100 qtusque

86 4091 158 4151 serio
186 4111 218 4154 se
242 4091 336 4172 ipsum
359 4091 512 4167 examinet,
541 4104 575 4152 nt
597 4091 628 4154 in
650 4091 752 4152 ultimo
772 4089 883 4154 delectu
903 4090 1012 4153 censeri
1029 4095 1119 4169 possit
1135 4096 1213 4148 tuter

86 4163 226 4247 legitimos
250 4166 392 4232 conuiuas·
430 4169 504 4228 Nam
521 4179 555 4228 ut
573 4167 675 4231 Pardus
695 4167 830 4227 admonet
848 4167 900 4244 (Π
911 4167 986 4226 Tim.
1007 4167 1036 4236 2,
1055 4159 1131 4250 39),
1149 4179 1212 4224 non
1231 4231 1233 4244 Ι

87 4243 169 4334 unius
185 4243 301 4337 generis
320 4263 385 4306 vasa
403 4254 469 4305 sunt
486 4243 518 4304 in
531 4246 617 4306 domo
629 4241 758 4315 Domini,
775 4243 839 4302 iden
859 4241 983 4305 discedat
1000 4235 1035 4296 ab
1054 4232 1212 4319 uriqnitate,

88 4339 209 4411 qusqm
228 4331 346 4387 mrncat
363 4338 471 4388 nomen
482 4320 610 4386 Domini.
637 4320 696 4385 Hie
715 4317 752 4378 ds
770 4313 953 4383 aeternaDei
972 4311 1112 4382 annom
1129 4315 1212 4380 ultim
