2796 4774
255 183 260 194 ⁸
324 181 521 308 (arr-re
543 225 672 290 clarus
689 229 719 293 a
739 227 849 294 coeam
868 191 1097 326 numerals·
1190 231 1249 296 ns
1384 257 1391 282 ,

113 383 256 448 stolorum
276 401 425 454 ,antecessor
443 401 506 444 esse
523 391 642 462 potest„
653 377 708 442 nisi
727 379 775 460 qui
793 399 871 464 snam
889 381 920 441 in
938 379 1085 464 Evangelii
1102 379 1246 462 praediea-

111 461 200 524 tione
212 479 327 540 operam
341 457 625 538 Christo-impendit?
652 457 783 536 Denique
797 458 919 539 quisquis
928 459 1054 535 doctoris
1074 469 1166 537 partes
1184 479 1246 538 non

106 536 227 618 implet,
253 556 401 616 perperam
421 555 526 594 nornen
549 528 681 614 Apostoli
706 535 856 601 mentitur:
879 533 938 600 imo
965 535 1020 608 boc
1043 533 1119 594 Nori
1143 535 1247 594 Testa-

111 613 208 673 menti
228 611 414 676 sacerdotium
433 623 498 686 est,
510 609 648 690 spirituali
670 609 750 670 verbi
769 606 861 692 gladio
882 609 1010 672 homines
1029 612 1059 682 iu
1081 609 1246 671 sacrificium

111 690 184 750 Deo
205 699 333 763 mactare.
362 688 448 748 Unde
466 687 600 765 sequitur,
618 678 773 764 degeneres
793 705 854 754 csse
873 697 902 746 et
922 685 1136 748 commenticios
1147 688 1254 748 onmes
1358 687 1360 692 ’

113 764 271 838 sacrificas,
295 763 343 843 qui
368 785 426 822 non
452 761 709 836 suntaddocendi
729 759 854 821 officium
872 760 984 829 intenti.
1021 767 1129 824 Docere
1144 783 1246 824 omnes

111 852 230 922 gentes.
264 841 320 900 Hic
346 839 474 900 Christus
500 837 609 898 sublato
633 835 792 898 discrimine
815 827 926 899 Gentes
949 851 1050 916 aequat
1072 837 1197 914 Iudaeis,
1216 848 1248 898 et
1311 897 1312 902 ,

113 931 253 997 utrosque
271 916 430 997 promiscue
448 915 478 974 in
497 911 621 974 foederis
638 913 801 978 societatem
817 914 971 976 admittit·
988 917 1058 990 Quo
1077 916 1160 976 etiam
1179 924 1248 994 per'·

18 1045 24 1067 ,
82 993 191 1068 ,tinet
211 995 340 1062 eaeeuradi
365 992 497 1052 verbum:
531 1011 595 1050 narn
617 989 768 1070 Prophetis
791 991 843 1052 sub
867 991 946 1075 Lege
970 992 1135 1082 praescripti
1161 1002 1262 1052 erant
1361 997 1365 1012 “

23 1085 31 1134 ζ
113 1069 237 1131 Iudaeae
255 1069 363 1142 limites,
383 1074 460 1127 nunc
478 1085 548 1136 vero
568 1061 658 1128 diruta
670 1066 806 1141 maceria,
826 1067 971 1149 brangelii
984 1069 1127 1138 mimstros
1146 1065 1247 1148 procul

34 1163 42 1172 ·
114 1145 195 1206 exire
218 1145 307 1206 iubet
320 1143 459 1206 Dominus
482 1143 516 1204 ad
538 1143 722 1223 spargendam
744 1164 796 1223 per
815 1143 1247 1235 omuesmundiplagaasalu-
1320 1157 1324 1170 ¹

1 1288 3 1296 ,
36 1262 40 1266 -
113 1221 156 1282 tis
174 1211 340 1290 ddctrinam.
374 1217 516 1294 'Quamvis
541 1220 617 1278 enim
642 1219 693 1295 (ut
712 1219 982 1312 nuperattigimus)
1004 1233 1275 1311 prrmogemturae-

114 1297 252 1379 dignitas,
262 1297 339 1356 inter
363 1295 749 1432 primaexordiatmanserst
767 1296 844 1384 ⁸apud
867 1297 1001 1369 Iudaeos,
1027 1318 1184 1358 communis
1201 1307 1247 1356 tas

113 1393 186 1434 men
206 1373 346 1436 Gentibus
379 1372 419 1432 uit
442 1383 516 1432 vrtae
541 1371 704 1432 baereditas.
743 1372 792 1432 Src
812 1372 1034 1456 impletum-‚suit
1056 1373 1127 1434 illud
1141 1373 1248 1434 Iesaiae

94 1448 281 1512 'vaticinium
300 1450 361 1524 (49,
381 1447 428 1524 ti.)
451 1469 515 1508 eum
534 1447 679 1520 similibus,
697 1448 793 1516 datum
813 1469 873 1510 esse
894 1448 1197 1522 Christumfieutibus
1215 1449 1248 1512 itt
1344 1517 1345 1520 ,

113 1526 227 1600 lucem,
247 1536 281 1593 ιιι
302 1523 338 1584 sit
349 1523 434 1586 salus
457 1523 514 1600 Dei
537 1523 632 1604 usqbe,
644 1523 681 1596 ¹ad
694 1535 860 1594 ,extremum
873 1537 978 1586 terrae.
997 1521 998 1525 ’
1018 1525 1052 1584 ld
1071 1530 1182 1588 blancus
1200 1519 1248 1584 iri-³

115 1600 221 1684 telligit
242 1621 294 1680 pec
316 1619 431 1663 omnem
457 1611 624 1667 creaturam:
651 1599 715 1680 quia
739 1612 885 1680 postquam
906 1602 1064 1670 domesticis
1084 1603 1247 1662 annuntiata

114 1677 175 1740 fuit
197 1698 281 1758 pax„
290 1677 326 1738 ad
353 1675 523 1758 longinquos
549 1677 632 1738 etlam
656 1686 695 1737 et'
710 1688 857 1738 extraneos
877 1677 954 1747 idem
973 1679 1088 1744 nuntius
1105 1677 1246 1759 persenit.

1 1767 2 1826 ζ
89 1805 92 1808 .
114 1757 213 1816 Porro
232 1774 314 1833 quam
332 1754 447 1814 necessi
466 1749 564 1828 l‘aerit,
584 1753 657 1814 clare
676 1753 788 1828 moneri
806 1754 960 1833 Apostolos
980 1757 1016 1815 de
1034 1755 1171 1824 Gentium
1185 1775 1246 1816 ⁴ro·
1318 1793 1324 1808 ι

115 1829 246 1903 cadone,
272 1829 339 1888 inde
361 1833 451 1908 patet,
478 1829 661 1906 quodetiam
682 1841 747 1908 post
769 1835 915 1910 acceptum
939 1823 1111 1906 mandatum,
1133 1831 1176 1904 ‚ad
1194 1821 1266 1892 eds,
1289 1869 1291 1878 ‹

1 1930 2 1961 ι
112 1905 254 1968 accedere
277 1904 330 1965 illis
353 1925 463 1965 summo
477 1906 603 1973 ¹horrori
626 1903 691 1979 fuit,
722 1904 779 1964 acsi
802 1927 833 1968 se
859 1917 888 1966 et
910 1907 1066 1968 doctrinam
1079 1907 1247 1989 polluerent

116 1984 206 2060 (Acte
222 1983 269 2054 10,
287 1983 360 2053 28).
397 1983 594 2058 Baptizantes
612 2003 670 2054 epe,
711 1981 849 2071 Baptizari
869 1982 948 2042 iubet
969 1982 1106 2058 Christus,
1125 1984 1172 2063 qui
1190 2004 1247 2043 noa

1 2099 2 2122 ι
113 2079 185 2118 men
204 2057 360 2136 Evangelio
378 2057 520 2131 dederint,
539 2075 624 2137 seque
643 2055 763 2148 professa
782 2057 887 2118 luerint
907 2059 1069 2139 discipulos:
1092 2061 1195 2140 partim
1213 2071 1247 2123 ut

1 2128 2 2144 ¹
73 2159 88 2170 -
114 2133 173 2194 illis
199 2131 356 2210 Baptismus
380 2132 454 2192 vitae
477 2144 608 2195 aeternae
631 2144 799 2193 sittessera
825 2153 920 2194 coram
946 2135 1024 2210 Deo,
1049 2136 1151 2214 partim
1172 2135 1246 2216 apud

115 2207 249 2273 homines
273 2219 419 2272 externum
438 2207 502 2268 fidei
526 2209 647 2290 signnm,
674 2209 795 2285 §cimus
821 2209 911 2282 euim,
933 2211 1030 2270 Deum
1047 2211 1132 2271 nobis
1150 2211 1266 2272 testari*

115 2282 280 2364 adoptionis
303 2283 512 2366 suaesgratiam
535 2285 589 2344 boc
611 2286 708 2366 signu,
733 2284 797 2362 quia
811 2283 869 2344 'uos
888 2283 986 2344 inserit
1008 2286 1038 2346 in
1058 2295 1162 2366 corpus
1181 2287 1247 2350 Filii

115 2361 178 2436 sui,
198 2371 236 2419 ut
258 2380 312 2418 nos
328 2359 366 2416 in
389 2379 478 2440 grege
501 2378 552 2420 suo
577 2372 700 2422 censeat:
724 2361 789 2420 ideo
813 2372 842 2421 et
859 2360 1151 2439 spiritualenosuum
1169 2361 1246 2425 lara-

117 2457 214 2511 crum,
237 2454 295 2514 quo
320 2455 371 2496 nos
394 2435 451 2496 sibi
469 2437 649 2510 reconciliat,
675 2447 705 2496 ct
730 2457 807 2498 nova.
828 2437 931 2498 institia
954 2423 1010 2497 illic
1033 2452 1247 2519 repraesentare·
1346 2491 1351 2512 ,

115 2526 178 2574 tur.
215 2510 273 2572 Sed
297 2511 531 2588 quemadmodum
553 2513 670 2591 gratiam
689 2535 766 2574 suam
788 2513 867 2574 Deus
887 2515 943 2578 boc
961 2514 1053 2606 sigillo
1072 2515 1155 2576 uobis
1174 2537 1247 2577 con·
1280 2554 1294 2572 t

116 2590 228 2662 firmat,
253 2586 292 2673 ita
332 2587 473 2667 tricunque
491 2609 521 2648 se
540 2591 574 2649 ad
592 2589 626 2650 ba
650 2589 762 2660 tisinum
781 2589 923 2670 offerunt,
948 2591 1068 2652 vicissim
1088 2591 1164 2682 quasi
1183 2593 1247 2654 data

116 2662 279 2746 syngrapha
296 2607 483 2756 n‘bstringunt
504 2686 581 2726 suam
605 2609 700 2735 fidem.
744 2667 842 2734 Porro.
863 2689 949 2747 quum
974 2665 1119 2748 Apostolus
1142 2667 1247 2742 diserte

76 2761 80 2772 ·
116 2761 177 2806 una
196 2762 261 2800 cnm
278 2740 487 2818 praedicatione
505 2741 652 2825 Evangelii
668 2742 814 2804 mandatae
832 2741 891 2824 sint¹
907 2743 976 2814 istae
991 2755 1100 2835 partes,
1120 2746 1247 2824 sequitur

116 2837 183 2880 non
199 2815 269 2877 alios
288 2817 416 2907 baptismi
435 2815 589 2904 legitimos
600 2819 833 2894 esseministros,
851 2819 904 2884 nisi
924 2820 971 2898 qui
990 2820 1073 2882 erdem
1094 2821 1175 2881 simul
1192 2823 1246 2884 do·

117 2893 240 2962 ctrinam
263 2893 430 2954 ministrant.
471 2895 559 2968 Quod
584 2917 654 2978 ergo
680 2893 794 2975 privatis
816 2895 991 2971 bominibus,
1016 2897 1085 2958 imur
1101 2897 1183 2956 etiam
1202 2897 1247 2958 se-

116 2967 204 3032 minis
226 2969 360 3053 permissa
386 2969 438 3030 fuit
458 2969 617 3049 baptizandi
641 2971 764 3046 licentia,
791 2972 854 3054 quia
875 2971 987 3033 Christi
1005 2972 1173 3032 institutioni
1191 2974 1247 3034 mi-

116 3045 197 3106 nime
217 3057 438 3107 cousentaneum
459 3057 511 3120 est,
529 3047 597 3106 nihil
616 3047 688 3108 aliud
704 3041 757 3108 suit
769 3069 851 3128 quam
865 3069 941 3108 mera
954 3048 1122 3184 prolaoaqo.
1153 3049 1247 3126 Adde,

117 3143 206 3204 quum
226 3113 371 3188 doctrinae
395 3121 473 3201 prior
490 3123 573 3184 datur
595 3122 688 3196 locus,
711 3125 786 3184 iuter
806 3123 861 3184 boc
884 3125 1047 3204 mysterium
1065 3139 1082 3184 'e
1113 3124 1247 3186 adulteri-

116 3207 177 3264 r'ros
193 3198 332 3259 Gentium
350 3197 435 3272 ritus,
454 3197 554 3278 quibus
572 3220 601 3262 se
618 3201 649 3264 in
669 3220 717 3260 sua
735 3222 810 3261 sacra
828 3201 950 3276 initiant,
961 3222 1067 3262 ¹uerum
1087 3201 1171 3262 statui
1190 3203 1247 3264 dis-

118 3275 245 3337 o‘rimen:
273 3275 350 3356 quia,
374 3275 475 3336 doucc'
489 3275 578 3336 verbo
596 3293 649 3338 suo
667 3287 803 3350 terrestre
827 3276 995 3338 elementum
1014 3279 1093 3338 Dens
1111 3277 1246 3356 'vivificet

117 3351 203 3412 nabis
221 3362 427 3413 sacramentum
450 3371 511 3412 non
534 3352 674 3414 efficitur(
708 3355 749 3413 Ut
774 3353 933 3436 superstitio
958 3354 1052 3414 omnia
1078 3353 1134 3414 Dei
1158 3375 1246 3436 opera

115 3439 302 3508 praepostere
319 3428 488 3502 aemulatur,
511 3426 593 3490 stulti
608 3427 735 3490 homines
753 3431 827 3488 varia
845 3437 1018 3491 sacramenta
1036 3429 1174 3492 fabricant
1191 3453 1245 3514 pro

118 3522 177 3574 spo
192 3502 327 3578 arbitrio,
348 3505 399 3569 sed
421 3505 568 3587 quianon
591 3505 687 3568 subest
709 3506 841 3582 verbum,
866 3518 996 3586 tanquam
1020 3507 1124 3584 anima,
1148 3507 1246 3568 inanes

113 3589 188 3650 'mut
206 3599 241 3650 ac,
256 3579 377 3653 lusoriae
395 3581 539 3658 umbrae.=
561 3581 659 3658 Quare
677 3594 831 3658 teneamus,
849 3583 995 3656 doctrinae
1013 3583 1118 3644 virtute
1134 3582 1196 3643 fieri
1214 3595 1247 3644 ut

96 3653 201 3738 ‘signa'
223 3675 326 3715 novam
350 3669 478 3720 naturam
502 3659 630 3722 induant:
653 3659 733 3720 sicuti
757 3671 870 3720 externe
897 3661 987 3720 carnis
1012 3657 1084 3720 lotio
1101 3658 1245 3751 spirituale

118 3731 344 3812 regenerationis
361 3733 463 3826 pignus
483 3755 542 3798 esse
559 3735 676 3815 incipit,
697 3747 851 3814 praeeunte
870 3735 1016 3820 Evangelii
1034 3723 1174 3794 doctrinis
1197 3747 1245 3807 at·

119 3826 177 3885 que
198 3806 267 3868 baec
285 3829 408 3892 gentum
433 3822 476 3872 est
494 3811 686 3884 consecratio,
710 3810 741 3870 in
766 3812 843 3872 cuius
866 3811 960 3873 locum
983 3809 1119 3892 magicos.
1132 3812 1244 3872 exorci-

75 3942 85 3954 ,
119 3903 199 3944 smos
216 3884 336 3963 Papatus
357 3887 440 3948 nobis
458 3887 571 3948 invexit.
603 3887 672 3948 Ideo
694 3907 728 3946 ue
743 3889 819 3966 apud
830 3889 958 3948 Marcum
978 3885 1089 3960 dicitur,
1108 3891 1161 3966 qui
1180 3909 1243 3948 cre-

118 3959 244 4031 diderit,
273 3971 305 4028 et
327 3965 502 4041 baptizatus
517 3964 628 4040 suerit.
669 3907 698 4040 ὃ

118 4033 186 4098 lutis
200 4035 332 4100 'exuunt
362 4039 489 4103 Christus
517 4040 696 4122 hypocritas,
745 4039 773 4098 ui
798 4039 852 4100 fide
882 4037 962 4102 vacui
992 4050 1110 4108 externo
1134 4050 1244 4104 tautum

119 4109 207 4192 signo
220 4113 308 4174 inllati
327 4113 407 4180 iunt:
425 4116 475 4180 sed
492 4138 573 4178 sacro
592 4116 703 4176 viocrdo
721 4059 743 4176 d

119 4185 177 4247 boc
200 4186 270 4248 nibil
285 4189 365 4257 ,atiud
390 4194 427 4256 sit
449 4197 532 4276 quam
558 4191 631 4268 illius
652 4191 785 4254 accessio.
823 4197 931 4252 Verum
956 4191 1019 4272 quia
1043 4191 1147 4253 docere
1165 4191 1243 4272 prius

117 4261 198 4344 iubet
221 4263 350 4330 Christus
374 4291 457 4350 quam
479 4269 634 4352 baptizare,
657 4279 690 4328 *et
711 4279 819 4338 tantum
840 4267 991 4338 credentes
1014 4267 1048 4340 ad
1073 4267 1242 4348 baptismum
1316 4254 1326 4279 i

118 4340 180 4404 vult
200 4329 308 4424 recipi,
326 4345 441 4413 uidetur
460 4369 522 4413 non
544 4345 599 4412 rite
615 4339 801 4422 administrari
812 4337 981 4424 baptismus,
1002 4343 1057 4426 nisi
1075 4344 1142 4408 fides
1160 4365 1251 4427 prae·

701 3961 780 4026 uibus
799 3963 891 4026 verbis
909 3984 969 4022 non
987 3961 1074 4024 modo
1094 3983 1110 4024 a
1130 3985 1180 4043 spe
1199 3985 1244 4024 sa·
1349 3993 1355 4014 ·

740 4115 865 4177 octrinae
882 4115 1054 4195 Raptismum
1073 4114 1192 4196 copulat,
1211 4127 1244 4175 ut
1352 4157 1354 4164 ·
