2796 4774
465 261 548 344 (roo,
580 261 627 326 ne
646 260 740 332 muro
761 271 792 328 e
807 261 946 343 nanu.)
1189 265 1190 272 ‘
1227 267 1271 374 ¹³.

424 357 430 368 N
950 365 953 372 ι

19 459 20 464 1
127 443 196 487 non
216 423 367 488 disserere
384 422 497 488 deidei
513 424 706 507 perfectione,
727 424 778 490 ted
794 435 906 490 tantum
926 425 1093 502 ostendere,
1117 425 1149 489 in
1167 425 1269 510 quitus

126 503 264 583 verlpum
284 501 442 564 fructificet
480 501 650 583 Quanquam
667 522 739 586 ergo
757 504 908 565 mediocris
927 505 984 566 erit
1005 504 1167 586 profectus,
1191 503 1269 584 quis-

126 579 198 674 quis
218 591 320 640 tamen
338 599 398 639 non
417 579 570 673 degenerat
587 599 604 638 a
620 579 733 640 sincero
753 580 811 644 Dei
831 579 921 656 cultu,
944 579 1021 642 bona
1038 593 1115 642 terra
1134 592 1165 643 et
1183 580 1268 642 ferti-

126 657 167 718 lrs
195 668 342 716 censetur.
381 655 478 735 ¹Spinrs
530 655 622 715 ''dem
645 653 796 718 evellendis
825 655 992 718 incumbere
1014 677 1069 718 nos
1092 658 1188 734 decet,
1215 657 1268 720 ced
1291 667 1292 676 ’

128 732 202 816 quia
220 753 284 792 nun
383 729 431 794 vel
449 731 501 794 assi
520 751 558 792 uo
577 731 675 792 labore
695 753 916 814 consequemur,
938 733 1007 814 quin
1024 733 1169 796 residuum
1191 754 1268 794 sem-

126 829 187 892 per
205 807 243 868 ali
287 809 294 823 '
330 819 455 883 maneat,
480 808 578 869 saltem
596 807 655 890 quis
695 829 712 870 e
735 822 865 872 nostrum
889 830 934 870 eas
953 810 1123 872 mortificare
1146 810 1268 888 studeat,

124 905 168 945 ne
189 831 294 946 Verli¹
304 885 428 950 fructum
446 885 609 966 impediant.
675 884 805 958 onfirmat
823 885 896 948 hene
916 886 1085 947 sententiam
1102 887 1179 966 quod
1197 907 1268 966 pro·

123 961 213 1022 xime
224 961 370 1042 sequitur,
391 961 441 1022 uhi
458 963 549 1030 docet⁴
565 959 707 1036 Christus,
729 982 790 1022 non
813 959 920 1042 aequali
938 983 1037 1024 omnes
1056 982 1187 1023 mensura
1205 963 1268 1024 fru-

124 1049 209 1098 ctum
229 1038 320 1100 ferre.
349 1037 413 1098 Etsi
432 1037 510 1102 enim
530 1036 654 1118 centupli
670 1049 802 1119 respectu
818 1038 913 1100 tenuis
933 1050 976 1098 est
994 1039 1053 1100 eius
1071 1051 1166 1102 terrae
1183 1037 1267 1100 ferti-

121 1107 205 1188 litas,
232 1135 309 1194 quae
324 1113 515 1196 trigeeuplum
558 1125 710 1174 reventum
728 1113 835 1186 reddit,
856 1113 984 1174 videmus
1006 1126 1102 1176 tamen
1125 1126 1159 1175 ut
1174 1125 1267 1179 terras

123 1211 233 1252 omues
255 1189 339 1250 simul
356 1191 512 1273 coniungat
566 1185 659 1264 ristus',
678 1209 749 1269 quae
768 1186 909 1270 agricolae
926 1186 1053 1253 laborem
1070 1211 1103 1250 ae
1111 1208 1189 1269 spem
1204 1205 1267 1250 non

121 1287 251 1348 prorsus
271 1266 451 1326 frustrantur.
490 1269 586 1360 Atque
606 1263 675 1324 hine
691 1266 840 1340 docemur,
867 1264 983 1326 minim
1006 1265 1182 1348 spernendos
1205 1285 1267 1327 esse

115 1342 177 1424 qui
196 1343 297 1403 minus
313 1341 469 1417 excellunt,
496 1341 608 1424 quando
631 1339 692 1433 ipse
710 1339 920 1422 paterfamilias,
947 1339 1015 1404 licet
1038 1363 1127 1404 unum
1166 1361 1268 1422 emque

115 1439 181 1500 pro
202 1419 396 1480 abundantiae
414 1439 480 1480 suae
499 1419 595 1510 gradu·
607 1416 666 1480 alins
684 1417 833 1499 praeferat,
856 1420 1000 1480 communi
1017 1431 1113 1480 tamen
1153 1417 1267 1480 onium

88 1535 94 1539 -
123 1495 229 1578 elogio
255 1495 408 1556 inferiores
437 1515 549 1575 quoque
567 1495 708 1576 dignatum.
750 1493 902 1564 Caeterum
924 1507 983 1557 tres
999 1495 1070 1556 istos
1095 1483 1208 1577 gradus¹
1221 1493 1267 1554 in-
1388 1543 1389 1554 2

121 1571 204 1634 sulse
225 1572 424 1652 Hieronymus
442 1571 477 1632 ad
495 1571 634 1654 virgines,
658 1571 768 1646 viduas,
792 1583 829 1632 et,
843 1572 979 1654 coniuges
998 1573 1163 1652 detorquet,
1188 1569 1268 1652 quasi

123 1669 201 1710 vero
220 1659 394 1730 prpveutm,
413 1669 498 1728 quem
518 1647 606 1730 exigit
625 1669 641 1709 a
658 1645 741 1717 nohis
761 1647 965 1723 Domiuuqad
984 1648 1076 1708 solum
1096 1647 1268 1708 coelibatum

123 1725 286 1806 pertineat,
305 1744 338 1802 qe
350 1737 411 1787 no‘n
420 1735 502 1806 caepe
511 1723 630 1786 uberior
647 1724 686 1785 sit
702 1723 917 1806 inproserendo
936 1724 1015 1784 omni
1024 1725 1162 1786 virtutmn
1171 1724 1268 1784 fructu

125 1802 203 1862 coni
274 1807 277 1816 '
305 1793 402 1882 pietas.
431 1802 498 1862 Hor
508 1821 621 1882 quoque
640 1799 735 1866 obiter
752 1801 896 1870 sciendum
908 1812 959 1878 est,
980 1799 1126 1862 Christum
1141 1798 1231 1861 nonlr
1252 1834 1267 1848 -

123 1878 222 1958 penho
238 1879 282 1939 'ce
294 1876 374 1958 loqui
383 1878 419 1938 de
429 1877 523 1939 fructu
533 1876 676 1959 centuplo,
695 1889 728 1936 ut
736 1888 805 1938 tunc
811 1877 869 1948 ,fuit
878 1879 1049 1958 quarundam
1057 1875 1211 1960 regionum
1220 1819 1267 1937 ἄ-

125 1955 272 2032 conditas,
291 1951 711 2038 sieutexhistoricispleritque
730 1953 880 2036 etquidem
890 1951 1134 2018 oculatis'testibus
1144 1961 1266 2018 constat.

121 2159 123 2167 ⁴
219 2158 326 2244 (1⁰9.)
369 2149 539 2228 MATTH.
561 2155 648 2228 x111.
688 2157 742 2228 24.
762 2157 868 2230 Aliam
887 2154 1077 2253 parobolam
1091 2157 1267 2250 proposuit

30 2291 32 2296 ’
125 2261 193 2343 eie,
221 2263 350 2344 dicens,
377 2263 596 2332 Assimilatunr
615 2271 665 2330 est
684 2285 816 2352 regnum
838 2261 1004 2330 coelorum
1028 2261 1152 2328 homini
1173 2264 1267 2330 semi·
1356 2259 1359 2266 ’

125 2369 223 2432 nanti
243 2365 368 2434 bonurn
388 2369 497 2432 semen
518 2369 555 2430 in
577 2387 655 2450 agro
679 2385 750 2432 suo.
792 2365 846 2429 25.
873 2364 937 2430 Sed
960 2361 1193 2430 dormientibus
1207 2365 1267 2430 ho-

124 2465 276 2534 minibus
296 2468 385 2532 venit
405 2467 493 2532 illius
515 2467 680 2542 inimicus,
702 2475 733 2528 et
754 2467 921 2532 seminavit
940 2466 1065 2530 zizania
1084 2463 1168 2530 inter
1187 2467 1267 2534 triti.

127 2588 218 2648 cum,
239 2567 394 2654 abiitque
436 2567 491 2638 26..
514 2563 624 2650 Quum
652 2573 754 2630 autem
775 2538 1122 2658 germinissetlerba,
1149 2575 1180 2634 et
1200 2568 1266 2638 iru-

127 2661 221 2736 otum
234 2669 369 2747 fecisset,
389 2673 469 2732 tun-'o'
476 2677 691 2757 apparuerunt
702 2677 741 2739 et
751 2660 882 2734 zizania.
923 2667 977 2735 27.
991 2668 1197 2740 rdecedentes
1207 2693 1266 2740 au-

116 2759 206 2838 tem*
228 2772 314 2838 servi
346 2761 580 2858 patrisfamiliae
614 2767 761 2838 dixerunt
786 2761 852 2849 illi,
883 2772 1037 2854 Domine,
1068 2795 1179 2842 nonne
1203 2771 1265 2842 bo-
1307 2843 1312 2852 ,

97 2879 100 2886 “
126 2896 210 2942 num
231 2893 341 2942 semea
360 2875 573 2944 seminaretur
594 2875 630 2940 in
651 2896 728 2962 egro
743 2877 820 2942 tuo?
841 2875 927 2950 unde
947 2877 1043 2966 igitur
1061 2875 1162 2946 habet
1179 2881 1264 2944 nire·

128 2979 205 3044 nia?
246 2977 299 3042 28.
321 2976 379 3043 Ille
399 3000 479 3046 vero
503 2977 582 3056 dixit
600 2976 675 3057 illie,
696 2979 847 3044 Inimicus
867 2979 965 3046 homo
979 2978 1044 3044 bttu
1061 2978 1145 3046 feeit.
1188 2978 1267 3048 Ser-

128 3069 164 3146 vi
186 3089 291 3146 autem
314 3077 463 3146 dixerunt
483 3078 548 3162 illi,
569 3081 630 3146 Vis
648 3073 757 3167 igitur,
779 3079 930 3148 abeamus
953 3089 984 3148 et
1005 3067 1275 3171 colligamueeai'

128 3184 183 3252 29.
206 3185 249 3250 At
270 3181 326 3248 ille
348 3181 441 3264 dixit,
461 3183 554 3251 Non:
581 3203 632 3261 ne,
655 3181 732 3248 dum
748 3183 903 3274 ⁴colligitis
930 3184 1066 3263 zizania,
1094 3183 1262 3255 eradicetis

129 3285 228 3354 simul
249 3307 321 3352 oum
341 3285 408 3392 illis
428 3295 462 3352 et
482 3269 629 3380 triticum.
672 3285 725 3352 30.
748 3287 849 3354 Sinite
870 3289 989 3376 pariter
1009 3307 1155 3353 creseere
1176 3300 1263 3356 utre-

131 3410 198 3478 que
219 3409 323 3475 usque
343 3387 386 3456 nd
406 3409 553 3456 messem:
581 3391 667 3455 etin
688 3400 831 3478 tempore
852 3379 965 3456 messis
988 3387 1092 3455 dicam
1112 3393 1262 3458 messori-

129 3489 209 3570 bus,
240 3487 394 3576 Colligite
421 3485 559 3580 primum
580 3493 719 3574 zizania,
747 3503 779 3560 et
805 3491 947 3579 colligite
974 3515 1013 3560 ca
1034 3489 1070 3558 in
1089 3492 1262 3560 fasciculos

130 3593 173 3662 ad
199 3589 451 3688 comburendum
478 3615 533 3688 eae
560 3581 698 3666 triticum
724 3615 804 3662 vero
830 3609 1022 3685 congregate
1047 3595 1081 3661 in
1107 3595 1260 3682 horreum

10 3685 14 3708 ⁶
129 3717 245 3766 meum.
288 3685 414 3780 (Paule
429 3693 529 3783 poet.)
571 3696 626 3762 36.
647 3699 741 3765 Tun'e
755 3697 895 3766 dimissis
917 3701 1019 3768 turbis
1042 3703 1130 3790 venit
1149 3699 1184 3766 in
1202 3697 1261 3764 do·

128 3821 216 3880 mum
237 3799 344 3878 lesus,
366 3809 398 3866 et
419 3809 622 3866 recesserunt
642 3797 795 3868 ‘adillum
817 3800 965 3892 discipuli
989 3809 1074 3884 eiua,
1107 3803 1258 3880 dicenter,

128 3900 263 3989 Explica
283 3901 381 3968 nobis
402 3899 588 3992 parabolam
609 3905 805 3971 zizaniorum
822 3907 897 3992 agri.
928 3907 980 3975 37.
1002 3907 1259 3992 Atillerespon-

131 4003 220 4086 dens,
243 4003 320 4070 dixit
340 4003 414 4085 illis,
436 4005 504 4092 Qui
525 4008 659 4074 seminat
678 4005 801 4075 bonum
823 4030 940 4090 semen,
962 4021 1010 4092 est
1031 4009 1134 4097 Filius
1155 4005 1258 4072 honri-

128 4110 189 4174 nin.
232 4105 286 4171 38.
307 4107 394 4193 Ager
413 4119 515 4174 autem
537 4120 586 4183 est
611 4109 760 4184 mundus.
803 4101 907 4182 Porro
932 4113 1057 4180 bonum
1083 4100 1207 4191 remen,
1231 4108 1257 4174 ii

125 4211 205 4298 'eunt
224 4206 286 4273 filii
307 4211 410 4298 regni:
429 4211 549 4287 zirania
571 4233 650 4280 vero
672 4221 747 4278 eunt
766 4211 827 4302 tilii
846 4211 934 4286 illius
943 4211 1028 4279 mali.
1069 4211 1123 4292 39.
1145 4213 1256 4280 Inimi-

15 4365 20 4374 .
129 4313 231 4382 nicus
251 4319 364 4397 autem,
386 4315 442 4404 qui
461 4315 596 4382 sentiunt
616 4334 664 4396 ea,
684 4324 732 4380 ert
752 4301 916 4382 ditbolus:
936 4311 1057 4382 Messio
1076 4337 1156 4386 vero
1176 4331 1254 4408 oon·
