2790 4764
162 245 220 310 132
445 231 555 296 SECT.
575 228 641 320 XV·
680 237 770 304 meus
790 236 830 282 er
850 233 1019 286 urscrruua
1061 172 1065 178 ¹
1113 195 1134 260 Γ

166 395 226 468 tibi
244 387 371 479 ingredi
391 388 426 454 in
446 385 541 472 vitam
556 373 726 454 claudum,
753 373 861 462 potius
887 394 982 460 quam
1008 367 1091 436 duos
1113 363 1214 456 'pedes
1239 364 1293 444 lra-

166 501 295 568 bentem
311 492 392 558 mitti
406 491 442 554 in
457 486 641 574 gebennam,
662 482 697 544 in
713 479 818 563 ignem
835 471 1131 562 inexstinguibilem,
1163 469 1213 534 to·
1228 466 1296 532 Ubi

162 599 284 666 vermis
306 611 417 660 eorum
438 609 505 655 non
527 584 671 659 moritur,
693 589 725 645 et
745 580 827 664 ignis
848 597 916 643 non
934 577 1149 663 exstinguitur.
1185 569 1234 635 47.
1257 571 1298 636 Et

169 705 199 772 si
218 696 333 784 peulus
354 703 429 758 tuus
452 681 621 758 obstaculo
643 679 704 748 tibi
726 685 788 762 est,
811 699 889 746 erue
911 699 1000 746 eum:
1027 674 1150 740 bonum
1172 671 1302 738 esttibi

169 808 295 874 luseum
315 800 435 862 intrare
454 794 489 858 in
509 806 644 876 regnum
662 784 734 860 Dei,
757 785 865 872 potius
887 800 981 868 quam
1004 777 1089 844 duos
1112 774 1225 842 oculos
1240 775 1304 850 *ba-

169 907 298 974 bentem
318 899 400 964 mitti
420 897 457 961 in
479 885 655 982 gebennam
676 886 767 972 iguis,
800 883 852 949 48.
871 880 942 950 Ubi
961 881 1079 992 vprrnis
1101 895 1212 945 eorum
1233 897 1305 943 non
1382 935 1383 942 ,

170 1007 323 1092 moritur,
350 1007 382 1066 et
401 997 486 1085 ignis
506 1013 574 1062 non
596 989 811 1075 exstinguitur.
832 983 835 988 ’
1382 965 1383 996 ³

171 1217 173 1224 ¹
244 1181 360 1258 'LUQ
381 1186 483 1254 XVII.
523 1183 554 1248 1.
577 1173 631 1246 Ait
652 1185 756 1243 autem
777 1171 819 1240 ad
841 1168 1026 1260 discipulos,
1045 1167 1133 1234 Fieri
1154 1187 1222 1234 non
1244 1193 1306 1258 ρο.

45 1339 54 1364 .
174 1305 251 1375 test,
275 1295 354 1381 quin
374 1291 505 1354 veniant
525 1275 734 1352 offendicula:
762 1300 822 1343 vae
842 1287 948 1364 tamen
968 1271 1029 1347 illi,
1055 1289 1114 1360 per
1135 1291 1228 1363 quom
1251 1297 1307 1356 ye-

174 1403 276 1472 uiuut.
324 1395 356 1460 2.
376 1385 516 1478 Expedit
543 1387 601 1464 illi,
623 1387 650 1449 si
672 1381 756 1448 rrrola
779 1381 916 1467 asiparia
936 1385 1074 1465 ponatur
1095 1367 1212 1440 circum
1234 1381 1305 1444 eius
1382 1379 1383 1454 Ῡ

113 1577 117 1584 ,
164 1495 319 1577 ,εῠΙΙιιιυ,’
334 1504 366 1559 ct
385 1486 666 1579 proiectusfuerit
686 1485 722 1551 in
742 1501 841 1562 mare,
862 1483 971 1570 potius
993 1497 1089 1568 quam
1107 1486 1142 1543 ut
1163 1480 1307 1550 ollendat

175 1613 276 1690 buum
295 1589 336 1664 ex
355 1585 481 1682 pusillis
503 1590 582 1656 istis.

251 1823 353 1898 Mattb.
372 1827 400 1892 6.
446 1817 506 1907 Oui
524 1805 626 1885 aulem
643 1807 806 1958 ⁰s6ffl‘70rt'i,
823 1825 914 1879 uuum
931 1818 1065 1896 delictis.
1109 1809 1230 1878 Videtur
1249 1813 1308 1880 boc

102 1941 103 1944 ¹
175 1913 300 1977 additum
319 1928 380 1970 esse
397 1903 433 1966 ad
451 1903 561 1986 piorum
575 1919 669 1972 ¹conso
696 1897 818 1971 tianeus,
843 1916 882 1956 ne
905 1893 956 1956 illis
976 1893 1094 1954 molesta
1113 1894 1149 1958 sit
1167 1903 1215 1953 sua
1235 1913 1307 1954 con·
1382 1955 1383 1968 2

176 1992 260 2064 ditio,
285 1985 311 2050 si
333 2003 383 2046 eos
406 1981 535 2058 muudus
551 1975 679 2056 despicit.
717 1975 784 2032 Hoc
808 1971 883 2032 enim
906 1969 1058 2050 plurimum
1082 1969 1188 2042 obstat,
1211 1990 1248 2029 ne
1271 1969 1308 2026 ad

177 2061 363 2131 selinusiam
384 2055 546 2118 modestiam
565 2073 596 2113 se
613 2047 788 2122 submittant,
808 2047 872 2125 quia
887 2056 985 2124 putant
1002 2044 1056 2104 boc
1072 2044 1158 2103 modo
1177 2065 1208 2104 se
1227 2043 1308 2104 reddi
1382 2051 1383 2118 J

178 2149 291 2206 contem
313 2135 414 2199 tibiles.
445 2134 556 2193 Durum
574 2140 670 2190 nmen
689 2136 739 2199 est,
761 2145 775 2182 a
795 2143 827 2183 su
848 2121 922 2182 erbis
940 2119 1180 2182 hominibus-non
1196 2131 1309 2180 tautum

178 2217 277 2292 baberi
293 2159 418 2287 iastidio,
441 2209 491 2270 sed
506 2225 599 2288 prope
618 2199 787 2264 concrdcari.
858 2196 990 2278 iscipulos
1009 2215 1079 2276 ergo
1092 2194 1229 2256 'Christus
1249 2195 1309 2266 boc

180 2281 282 2360 s'olatio'
301 2285 411 2363 animat,
435 2285 512 2420 paud
529 2282 553 2344 si
572 2301 671 2342 eorum
688 2273 817 2360 parvitati
835 2269 949 2334 insultat
966 2277 1095 2346 mundus,
1114 2273 1191 2334 Deus
1210 2274 1309 2327 tamen
1382 2309 1383 2320 .

180 2387 230 2435 eos·
249 2367 365 2430 minime
383 2384 441 2446 neg
451 2361 511 2444 agit.
550 2357 672 2418 Videtur
688 2363 784 2414 tamen
803 2349 886 2412 etiam
903 2349 957 2409 alio
976 2358 1127 2428 spectasse:
1147 2355 1209 2404 orta
1229 2344 1309 2404 enim

129 2459 131 2462 ’
179 2449 273 2510 iuerat
291 2445 327 2506 de
344 2439 463 2502 honoris
480 2435 601 2518 primatu
620 2429 778 2503 contentio,
795 2427 872 2488 unde
890 2424 970 2488 facile
989 2421 1084 2504 colligi
1102 2420 1205 2502 potuit,
1224 2422 1311 2500 Apo-

179 2525 269 2594 stolos
287 2540 373 2602 prava
391 2512 533 2586 eminendi
555 2520 698 2592 potestate
722 2525 782 2566 esse
804 2502 934 2566 inlectos.
972 2501 1063 2560 Porro
1085 2497 1147 2559 fieri
1169 2517 1230 2556 non
1253 2516 1310 2578 po-
1382 2537 1383 2548 .

179 2597 249 2672 test,
274 2590 343 2674 quin
365 2593 402 2654 sit
424 2591 454 2650 in
476 2589 577 2651 iratres
598 2581 818 2650 contumeliosus
837 2565 962 2660 quisquis
980 2573 1027 2637 v'el
1043 2565 1096 2637 sibi
1114 2567 1230 2632 nimium
1248 2572 1310 2654 pla·
1382 2629 1383 2638 .

181 2684 237 2745 cet,
256 2670 303 2729 v'el
321 2667 452 2727 omnibus
470 2661 606 2744 praeferri
625 2659 738 2741 appetit
767 2659 852 2716 Hunc
871 2654 1002 2714 morbum
1019 2662 1053 2711 ut
1070 2662 1159 2712 sanet·
1170 2648 1309 2724 Christus,
1382 2663 1383 2668 ’

179 2743 346 2812 horribilem
363 2761 485 2821 poenam
503 2736 664 2816 denuntiat,
689 2735 713 2796 si
732 2731 792 2814 quis
816 2750 868 2790 suo
890 2729 966 2790 fastu
979 2725 1162 2810 pauperculos
1180 2725 1309 2786 homines

181 2832 212 2884 et
229 2819 284 2880 iam
303 2827 405 2896 sponte
423 2811 573 2876 submissos
592 2810 710 2872 deiiciat.
740 2807 886 2867 scandali
904 2817 998 2866 autem
1016 2804 1133 2864 nomine
1150 2802 1212 2884 plus
1229 2823 1309 2862 com-
1382 2817 1383 2830 ¹

181 2895 277 2980 plexus
293 2893 345 2966 est,
364 2911 447 2970 quam
466 2889 490 2951 si
508 2895 710 2964 acoutemptu
727 2881 925 2963 prohibuisset:
941 2893 1101 2962 ,quanquam
1119 2899 1178 2938 non
1197 2877 1309 2939 aliunde
1341 2881 1344 2888 ’

182 2969 334 3053 contingit,
352 2979 385 3026 ut
404 2963 464 3044 quis
482 2976 582 3024 secure
600 2961 726 3019 infirmos
745 2955 885 3032 offendat,
901 2957 954 3017 uisi
973 2957 1036 3038 quia
1054 2970 1114 3015 nort
1129 2955 1310 3036 prosequitur

182 3069 233 3116 eos
251 3067 309 3128 quo
331 3041 449 3104 decebat
466 3039 586 3104 bonore.
617 3035 678 3096 Iam
696 3053 782 3114 quum
795 3032 888 3095 variae
907 3032 965 3100 sint
982 3031 1172 3094 offensionum
1190 3030 1308 3112 species,
1382 3055 1383 3058 ¹

181 3145 272 3206 genus
289 3133 384 3182 tamen
403 3117 494 3197 ipsum
568 3110 595 3172 le
613 3111 658 3202 sit,
677 3109 801 3172 breviter
818 3110 974 3170 tenendum
986 3120 1043 3170 est.
1073 3108 1113 3168 ¹Si
1132 3104 1192 3188 quis
1210 3118 1309 3167 nostra

106 3257 112 3266 ,
182 3193 264 3277 culpa
282 3195 328 3258 vel
345 3193 384 3254 im
405 3191 478 3278 ingit
496 3133 706 3260 vbl'bbducrtur
723 3205 739 3245 a
757 3184 838 3258 recto
858 3200 950 3261 cursu,
968 3184 1014 3246 vel
1031 3185 1163 3258 tardatur,
1184 3204 1247 3243 eum
1262 3183 1309 3241 di-

183 3272 274 3334 cimur
292 3271 373 3330 offen
393 3282 449 3329 eret
481 3267 561 3346 Erg'o
579 3261 701 3344 quisquis
720 3278 842 3344 poenam
859 3261 941 3336 benc,-
960 3283 1043 3342 quam
1061 3279 1158 3321 severe
1178 3259 1309 3320 Christus
1382 3317 1383 3326 ,

182 3345 339 3420 denuntiat,
358 3340 585 3430 effugerecupit,
603 3337 723 3419 parvulis
742 3337 790 3420 qui
808 3359 903 3398 coram
921 3338 1027 3397 mundo
1045 3336 1150 3408 abiecti
1164 3347 1229 3402 sunt
1246 3355 1309 3394 ma·
1382 3393 1383 3402 ,

182 3442 252 3482 num
270 3420 411 3501 porrigat,
431 3430 460 3478 et
478 3427 598 3478 comiter
616 3414 650 3478 ad
668 3413 742 3476 bene
759 3415 911 3474 curandum
929 3413 1053 3475 adiuvet:
1076 3411 1138 3492 quia
1157 3431 1206 3472 eos
1225 3411 1308 3473 nobis
1382 3405 1383 3488 l

183 3496 363 3560 commendat
381 3495 518 3566 Christus,
536 3502 568 3550 ut
586 3489 669 3554 nobis
686 3489 859 3550 voluntariae
873 3489 1036 3549 humilitatis
1054 3489 1110 3548 sint
1127 3487 1251 3562 materia,
1269 3485 1309 3548 si·
1382 3503 1383 3552 t

62 3653 64 3660 Α
183 3571 242 3652 cuti
258 3569 331 3648 banc
349 3569 475 3651 regulam
493 3567 594 3628 Paulus
611 3565 777 3647 praescribit
795 3563 873 3625 Filiis
890 3565 960 3648 Dei,
983 3577 1016 3624 ut
1039 3561 1069 3626 se
1092 3563 1240 3623 humilibus
1259 3585 1308 3624 ac·
1382 3559 1383 3622 l

183 3645 377 3710 commodent:
400 3645 478 3716 item,
501 3649 539 3702 n‘e
557 3637 611 3702 sibi
629 3639 745 3722 quisque
764 3639 871 3722 placeat
890 3639 988 3717 (Roma
1009 3638 1054 3716 12,
1074 3644 1119 3703 lt.
1139 3651 1170 3700 et
1189 3643 1234 3714 15,
1254 3639 1307 3714 1.).
1382 3637 1383 3696 3

185 3723 261 3802 Quia
296 3741 369 3804 ⁴crau·
387 3718 515 3800 supplicii
535 3717 662 3780 Christus
682 3716 828 3796 expressit,
847 3718 923 3798 quod
943 3721 1011 3777 tunc
1030 3729 1091 3779 erat
1109 3715 1228 3778 maxime
1247 3707 1310 3775 lor«
1382 3707 1383 3716 ¹

182 3741 325 3871 midabde,
355 3805 385 3856 et
411 3815 469 3877 quo
496 3791 674 3884 atrocissima,
690 3791 796 3853 scelera
824 3785 1025 3874 puniebantur,
1050 3791 1116 3853 hinc
1142 3791 1308 3874 colligimus,
1382 3809 1383 3818 ¹

182 3896 267 4010 qrrapr
289 3888 424 4006 ceroptaa
446 3882 586 4005 pretiosos
608 3871 687 3930 Deus
709 3866 823 3944 babeat,
846 3868 896 3949 qui
921 3885 1016 3930 coram
1039 3867 1144 3930 mundo
1168 3867 1307 3952 ignobiles
1382 3887 1383 3892 ¹

135 3972 234 4011 ⁴suu
266 3967 353 4012 acco
389 3967 433 4008 em
466 3969 507 4004 a·
563 3987 603 4000 ..
944 3969 959 4004 ,t
1382 3941 1383 3980 ³

189 4085 192 4090 ,
257 4030 286 4089 ’1.
331 4025 400 4114 (sae
422 3967 528 4082 abundo
547 4023 591 4092 aab
613 4021 812 4096 offendiculis.
858 4020 991 4104 Bilariam
1016 4022 1119 4102 erponi
1141 4031 1238 4102 potest
1261 4020 1306 4080 bic

181 4095 392 4176 locustarum,
410 4111 443 4159 ut
460 4095 652 4182 scandalorum
670 4093 831 4157 auctoribus
849 4089 979 4160 Christus
996 4094 1149 4174 maledicat,
1167 4109 1249 4178 atque
1268 4092 1306 4155 ita

183 4171 233 4228 sub
256 4175 354 4236 mundi
375 4175 496 4236 nomine
519 4171 695 4257 intelligendi
718 4183 801 4233 erunt
824 4187 923 4235 omnes
946 4173 1093 4236 increduli:
1121 4173 1167 4236 vel
1189 4173 1304 4254 passive,

182 4249 214 4298 ul
233 4245 362 4311 Christus
381 4252 452 4313 mala
469 4249 611 4334 deploret,
627 4269 704 4337 cquae
722 4270 775 4330 pro
796 4259 841 4310 ter
858 4250 983 4312 scandala
995 4251 1107 4324 <mundo
1133 4249 1236 4312 instare
1260 4249 1305 4308 irr-

181 4315 367 4402 emesam
384 4327 485 4413 cernit,
504 4327 562 4390 acsi
578 4326 702 4404 diceret,
722 4345 743 4386 n
850 4325 914 4390 iore
936 4325 1024 4412 mag'n
1050 4326 1162 4388 noxiam
1187 4337 1304 4407 pestem,

1107 4528 1148 4576 ,ᾖ
1209 4535 1241 4558 ,Ι
