2796 4774
198 307 201 310 ,
299 259 387 339 (tae
423 257 591 324 rumas
609 189 1064 347 epulentissimus·
1190 257 1233 332 'ss

84 417 154 472 rem
184 419 247 487 est,
281 430 370 492 quarn
399 411 446 474 din
468 410 633 478 subternis
656 410 819 476 btfirndtate
836 411 980 490 laborant,
1009 410 1132 478 oblano
1154 412 1232 478 bona

85 486 284 568 agnoverint,
313 490 350 550 ad
374 489 484 550 unicam
508 489 565 552 Dei
586 487 808 552 miscricordiam
831 491 1001 574 confugero,
1029 500 1059 552 et
1081 489 1113 552 in
1131 491 1232 558 veniae

86 563 424 645 deprecationelocare
445 587 525 628 snam
547 563 673 628 salutem.
726 567 785 630 Sed
807 567 962 648 quaeritur,
987 568 1133 648 quomodo
1151 573 1231 630 tant'a

85 640 284 702 sanctianonia
304 642 449 723 praeditus
467 641 562 717 suerit,
582 641 630 722 qui
644 625 737 726 impio
756 641 829 704 fastu
849 656 1015 706 excoecatus
1033 655 1108 704 erat:
1136 665 1231 724 neque

87 715 170 777 enin
189 715 304 778 aliunde
323 730 519 780 maneronta
536 719 684 802 integritas
702 717 758 780 nist
776 741 792 781 a
808 720 865 782 Det
873 719 991 804 Spiritu,
1011 741 1096 802 quem
1118 732 1231 782 certon

87 803 137 854 est
152 791 324 856 minimam
344 794 506 882 hypocritis
522 816 654 877 regnare.
690 797 872 876 Respondoo,
893 808 1008 860 externa
1026 807 1136 858 tantum
1154 795 1232 864 larva

85 868 178 932 sitisse
195 867 353 948 tonfisum,
376 871 435 932 acsi
454 869 566 932 occulta
585 883 615 934 et
632 871 753 934 interior
773 873 866 936 cordis
879 873 1075 938 ,immundities
1093 873 1124 937 in
1141 874 1231 936 ratio-

82 965 155 1006 nem
171 966 236 1007 non
247 947 394 1012 reniret-⁸
433 947 534 1023 Quare
551 945 729 1028 licctpravis
748 948 991 1028 concupiscentiis·
1003 942 1079 1010 intans
1098 961 1231 1026 scateret,

104 1021 150 1082 uia
169 1033 268 1084 tamen
286 1045 353 1085 non
377 1023 433 1084 nisi
453 1045 489 1084 ex
507 1023 603 1104 specie
620 1021 747 1098 iudicat,
760 1033 861 1086 secure
879 1024 1072 1084 innocentiam
1089 1023 1230 1094 obtendit.

82 1043 228 1160 bominus
253 1101 380 1180 quidem
404 1100 496 1180 ipsum
520 1097 650 1162 vanitatis
674 1119 736 1161 non
756 1098 900 1181 coarguit,
923 1101 1000 1178 quod
1017 1100 1071 1160 sibi
1090 1099 1159 1162 tuso
1177 1103 1231 1162 tri-

82 1173 152 1234 buat
169 1177 251 1256 quod
271 1173 339 1238 non
359 1175 460 1239 habet:
478 1175 634 1237 tenendum
653 1185 748 1236 tamen
767 1187 819 1252 est,
838 1173 982 1234 neminem
1000 1196 1016 1236 a
1034 1175 1140 1256 rapina,
1158 1173 1233 1238 iniu-

84 1249 171 1326 stitia,
206 1251 352 1318 libidine·
367 1251 485 1315 etatis
512 1251 586 1332 vitiis
609 1273 713 1332 purtun
742 1271 801 1314 etse
824 1247 879 1313 nisi
904 1249 1012 1332 Spiritu
1033 1251 1092 1311 Dei
1113 1273 1146 1312 re
1167 1252 1231 1312 itur.

83 1326 261 1388 Sabbatum
280 1327 344 1392 hoc
364 1327 440 1404 loco,
459 1329 593 1410 ut'saepe
612 1325 691 1406 alibi,
710 1344 764 1410 pro
783 1326 959 1388 hebdomade
978 1327 1125 1409 accipitur:
1146 1271 1234 1397 licus

83 1415 180 1492 autem
204 1425 364 1490 nunqnam
387 1405 418 1468 iu
440 1405 520 1492 Lege
540 1425 628 1490 praec
667 1404 701 1496 it²
731 1415 763 1466 ut
782 1403 1083 1544 fitqulfstsstllflttssft
1096 1403 1171 1466 servi
1190 1403 1234 1464 sui

84 1478 227 1556 reiunent,
250 1501 345 1561 quare
363 1479 420 1542 boc
437 1479 571 1544 ieiunium
592 1493 621 1546 et
658 1502 774 1556 cautae,
793 1501 830 1544 vo
843 1487 949 1542 untar'm
967 1481 1100 1544 exercitia
1116 1479 1235 1544 suerum

84 1568 204 1636 praeter
219 1557 252 1624 ,L
296 1557 321 1618 Is
362 1557 555 1639 raescriptum.
621 1622 624 1628 ,
984 1618 989 1626 ,
1283 1595 1290 1608 =

161 1635 214 1696 13.
310 1579 447 1694 bibentis
466 1636 580 1714 pro'cu'l'
593 1643 689 1694 stans.
729 1633 787 1695 nte
814 1633 975 1718 gencralem
998 1631 1126 1716 regulam
1146 1631 1233 1695 Chri-

84 1716 146 1770 stos
161 1711 286 1774 tradem
305 1710 410 1786 noluit,
425 1710 643 1793 *quasineresse
659 1713 709 1787 sit,
723 1709 823 1774 oeulos
841 1711 872 1772 in
890 1723 996 1776 terram
1008 1711 1141 1786 deiicere,
1159 1730 1234 1795 quo-

86 1783 145 1867 liest
153 1787 194 1848 de
216 1809 363 1868 recamur,
383 1788 433 1860 sed
451 1799 562 1870 tantum
581 1787 661 1872 sigua
675 1787 838 1848 humilitatis
853 1789 956 1870 posuit,
975 1809 1060 1870 quam
1073 1786 1161 1849 solam
1176 1785 1233 1847 suis

87 1809 235 1947 discipulis
260 1863 455 1932 commendat.
479 1859 483 1873 ’
505 1865 598 1926 Porro
623 1865 654 1926 in
678 1885 714 1925 eo
740 1864 792 1930 sita
816 1876 860 1926 cst
881 1860 1033 1942 humilitas,
1063 1865 1087 1926 si
1109 1859 1234 1945 peccatis

26 1969 27 1988 ;
89 1937 146 1997 suis
163 1953 231 2000 n'on
251 1941 414 2023 ignoscant,
427 1941 484 2002 'sed
499 1957 533 2003 se
553 1940 629 2024 ipsos
652 1941 810 2004 damnando
828 1943 1014 2022 praeveniant
1024 1941 1081 2004 nei
1089 1940 1234 2015 iudicium,

87 2023 175 2091 aque
194 2025 230 2078 ut
243 2018 569 2099 Deonecoacilieqtur,
585 2017 741 2104 simplicem
759 2029 853 2084 reatus
873 2019 1083 2088 consessionem
1098 2017 1233 2082 aflerant.

89 2086 272 2174 Atquelme
291 2106 401 2176 spectat
420 2095 595 2176 pudor„qui
614 2116 726 2176 semper
744 2095 940 2176 poenitentiae
959 2115 1056 2158 comes
1076 2105 1131 2156 est:
1167 2113 1235 2164 nana

92 2175 173 2232 certe
192 2167 225 2228 in
245 2169 306 2232 lioc
324 2171 474 2263 praecipue
496 2166 762 2242 insistitllominus‚
782 2171 860 2262 quod
877 2164 1043 2261 publicanus
1058 2169 1235 2230 semisermo
1285 2195 1289 2206 ·

87 2251 122 2299 tl
142 2245 566 2330 perditnm‘setio'agnoscens
587 2247 621 2307 ad
640 2247 697 2306 Dei
717 2245 936 2305 misericordiam
955 2262 986 2306 se
1006 2244 1141 2306 contulit:
1166 2265 1236 2322 pam

91 2321 223 2396 quamtis
241 2323 290 2386 sit·
300 2335 445 2405 peccator,
464 2321 587 2404 gratuita
604 2322 693 2385 uenia·
706 2319 795 2382 fretus
813 2320 910 2380 Deum
927 2321 988 2390 sibi,
1000 2319 1154 2410 propitium
1173 2318 1237 2380 sore

92 2407 201 2472 sperat.
243 2399 282 2460 Iu
305 2421 428 2472 summa,
457 2396 641 2471 ut‘lauorem
664 2396 812 2485 impetret,
843 2415 880 2454 eo
904 2415 935 2454 se
953 2394 1101 2475 indignum
1121 2394 1236 2453 fatetur.

87 2469 131 2528 ttt
151 2468 239 2532 berte
261 2467 349 2554 quum
363 2470 427 2542 sola
446 2482 629 2552 peccatorum
648 2469 776 2530 remissio
797 2467 881 2528 nobis
894 2470 990 2529 Deum
1010 2467 1151 2545 conciliet,
1171 2468 1237 2531 hinc
1315 2497 1325 2516 a

69 2601 75 2622 ,
93 2547 255 2607 exordium
277 2549 372 2610 lacere
393 2565 513 2609 necesse
533 2553 589 2618 est',
612 2545 636 2605 si
654 2565 755 2626 preces
774 2555 886 2621 nostras
904 2545 944 2604 illi
1042 2567 1056 2606 s
1076 2565 1137 2608 esse
1156 2545 1238 2626 cupi-

26 2655 27 2674 i
90 2640 172 2686 naun
215 2623 321 2697 Porro,
340 2623 440 2703 quise
457 2643 539 2685 reum
559 2633 591 2684 et
605 2621 769 2684 convictum
788 2555 1055 2714 praebtm·ffii
1070 2634 1168 2686 tnnen

26 2677 30 2796 Ι
94 2695 143 2772 tit,
166 2717 294 2778 operum
313 2721 343 2760 se
361 2697 462 2761 fiducia
481 2697 597 2774 abdicat,
616 2697 702 2780 idque
722 2696 813 2760 voluit
825 2697 960 2772 Christus,
979 2702 1075 2765 Deum
1095 2696 1157 2768 'non
1176 2643 1237 2763 apffi
1312 2776 1314 2786 ,

94 2770 165 2908 {ore
192 2774 380 2852 exorabilem,
412 2776 466 2837 nisi
485 2773 533 2856 qui
552 2775 664 2859 trepide
686 2775 722 2839 ad
739 2773 828 2837 solam
848 2773 906 2838 eius
924 2775 1237 2842 mtsertcordtameon-

110 2861 464 2912 urene·-1-
683 2891 781 2900 ‚.
938 2869 997 2895 w
1214 2881 1219 2898 ·

129 2870 150 2934 g
175 2933 227 2992 14.
255 2931 413 2998 Descendit
431 2930 481 2990 hic
498 2931 694 3010 iustificatos.
735 2927 893 3022 impropria
913 2941 956 2992 est
975 2929 1164 3010 comparatior
1183 2949 1237 2990 no.

27 3001 29 3016 '
99 3023 155 3082 que
175 3007 270 3086 enirn,
309 3007 365 3070 uasi
385 3005 541 3090 communis
559 3006 697 3068 ambobus
715 3007 752 3068 sit
769 3005 886 3082 iustitia,
907 3005 1085 3089 publicanum
1107 3003 1238 3069 Christus

98 3089 213 3142 tantum
268 3029 322 3144 arbi
339 3083 433 3164 aliquo
451 3083 585 3164 praefert,
605 3083 657 3144 sed
674 3081 814 3176 intelligit,
839 3103 905 3144 eum
923 3083 1011 3144 fuisse
1031 3093 1143 3164 gratnm
1160 3080 1238 3156 Ded,

101 3173 190 3234 quum
210 3163 232 3221 Ρ
254 3162 377 3222 arisaens
398 3160 429 3222 in
452 3171 546 3220 totum
559 3159 691 3222 ¹relectus
708 3160 805 3234 'suerit
842 3162 942 3240 Atque
960 3159 1009 3218 hie
1024 3157 1107 3218 locus
1124 3155 1238 3241 perspi-

102 3251 155 3308 cue
173 3237 276 3312 docet,
292 3237 363 3318 quid
401 3235 498 3317 roprie
516 3235 554 3298 sit
571 3235 740 3298 iustificeris
751 3257 854 3318 nempe
864 3247 950 3316 ‚stare
969 3255 1066 3310 coram
1079 3234 1159 3310 Deo,
1179 3231 1237 3296 acsi

104 3305 168 3370 lusti
191 3335 324 3376 essemus.
363 3258 464 3394 tleque
485 3313 558 3373 enim
578 3309 741 3392 publicanus
760 3311 825 3374 ideo
844 3311 1008 3373 iustificatus
1030 3305 1141 3386 dicitur,
1160 3310 1238 3395 q'uod

105 3403 208 3450 novam
228 3390 388 3470 qualitatem
407 3401 528 3480 repente
546 3381 600 3449 sibi
618 3387 793 3469 acquisierit,
817 3391 868 3450 sed
886 3375 951 3478 quiia
968 3387 1086 3448 inducto
1106 3390 1191 3450 reatu
1208 3387 1238 3447 c't

28 3529 29 3534 ,
105 3460 217 3528 abolitis
236 3466 360 3548 peccatis
379 3475 499 3549 gratnm
517 3465 634 3556 adeptos
654 3477 709 3526 est:
730 3466 805 3530 unde
823 3487 853 3528 se
904 3477 950 3546 tur
967 3463 1101 3530 iustitiam
1119 3462 1150 3527 in
1167 3485 1238 3600 pec-

106 3549 239 3604 tatorum·
252 3541 418 3604 remissione
438 3562 500 3602 esse
517 3553 647 3622 positam.
673 3543 752 3624 Ergo
772 3541 855 3606 sicuti
898 3540 1015 3600 harisael
1033 3540 1154 3604 uirtutes
1185 3561 1238 3600 oe·

107 3613 179 3680 davit
199 3642 233 3680 ac
251 3618 354 3700 polluit
372 3639 457 3699 prava
477 3616 655 3691 confidentia,
674 3629 706 3678 ut
724 3616 827 3678 nullius
847 3618 922 3698 apud
934 3619 1029 3680 Deum
1049 3616 1134 3699 pretii
1150 3613 1238 3678 suerit

107 3685 250 3758 laudabilis
270 3697 330 3756 eius
350 3716 446 3760 coram
465 3694 571 3755 mundo
591 3693 751 3776 integritas,
779 3694 817 3754 ita
839 3693 1006 3756 Publicanus
1025 3694 1110 3756 nullis
1129 3693 1237 3778 adiutos
1258 3711 1262 3760 ι

28 3813 29 3816 =
109 3785 234 3850 operum
247 3772 355 3834 meritis
373 3771 508 3834 iustitiam
528 3769 655 3830 obtinuit
673 3769 733 3830 sola
751 3770 851 3832 veniae
870 3769 1078 3854 deprecatione,
1099 3769 1163 3848 quia
1181 3785 1239 3836 sca·

28 3861 30 3872 ‘
107 3839 174 3910 licet
197 3871 258 3910 non
281 3847 349 3910 alibi
373 3869 458 3928 quam
481 3847 511 3907 in
536 3867 615 3908 mera
633 3847 689 3908 Dei
709 3846 857 3910 clementia
876 3847 1007 3928 speravit.
1047 3845 1106 3908 Sed
1126 3841 1238 3928 videtum
1329 3915 1336 3926 .

108 3939 168 3986 ease
192 3926 368 4004 absurdum,-
389 3943 489 3986 omnes
510 3922 541 3982 in
566 3923 687 3984 eundem
710 3945 744 3984 co
768 3923 776 3983 i
800 3923 942 3997 ordinem,
971 3943 1058 4002 quum
1079 3919 1168 3996 longe
1186 3913 1238 4004 aba

111 3997 144 4060 tit
162 4013 325 4066 sanctorum
344 3999 459 4081 puritas,
479 4021 563 4079 quam
582 3999 668 4062 suxerit
685 3944 836 4080 publicani.
862 4000 1047 4080 Respondeo,
1061 4005 1239 4073 quantumvts

110 4071 137 4136 in
155 4079 213 4140 Dei
231 4075 309 4140 cultu
329 4088 359 4138 et
376 4095 444 4138 vora
462 4075 648 4139 sancdmonia
666 4076 802 4159 quispiam
821 4075 987 4156 profecerit,
1006 4073 1138 4157 sturmen
1152 4087 1239 4159 repq-

111 4161 164 4230 tet,
188 4161 327 4236 quantum
350 4151 452 4214 abhuc.
470 4151 523 4212 sibi
550 4151 636 4226 desit,
669 4173 730 4214 non
755 4171 838 4232 posse
861 4150 914 4212 alia
932 4148 1025 4232 souma
1044 4154 1098 4230 pte
1118 4163 1239 4232 precarg,

111 4231 237 4310 quamsi
261 4251 278 4290 a
300 4235 394 4290 reatus
417 4225 597 4294 confessione
620 4227 748 4310 incipian
783 4247 860 4284 nam
873 4239 998 4302 quamvw
1021 4216 1067 4276 ³1¹¹
1088 4215 1165 4293 plus,
1181 4217 1240 4308 ⁴tlt!

29 4303 33 4384 l,
112 4307 213 4386 minus,
224 4315 448 4372 *omnes-,tamen
465 4303 657 4370 communiter
679 4300 794 4366 obnoxii
813 4309 886 4384 surit-
927 4293 1025 4376 Quart
1044 4309 1105 4378 ¹!⁰¹¹
1122 4291 1239 4357 dublum
1262 4307 1264 4314 '

116 4395 162 4460 est,
181 4384 249 4465 quin
268 4382 377 4466 Legem
395 4379 442 4444 bic
462 4379 593 4445 Christus
609 4377 745 4460 omuibus
761 4367 947 4454 praescribat,
961 4363 1151 4441 aestiment,
1170 4377 1239 4432 eme
