2804 4762
148 227 207 292 ras
275 193 278 204 ’
418 227 530 290 secr.
549 225 630 288 rvr.
666 245 743 290 m
761 245 1006 310 messenen.

149 377 282 448 maltum
308 401 387 446 vero
414 381 566 468 temporis
593 383 681 448 venit
707 379 855 447 dominus
882 403 1047 454 serrorum
1066 377 1209 458 illorum,
1237 389 1269 446 et

148 483 239 574 ponit
264 483 420 550 rationem
448 503 519 548 curu
546 483 604 550 eis.
638 483 711 552 20.
742 483 785 550 Et
805 483 961 552 accedens
982 488 1025 567 is,
1054 486 1110 576 qni
1131 485 1269 572 quinque

148 581 265 674 talenta
290 591 468 674 acceperet,
496 581 601 648 attulit
621 580 720 650 altera
742 587 884 674 quinque
904 586 1036 667 talenta,
1058 587 1182 667 dicens,
1201 585 1270 650 Do-

77 759 82 771 ,
147 688 240 765 mine,
262 687 404 772 quinque
423 683 540 752 talenta
560 683 720 770 tradidisti
740 687 824 767 mibi,
847 709 923 754 ecce
945 689 1043 756 altera
1064 694 1206 780 quinque
1225 697 1271 752 ta-

147 789 234 856 lenta
252 785 396 856 lucratus
413 810 484 854 sum
505 809 562 876 per
584 809 631 853 ea.
671 789 810 856 21.'Att
827 789 875 856 illi
897 789 1045 856 dominus
1067 796 1152 868 eius,
1182 792 1271 876 Euge

147 911 240 960 serre
259 887 348 956 bone
369 899 402 957 et
421 887 540 970 tidelis,
565 911 663 979 super
683 912 784 980 pauca
805 893 892 958 inisti
912 890 1031 970 tidelis,
1057 915 1155 982 super
1175 892 1272 960 multa

146 1005 180 1061 ta
208 995 411 1065 constituam:
443 994 588 1062 intrem
614 991 764 1082 gaudium
787 993 908 1062 domini
927 996 988 1060 tui..
1024 994 1078 1061 22.
1105 996 1272 1062 Accedens

147 1105 253 1164 autem
273 1107 304 1163 et
325 1097 381 1184 qui
399 1073 471 1162 duo
493 1095 628 1164 talenta
631 1108 805 1185 acceperat,
826 1101 877 1179 ait,
898 1093 1045 1187 Domine,
1067 1095 1133 1162 duo
1154 1097 1274 1164 talenta

145 1197 305 1268 tradidisti
326 1197 416 1264 mihi.
438 1221 524 1278 eece
544 1200 607 1268 alia
630 1197 696 1266 duo
716 1199 858 1268 lucratus
879 1222 949 1268 sum
970 1221 1029 1300 per
1049 1221 1095 1266 ea·
1136 1201 1190 1264 23.
1216 1203 1275 1266 Ait

146 1303 195 1370 illi
220 1301 368 1370 dominus
394 1305 475 1382 eiua,
507 1303 718 1389 Eugeserve
744 1301 832 1369 bone
853 1314 886 1370 et
904 1303 1025 1382 fidelis,
1052 1323 1148 1391 super
1169 1325 1271 1390 pauca

146 1405 235 1474 inisti
262 1403 383 1486 fidelis,
415 1425 514 1494 super
538 1403 637 1472 multa
661 1417 694 1472 te
723 1409 928 1472 constituam:
961 1407 1048 1472 intra
1066 1405 1102 1471 in
1122 1404 1272 1494 gaudium
1320 1396 1327 1405 ’

147 1509 270 1578 domini
295 1510 354 1574 tui.
400 1507 456 1572 24.
484 1505 650 1574 Accedent
672 1519 776 1576 autem
799 1519 830 1574 et
851 1512 908 1596 qui
928 1531 1028 1574 unum
1049 1507 1199 1576 talentum
1220 1530 1274 1575 ac-
1393 1529 1394 1534 ¹

146 1621 281 1702 ceperat,
301 1612 353 1684 ait,
373 1609 522 1690 Domine,
542 1631 695 1676 noveram
717 1621 757 1690 te,
779 1611 868 1698 quod
889 1611 988 1678 bomo
1009 1611 1110 1678 durus
1132 1615 1186 1691 sis,
1207 1633 1274 1680 me-

145 1725 216 1782 tens
242 1713 300 1789 ubi
327 1734 395 1779 nou
417 1715 596 1787 seminasti,
618 1723 649 1778 et
670 1711 747 1778 inde
768 1734 965 1798 congregans
987 1711 1044 1778 ubi
1065 1735 1133 1780 non
1155 1711 1274 1800 sparsi·
1393 1757 1394 1788 ,

145 1821 195 1884 sti.
238 1817 291 1882 25.
311 1816 362 1883 Ac
382 1817 510 1880 territus
533 1812 607 1892 abii,
628 1801 848 1902 'abscondi'que
866 1813 1018 1887 talentum
1030 1824 1118 1880 tuum
1130 1818 1272 1879 interra:
1393 1829 1394 1908 t

144 1939 219 1986 ecce
239 1916 348 1997 habes,
370 1915 460 2006 quod
480 1927 570 1984 tuum
592 1926 648 1982 est.
690 1916 743 1982 26.
764 1912 977 2003 Respondeas
999 1925 1102 1980 autem
1123 1915 1274 1983 dominns
1393 1917 1394 1934 ¹

119 2081 120 2088 ,
144 2023 223 2098 eius,
252 2017 331 2086 dixit
352 2022 392 2102 ei,
415 2020 515 2086 Serve
535 2014 617 2086 male
639 2029 670 2086 et
691 2022 791 2107 piger,
813 2015 937 2084 sciebas
959 2016 1049 2106 quod
1062 2025 1195 2098 metam,
1214 2017 1274 2084 ubi

142 2145 211 2191 non
232 2125 394 2203 seminavi,
415 2133 446 2188 et
466 2143 655 2221 congregem
676 2122 775 2202 illinc,
796 2119 854 2187 ubi
867 2119 935 2186 non
950 2123 1062 2211 sparsi.
1095 2122 1149 2189 27.
1164 2123 1274 2210 Opor-

142 2229 204 2294 tuit
225 2247 302 2314 ergo
323 2237 356 2294 te
377 2229 574 2293 committere
593 2227 760 2314 pecuniam
781 2247 881 2292 meam
902 2225 1077 2304 mensariis,
1097 2234 1129 2290 et
1142 2228 1272 2302 veniens
1393 2309 1394 2320 ἵ

144 2353 206 2420 ego
227 2330 419 2418 recepissem
439 2331 550 2422 utique
572 2327 661 2416 quod
681 2351 785 2396 meum
807 2337 855 2394 est
876 2347 947 2394 eum
969 2349 1076 2400 usura
1118 2327 1172 2396 28
1193 2327 1272 2396 Tol-

143 2434 201 2506 lite
225 2436 333 2523 itaque
357 2429 398 2497 ab
421 2452 461 2496 eo
483 2431 651 2513 talentum,
679 2443 711 2498 et
731 2431 844 2497 date
826 2432 869 2510 ei,
883 2431 955 2518 qui
975 2427 1072 2496 babet
1092 2427 1204 2498 decem
1224 2441 1270 2497 ta·

143 2537 240 2606 lenta.
292 2537 345 2601 29.
360 2533 482 2620 Omni
509 2535 593 2599 euim
619 2531 749 2600 habenti
775 2531 917 2613 dabitur,
943 2543 974 2598 et
994 2531 1184 2600 abundabit.
1215 2535 1270 2620 qui

144 2657 225 2710 vero
253 2619 323 2702 non
349 2609 457 2714 babet,
485 2631 585 2702 etiam
600 2635 635 2702 id
656 2636 745 2724 quod
766 2634 862 2706 habet
879 2627 1041 2706 adteretur
1061 2633 1103 2702 ab
1124 2659 1175 2706 eo.
1217 2638 1270 2704 30.

106 2821 108 2826 Δ
143 2739 187 2806 Et
213 2736 355 2806 inutilem
382 2743 509 2800 servum
538 2740 642 2806 eiicite
667 2742 702 2806 iu
728 2738 875 2806 tenebras
898 2741 1085 2810 exteriores.
1120 2725 1187 2806 illio
1210 2743 1276 2806 erit.

143 2837 239 2916 tletus
261 2849 293 2910 et
312 2836 433 2912 stridor
454 2837 604 2912 dentium.
661 2906 664 2912 ,

197 3126 198 3136 ι
228 3097 331 3166 auo.
351 3097 436 3164 ιιι.
478 3095 529 3162 ιι.
546 3087 547 3090 ‘
562 3077 651 3166 naec
677 3075 741 3160 itm
769 3094 986 3178 susicana,
1009 3065 1168 3178 animem
1193 3073 1272 3162 uait
1393 3135 1394 3196 3

144 3198 340 3289 parabolam,
363 3221 403 3266 eo
426 3197 514 3286 quod
536 3207 744 3286 esset,prope
756 3197 1020 3288 Hierosolymam
1041 3198 1193 3287 quodque
1203 3201 1273 3264 exi·
1393 3271 1394 3308 Ξ

145 3306 307 3381 elimarent
344 3303 433 3382 iore,
475 3312 537 3368 ut
550 3300 715 3366 confestim
751 3324 883 3390 regnum
914 3305 979 3370 D'ei
1013 3303 1272 3368 manifestaretur.

146 3406 198 3471 12.
240 3405 331 3470 Dixit
356 3427 448 3491 ergo,
480 3406 587 3469 Homo
615 3403 757 3492 quidam
771 3428 887 3490 genere
914 3404 1021 3471 clarus
1041 3401 1204 3493 proiectus
1226 3413 1274 3471 est

145 3510 180 3575 itt
205 3509 367 3593 regionem
391 3497 613 3596 longinquam,
647 3515 683 3572 ut
714 3510 872 3598 acciperet
900 3499 963 3574 sibi
991 3515 1126 3594 regnum
1160 3529 1198 3572 ac
1221 3529 1272 3572 re·

146 3618 335 3677 verteretur.
401 3609 452 3676 13.
494 3610 631 3676 Vocatis
667 3619 770 3676 autern
805 3609 915 3678 decem
951 3612 1051 3676 servis
1084 3612 1171 3686 suis,
1215 3609 1273 3676 do·
1393 3675 1394 3684 ,

148 3713 195 3780 dit
227 3714 274 3778 eis
305 3708 419 3778 decem
453 3713 571 3791 minas,
614 3723 660 3794 et·
678 3713 722 3778 ait
754 3712 796 3780 ad
826 3711 916 3792 illos,
953 3713 1184 3798 Negotiemini,
1214 3711 1273 3780 do·
1346 3790 1348 3794 ¹
1391 3716 1394 3726 ⁴

53 3855 81 3901 χ
146 3805 372 3882 necveniam.
436 3816 488 3882 14.
532 3813 630 3883 Cives
665 3807 770 3882 autem
803 3818 871 3882 eius
899 3814 1034 3882 oderant
1062 3819 1148 3894 eum,
1180 3819 1272 3882 misa-

146 3929 285 4006 runtque
311 3915 501 4004 legationem
527 3929 601 4014 post
626 3914 731 4008 illurn,
758 3918 911 3997 dicentes,
935 3917 1102 3985 Nolumus
1117 3919 1204 3986 huuc
1223 3943 1273 3986 re·

52 4072 55 4077 .
121 4043 244 4115 2gnare
264 4041 361 4109 super
381 4042 451 4088 nos.
497 4023 556 4102 15.
588 4022 632 4090 Et
657 4021 773 4086 iactum
796 4032 856 4102 est,
877 4032 913 4086 ut
931 4021 1051 4087 rediret
1071 4029 1203 4109 accepto
1224 4043 1271 4088 re·
1393 4057 1394 4086 ι

123 4141 225 4205 ’,ςιιο,
255 4125 409 4212 iussitque
429 4127 538 4190 vocari
560 4120 632 4188 illos
655 4141 767 4187 servos
789 4123 1045 4214 ad4se,1qnibus
1067 4123 1198 4191 dederat
1218 4144 1272 4212 pez

7 4205 8 4272 i
50 4216 55 4228 '
149 4225 289 4299 cuniam,
321 4237 357 4291 ut
383 4230 492 4306 sciret,
526 4234 679 4310 quantum
704 4226 843 4312 quisque
873 4229 1053 4313 negotiatus
1087 4238 1178 4297 esset.
1221 4227 1283 4300 16.

149 4319 247 4384 Venit
267 4335 370 4392 autam
387 4331 522 4434 primus,
543 4324 662 4404 diceus,
679 4325 845 4428 Domine,'
860 4317 945 4395 mina
966 4341 1021 4396 tua
1042 4328 1151 4396 ἀιιιιιι
1172 4331 1272 4396 minas
