2804 4762
132 197 140 213 ”
242 214 344 308 qm.
383 185 546 294 Responsio
564 207 602 272 de
620 161 772 308 vochhne
790 185 844 273 sua*
858 183 1047 288 st‘loaantm
1161 215 1221 280 207

86 331 208 440 neruni
236 367 397 458 principes
430 361 653 452 Saoerdotnm,
679 373 718 429 et
748 336 880 432 Scrihae
902 335 1222 446 ΙειιιιιῙδ”ειιίοιὶιιιιε

85 477 118 544 2.
139 476 185 540 Et
205 474 295 538 aiunt
316 467 373 560 illi,
395 455 550 546 dieentes,
575 465 640 533 Die
659 455 771 546 nohis,
797 491 861 555 qua
883 471 1071 536 anctoritate
1091 471 1151 543 ista
1173 463 1221 560 fqss

85 579 154 644 cisi
187 585 242 640 aut
263 575 417 662 quisest,
438 571 495 657 qui
517 567 607 636 dedit
626 567 687 636 tihi
708 574 926 654 auotoritatem
948 573 1060 640 istam?
1084 570 1132 638 ¹3.
1153 572 1221 638 Re·

86 677 254 780 spondeas
276 683 379 748 autem
399 673 490 754 lesus
512 669 591 738 dixit
611 670 654 739 ad
674 671 765 753 illos,
792 665 1001 758 interrogabo
1023 695 1082 740 vos
1104 685 1135 742 et
1157 695 1219 762 ego
1307 741 1311 752 ¹
1382 677 1384 754 ζ

84 803 191 850 ιιιιιιιιι
212 777 377 868 quiddam,
399 785 430 842 et
449 775 646 863 respondete
666 757 751 842 mihi
793 773 824 840 4.
845 777 1027 863 Baptismus
1048 777 1178 844 Ioannis
1199 799 1220 844 e

86 883 185 952 eoelo
207 891 285 962 erat,
312 901 352 946 an
374 901 413 946 ex
434 875 639 944 horninibus?
680 877 711 943 5.
732 877 781 944 m·
796 877 845 942 illi
866 877 1049 965 cogitabant
1069 881 1151 946 intra
1173 899 1219 962 se,

85 987 236 1068 dieentes,
258 984 294 1051 Si
317 981 500 1058 dixerimus,
521 980 550 1044 E
573 977 681 1044 coelo:
714 977 807 1060 dicet,
829 967 941 1068 Quare
962 1001 1047 1068 ergo,
1061 1001 1130 1047 non
1150 1001 1220 1048 ere·
1294 1017 1297 1026 ·
1370 981 1372 998 '

85 1089 214 1174 didistis
234 1086 303 1154 ilii?
319 1166 325 1173 ᾖ
339 1084 372 1154 6,
394 1083 453 1150 Sin
474 1080 654 1158 dixerimus,
676 1082 725 1148 Ex
745 1079 938 1160 horninibus,
958 1082 1051 1169 plebs
1072 1086 1221 1152 universa

83 1189 251 1282 lapidabit
269 1209 349 1256 nos:
381 1203 570 1270 persuasum
602 1183 687 1247 eninr
717 1180 815 1248 habet
844 1184 995 1248 loannem
1029 1183 1220 1270 Prophetmn

83 1317 161 1363 esse.
205 1295 237 1360 t.
261 1293 307 1358 Et
326 1284 582 1376 responderunt,
603 1291 638 1350 se
654 1283 785 1350 'nescire
806 1284 903 1352 unde.
945 1285 977 1352 8.
998 1283 1040 1352 Et
1063 1285 1154 1352 lesus
1177 1289 1221 1356 ait
1274 1337 1284 1345 .

79 1397 159 1480 illis,
180 1397 304 1483 Neque
324 1411 385 1478 ego
407 1388 484 1456 dico
505 1385 615 1468 vohis,
637 1408 702 1474 qua
722 1391 910 1457 anctoritate
931 1387 1011 1456 haee
1031 1388 1156 1482 faoiams
1250 1421 1254 1432 ·

372 1511 400 1568 a

158 1587 264 1652 Marah.
283 1585 333 1647 23.
374 1583 444 1664 Ouo
461 1585 643 1643 oudodtate
661 1581 854 1658 duecfocis?
897 1583 974 1668 Quia
993 1606 1053 1648 non
1072 1605 1220 1668 proeesse-

80 1678 147 1731 rant
175 1665 228 1726 alia
253 1659 367 1723 consilia
393 1673 422 1721 et
444 1661 536 1741 aperti
559 1661 594 1721 ad
613 1669 655 1740 ‘op
677 1660 836 1742 ugnandum
855 1673 986 1736 conatus,
1010 1685 1087 1724 nune
1105 1663 1163 1726 ohli
1185 1677 1231 1726 ue*

80 1751 199 1806 tentant
217 1738 377 1802 sacerdotes
402 1749 431 1798 et
449 1735 572 1813 scribae,
598 1736 624 1798 si'
656 1747 721 1814 orte
746 1735 824 1796 illum
848 1757 864 1798 a
888 1739 1008 1800 docendi
1033 1739 1144 1802 ratione
1164 1687 1220 1800 de·

80 1821 170 1882 iieere
183 1827 299 1900 queant.
329 1817 395 1875 Non
411 1813 568 1896 disceptant
584 1825 676 1874 autem
691 1811 728 1872 de
747 1814 805 1894 ipsa
823 1813 961 1890 doctrina,
978 1835 1044 1878 vera
1063 1818 1099 1882 sit
1118 1837 1219 1894 necne,

87 1895 159 1957 'uod
176 1895 235 1956 iarn·
253 1889 360 1973 saepius
379 1891 482 1954 frustra
499 1889 610 1951 fuerant
628 1889 765 1973 aggressi,
788 1889 837 1950 sed
859 1891 895 1952 de
913 1892 1063 1954 vocatione
1087 1905 1116 1956 et
1139 1917 1220 1956 man-

80 1919 149 2036 dato
174 1967 397 2038 controversiam
420 1979 544 2028 movent.
583 1969 620 2028 Ei
646 1977 707 2026 erat
728 1965 842 2046 quidem
866 1970 1007 2050 speciosus
1031 1969 1123 2032 color:
1152 1993 1219 2032 nam

81 2072 171 2130 quum
189 2066 277 2108 nemo
296 2065 326 2124 se
343 2044 584 2126 ipsum‘ingerere
603 2041 767 2103 debeatrei
784 2042 819 2102 ad
839 2045 987 2106 sacerdotii
1007 2045 1154 2120 honorem,
1173 2046 1219 2116 vel
1254 2080 1259 2089 ·

82 2125 118 2186 ad
137 2125 300 2205 Prophetae
319 2141 431 2194 munus,
456 2121 505 2181 sed
528 2118 711 2198 exspectanda
734 2119 770 2178 sit
788 2117 844 2180 Dei
868 2122 993 2197 vocatio,
1016 2122 1105 2183 multo
1126 2123 1218 2184 minus
1296 2164 1299 2174 ·

82 2202 126 2264 fas
149 2202 279 2281 cuiquam
304 2211 375 2273 erat,
398 2195 451 2258 sihi
470 2195 588 2258 Messine
611 2211 716 2254 nomen
740 2213 879 2270 asserere,
901 2196 955 2256 nisi
980 2218 1064 2275 quern
1086 2198 1219 2260 divinitus
1266 2255 1270 2276 ,

86 2278 211 2340 eiectum
233 2295 292 2345 esse
311 2284 470 2335 constaret:
499 2269 562 2352 quia
581 2291 640 2344 non
659 2280 768 2329 tantum
787 2269 843 2328 Dei
861 2291 947 2348 voce,
970 2271 1018 2331 sed
1038 2272 1120 2332 etiam
1143 2273 1220 2332 iure·
1247 2269 1252 2276 ’

83 2353 204 2416 iurando
218 2349 352 2414 constitui
366 2347 508 2430 oportuit,
534 2345 766 2429 quemadmodum
785 2345 918 2430 seriptum
939 2355 982 2405 est
1002 2347 1061 2422 (Ps.
1080 2351 1144 2422 110,
1164 2347 1218 2422 4.).

83 2432 144 2492 Sed
161 2447 297 2510 perverse
316 2438 345 2485 et
365 2425 449 2516 impie
470 2433 572 2514 agunt,
596 2423 687 2500 quod,
712 2441 798 2499 quum
816 2432 873 2482 tam
892 2420 987 2483 multis
1005 2421 1154 2484 virtutibus
1173 2435 1219 2506 tq..

42 2515 50 2526 '
83 2518 155 2568 stata
178 2515 256 2565 esset
277 2501 369 2563 divina
393 2499 500 2560 Christi
524 2497 662 2572 maiestas,
694 2495 772 2576 quasi
794 2497 921 2558 omnium
948 2497 1041 2582 ignari
1071 2496 1219 2580 inquirunt

83 2581 162 2642 nnde
180 2577 326 2672 prodierit
367 2574 444 2650 Quid
464 2573 539 2633 enim
558 2573 645 2654 magis
666 2571 815 2632 absurdum
832 2583 886 2648 est,
905 2594 990 2652 quum
1005 2575 1097 2655 ‘palam
1118 2588 1216 2638 exten-

82 2669 144 2718 tam
163 2655 276 2716 videant
294 2673 407 2711 manum
426 2650 496 2725 Dei,
521 2649 586 2708 dunt
606 2659 738 2708 sanantur
757 2647 845 2710 claudi
865 2661 895 2712 et
914 2649 1008 2728 coeci,
1032 2651 1161 2717 dubitare
1180 2675 1217 2715 an

83 2733 176 2794 homo
215 2729 321 2792 rivatus
338 2725 392 2791 sihi
411 2727 484 2787 hanc
503 2723 642 2787 licentram
660 2735 770 2786 temere
788 2727 924 2789 assumat?
965 2726 1047 2790 Adde
1068 2731 1216 2811 quodiam
1303 2773 1309 2782 -

72 2820 153 2874 ,ante
175 2751 239 2890 pius
260 2805 325 2868 satis
347 2803 470 2866 convicti
491 2802 620 2887 fuepant,
644 2800 788 2869 Christum
807 2822 824 2862 e
845 2803 927 2888 caelo
949 2824 1008 2868 esse
1026 2805 1156 2882 missum,
1183 2821 1217 2870 ut

83 2885 155 2948 nihil
173 2884 264 2950 minus
283 2881 405 2944 habeant
423 2882 452 2942 in
472 2880 566 2942 animo
583 2899 665 3018 quarn
684 2878 806 2960 probare
826 2879 932 2943 Christi
951 2881 1105 2965 gesta‘uhi
1121 2883 1216 2948 Deum
1271 2947 1273 2960 ,

83 2983 99 3024 a
122 2959 259 3025 noverint
277 2960 379 3020 eornm
395 2962 561 3020 auctorem-‚¹
605 2979 623 3016 ιι
643 2954 802 3038 hoc'igitur
820 2956 964 3036 insistunt,
983 2979 1046 3025 non
1066 2979 1126 3020 esse
1145 2959 1217 3040 legi-

107 3061 185 3100 mum
205 3036 261 3097 Dei
280 3035 452 3110 ministrum,
473 3053 560 3114 quem
584 3033 638 3094 suis
662 3033 717 3112 ipsi
738 3033 878 3116 suffragiis
902 3056 960 3094 non
986 3034 1136 3118 elegerint,
1159 3036 1216 3096 acsi

83 3137 171 3196 penes
182 3133 242 3175 ¹eos
261 3124 320 3173 tota
338 3109 457 3172 resideat
473 3120 606 3202 potestas.
645 3109 749 3190 Atqui,
770 3111 892 3190 quamvis
911 3111 1028 3193 legitimi
1048 3111 1217 3171 essentiis-

84 3191 184 3264 cfesiae
204 3189 356 3272 praesides,
378 3187 570 3268 prodigiosum
590 3197 682 3246 tamen
702 3186 768 3263 fuit,
785 3201 850 3248 'sese
870 3199 968 3249 contra
987 3188 1082 3246 Deum
1101 3186 1215 3253 efferre.

84 3267 168 3330 Nunc
188 3272 325 3342 ten'ernus,
344 3287 395 3326 cur
413 3261 464 3324 illis
480 3260 608 3324 Christus
625 3261 729 3324 diserte
747 3283 804 3323 non
815 3262 1009 3345 responderit,
1028 3263 1092 3343 quia
1110 3265 1217 3334 scilieet

85 3341 220 3427 improbe
238 3355 267 3403 et
286 3343 346 3403 sine
366 3341 476 3424 pudore
495 3340 531 3398 de
550 3359 582 3400 re
600 3339 750 3420 conspicua
772 3341 861 3420 ipsum
881 3339 1027 3422 rogabant

158 3425 208 3484 25.
250 3422 296 3478 Bo
316 3423 409 3478 timus
431 3417 556 3478 Ioarrnr's
577 3417 653 3475 unde
674 3419 761 3474 erut?
803 3418 848 3476 lte
868 3415 1010 3496 Baptismo
1030 3415 1145 3479 Ioannis
1165 3437 1215 3482 eos

85 3496 243 3578 interrogat
263 3443 412 3568 chistus,
426 3515 485 3562 non
510 3503 619 3556 tanturn
642 3503 675 3552 ut
698 3492 828 3553 ostendat
851 3492 931 3554 omni
951 3495 1125 3558 anctoritate.
1141 3496 1216 3557 indi-

84 3593 166 3654 gnos,
186 3571 251 3652 quia
266 3584 393 3634 sanetum
405 3570 461 3632 Dei
475 3570 647 3652 Prophetam
664 3575 837 3649 spreverant,
858 3569 906 3630 sed
926 3570 1009 3630 etiam
1026 3582 1060 3630 ut
1078 3593 1128 3633 eos
1148 3593 1215 3652 pro·
1257 3597 1263 3604 ·

84 3649 149 3741 prio
178 3659 314 3735 responso
344 3657 491 3721 consuat,
519 3645 697 3726 impudenter
726 3643 855 3706 simulare
880 3645 925 3706 ‘rei
952 3646 1025 3708 hene
1053 3647 1215 3728 eomper'tae

84 3734 284 3804 ignorantiam,
305 3667 475 3784 Tenendum
489 3721 563 3782 eninr
577 3721 713 3782 nemoris
727 3733 777 3796 est,
797 3743 931 3802 quorsum
946 3724 1045 3784 missus
1062 3723 1222 3782 fuer-itio-¹

84 3815 186 3874 annes,
228 3807 340 3858 asenam
361 3799 445 3860 fuerit
463 3799 522 3860 eius
540 3797 660 3880 legatio,
680 3798 711 3858 in
730 3820 812 3878 quarn
829 3819 890 3859 rem
909 3801 1027 3862 maxime
1046 3799 1214 3861 incubuerit

85 3875 188 3949 Missus
207 3819 299 3940 fuerat
314 3873 419 3934 Christi
436 3895 553 3956 praeco:
574 3873 689 3937 minime
708 3873 796 3936 defuit
814 3876 870 3936 suis
889 3877 1024 3956 partihus,
1044 3886 1073 3937 et
1092 3876 1150 3954 ipse
1169 3875 1215 3940 ni-

84 3951 122 4011 hii
141 3949 193 4012 sib'i
212 3949 285 4010 aiiud
304 3951 434 4023 v'indicat,
455 3950 508 4010 nisi
527 3961 560 4010 ut
579 3961 658 4030 paret
677 3950 749 4010 viam
769 3951 1051 4029 Dominor‘de'nique
1072 3950 1214 4013 Christum

85 4027 174 4122 digito
193 4037 406 4102 monstraverat,
424 4038 538 4101 testatus
562 4047 596 4088 ue
610 4028 701 4163 fuerap
716 4027 827 4088 unicum
844 4049 904 4088 esse
918 4029 973 4091 Dei
989 4023 1096 4086 hifiurir.
1125 4027 1225 4084 Nune·
1242 4059 1245 4066 ι

86 4104 172 4184 igitur
196 4104 271 4164 unde
292 4103 346 4164 sihi
367 4102 483 4184 probari
506 4048 606 4163 voiunt
628 4104 735 4164 seriae
758 4125 860 4165 novam
881 4104 986 4174 Christi
1008 4100 1215 4176 auctoritatem,
1267 4135 1272 4152 ι

85 4200 170 4314 quum
189 4181 218 4242 in
238 4179 353 4252 loannis
372 4178 526 4262 praeconio
545 4177 669 4315 feq‘itinra
690 4179 748 4241 eius
765 4177 833 4241 fides
849 4177 924 4256 facta
935 4177 1034 4246 ,essetf
1067 4179 1150 4244 Neine
1169 4178 1215 4236 vi-

105 4277 194 4334 emus,
218 4257 362 4321 Christum
387 4277 445 4316 non
471 4277 551 4319 usum
586 4255 658 4318 uisse
680 4256 780 4316 caffido
804 4253 922 4316 artificio
941 4263 972 4310 ut
992 4247 1214 4334 subterfugeret

86 4335 133 4394 sed
149 4335 278 4398 obiectae
296 4329 452 4416 q'ttiii'stiotri
470 4327 632 4416 penituis'et
639 4327 735 4394 ‘solide
750 4325 923 4392 satisfecisse.
944 4318 1019 4386 'Non
1035 4327 1112 4406 enim
1123 4349 1214 4410 agno.

1159 4535 1168 4566 Ι
