2830 4772
183 237 244 303 m
601 229 735 296 BEGT.
757 229 870 294 xvut.

186 391 254 453 Deo
268 384 362 472 ,magis
383 397 445 448 esse
461 379 651 458 intolerabile,
701 403 764 444 uam
783 383 957 466 pertinacem
975 369 1083 468 gratim
1100 403 1167 448 suae
1186 397 1323 449 contern-

207 477 277 526 ιω
337 463 505 556 Quanquam
522 471 616 552 autem
634 401 740 552 simias
755 458 1136 553 Evangelii„coutemptor·es
1153 476 1323 546 nranctrea·

186 563 253 678 aa
270 535 692 694 unianimitas
705 535 859 702 tratur
874 535 1320 702 aususausus

187 691 296 756 Christi
312 689 411 774 gloria.
448 688 541 752 Nullis
560 689 636 750 enim
653 688 747 749 vernn
768 707 884 769 exprime
903 699 1001 770 potest
1019 689 1131 752 sceleris
1149 689 1222 752 illius
1242 693 1319 753 indi·

186 767 293 852 gnitas,
322 769 399 848 quod
421 765 522 827 Filium
545 763 615 839 Dei,
641 763 717 826 ritae
741 775 887 828 auctorem
905 763 1026 825 coelitus
1044 765 1098 836 sibi
1117 765 1258 840 oblatum,
1281 791 1299 828 a

186 855 310 906 mortem
329 863 359 903 ra
379 842 481 902 uerint.
529 840 573 902 lta
614 861 632 908 e
655 839 703 900 illo
717 839 784 932 plus
803 861 883 919 mam
903 839 1026 930 gelando
1045 841 1193 926 sacrilegio
1213 843 1318 904 delun-

187 921 243 995 cti,
274 937 332 981 non
356 863 527 980 destiterunt
549 935 581 979 tu
603 915 668 977 'nde
690 916 749 979 altu
774 925 858 1054 atque
881 913 939 976 alus
962 915 1126 979 numinibus
1147 940 1247 980 omnes
1260 941 1319 980 ex-

185 994 272 1058 menri
296 993 373 1056 exitii
395 1015 490 1056 causas
515 991 569 1055 ribi
595 1011 744 1054 arcessere.
818 991 872 1054 deo
891 1003 987 1074 'negat
1010 991 1140 1056 Christus
1164 1015 1263 1075 parem
1283 995 1317 1056 in

185 1070 292 1134 mundo
310 1069 492 1134 afflictionem
509 1081 606 1152 postea
625 1069 703 1145 fore,
731 1067 794 1150 qnia
816 1067 898 1144 sicuti
915 1089 971 1127 una
991 1066 1102 1130 Christi,
1116 1070 1242 1152 repulsa,
1270 1085 1318 1134 tot

185 1147 351 1230 praesertim
374 1147 508 1209 scelestae
530 1145 723 1207 'contumaciae
744 1156 775 1204 ct
796 1143 1004 1226 ingratitudinis
1027 1146 1241 1208 circumstantiis
1259 1147 1317 1208 im-
1401 1177 1402 1196 ι

206 1225 296 1300 licita,
323 1245 391 1308 prae
413 1223 688 1286 omnihus-aetatum
712 1220 838 1284 omnirun
861 1222 984 1304 peccatis
998 1222 1126 1294 maxime
1144 1221 1316 1284 detestabilis

184 1247 255 1378 luit,
270 1301 313 1394 sio
331 1301 416 1366 etiam
433 1319 555 1382 aequum
573 1297 637 1376 fuit,
653 1297 726 1360 nlius
745 1296 883 1361 vindictae
901 1296 1047 1362 atrocitate
1066 1297 1130 1361 alias
1150 1319 1248 1362 omnes
1265 1323 1317 1361 sn-

185 1399 309 1517 P“³da
349 1451 421 1516 nasa
442 1451 594 1512 acauno
608 1451 754 1528 sutum·
792 1447 920 1526 cautem
949 1449 1128 1511 ²ff⁰⁰³¹³t⁰¹¹¹
1156 1450 1314 1546 ²¹¹¹t¹³f¹⁰³⁸⁹
1401 1407 1402 1432 l

185 1528 269 1621 pimql
289 1537 383 1589 tamen
401 1527 744 1620 admixtaconsoloatione:
770 1525 975 1606 quod‘scilicet
989 1525 1046 1618 illis
1065 1527 1315 1620 exstingui-ppssit
1401 1559 1402 1572 ι

184 1602 819 1771 ἰῖῗῖἒηᾞιὲἑῖῗᾲιῗῖςὲἓῖὲῗῗιιῗῶἶῗ
837 1605 1315 1770 ‘atttt'itdttlttllt
1401 1695 1402 1702 ι

182 1755 358 1910 tufan
375 1753 1095 1921 sustentamentum
1104 1775 1315 1921 suaa:

185 1906 378 1998 dictamDei,
393 1927 469 1998 ⁸quae
487 1905 632 1998 moexsrlio
651 1907 822 1992 babylonico
840 1907 1004 2002 contigerat,
1022 1925 1117 1965 narsus
1133 1905 1240 1966 chrisa
1259 1909 1321 1966 ad·

183 1982 555 2198 tttpttl‘ttttttt
571 1980 1041 2148 {tttddtllftdeida
1059 1981 1199 2148 {diali}
1218 2003 1312 2120 tit:

184 2133 254 2195 dicit
299 2135 410 2212 hristus,
428 2134 483 2198 nisi
502 2133 579 2226 malis
597 2135 682 2196 finem
701 2137 781 2210 Deus
799 2132 1241 2226 imponat,pcrrturosiund1tus
1259 2137 1310 2196 Iu·
1401 2129 1402 2176 l

184 2210 284 2289 dacos,
308 2224 345 2288 ,nt
362 2233 400 2275 ue
419 2233 492 2275 unns
510 2211 621 2292 quadem
640 2213 764 2274 residuus
780 2221 904 2272 maneat:
932 2211 981 2271 red
998 2211 1225 2290 Deum‘gratuau
1244 2211 1311 2272 ioe-

184 2288 260 2350 deris
279 2290 321 2350 sui
340 2291 478 2352 rationem
496 2287 669 2364 habiturum,
692 2301 724 2349 ut
746 2287 842 2350 electis
859 2287 915 2348 suis
933 2297 1039 2367 parcat,
1063 2287 1218 2346 secundum
1237 2287 1309 2347 alte·
1401 2343 1402 2358 ,

183 2385 249 2426 rum
266 2365 333 2428 illud
351 2367 456 2429 Iesaiae
473 2365 632 2428 vaticinium
652 2367 714 2442 (lo,
724 2362 797 2441 22),
814 2361 941 2424 siluerit
959 2359 1076 2444 populus
1093 2372 1159 2423 tuus
1175 2373 1208 2422 ut
1221 2383 1308 2430 arena
1401 2379 1402 2418 ι

118 2481 121 2488 ·
183 2441 279 2516 maris,
297 2444 430 2526 reliquiae
451 2443 584 2504 duntaxat
601 2441 691 2504 salvae
708 2441 785 2502 fient.
838 2440 890 2500 Est
904 2451 999 2500 autem
1017 2438 1073 2498 hoc
1089 2437 1201 2521 insigne
1219 2439 1309 2501 diuini
1401 2449 1402 2470 ¹

75 2581 78 2592 ‚
159 2571 161 2578 ,
181 2517 277 2578 iudicii
295 2521 512 2596 documentum,
533 2517 584 2580 ubi
602 2519 738 2581 risibilem
756 2515 909 2578 Ecclesiam
927 2516 967 2576 sic
987 2514 1105 2598 affligit,
1128 2529 1161 2576 ut
1182 2514 1310 2578 funditus

79 3659 82 3672 ¹
179 3649 404 3713 internecionem
425 3667 570 3738 urgerent,
588 3658 718 3720 divinitus
736 3670 877 3719 retentum

182 2590 312 2654 videatur
334 2597 457 2677 perditas
493 2605 524 2656 et
545 2607 640 2656 tamen
658 2597 693 2656 ad
712 2595 878 2657 servandum
895 2591 1007 2672 aliquod
1023 2613 1140 2670 semen,
1164 2613 1232 2674 suos
1252 2593 1311 2654 ele·
1401 2611 1402 2650 ι

184 2677 262 2738 etna,
293 2681 323 2728 et
347 2672 458 2749 quidem
481 2691 585 2750 paucos
607 2693 740 2746 nanneto,
765 2668 927 2731 mirabiliter
946 2667 985 2727 ab,
1000 2667 1122 2728 interitu
1147 2670 1259 2752 eripit,x
1280 2683 1311 2731 ut
1401 2673 1402 2722 Ϊ

181 2751 295 2829 praeter
312 2765 390 2826 spem
410 2767 426 2805 e
445 2746 557 2840 gurgite
574 2748 770 2808 mortisemer
790 2758 848 2818 ant.
891 2744 938 2805 Sic
958 2743 1033 2830 enim
1051 2755 1201 2806 terrentur
1212 2748 1310 2828 ‘hypo-

182 2825 280 2893 critae,
298 2839 335 2878 ne
353 2820 495 2882 Ecclesiae
512 2821 595 2902 titulo
616 2835 644 2882 et
662 2823 756 2904 specie
770 2767 841 2883 lecti
858 2808 985 2882 ranarius
1008 2841 1052 2880 em
1071 2819 1245 2900 impunitatis
1257 2823 1309 2882 sibi

182 2891 302 2984 lingant,
326 2897 390 2975 quia
408 2897 523 2957 modum
541 2898 667 2959 inveniet
685 2899 833 2972 Dominus,
852 2919 908 2978 quo
927 2841 1078 2957 Ecelisiam
1096 2918 1175 2956 suam
1196 2897 1308 2972 liberet,

157 2967 248 3050 ,ipsu
266 2970 298 3030 in
318 2971 431 3038 exititnn
449 2971 569 3033 traditis:
600 2975 654 3052 piis
672 2997 742 3037 vero
760 2977 830 3035 mira
849 2970 1003 3035 coniolatio
1021 2973 1198 3056 suggeritur,
1229 2973 1306 3052 quod

127 3109 130 3116 Α
181 3065 324 3126 nunquam
342 3049 381 3110 ita
398 3049 512 3110 frenum
531 3047 632 3110 laxabit
640 3053 718 3113 Deus
737 3052 794 3113 irae
813 3071 887 3126 suae,
907 3050 973 3130 quin
992 3049 1073 3110 saluti
1092 3051 1219 3129 ipsorum
1233 3071 1305 3109 con-

181 3121 262 3180 wlat·
300 3125 348 3187 stc
366 3124 397 3188 in
414 3125 560 3208 puniendis
578 3126 687 3188 Iudaeis
706 3128 877 3188 horrendum
896 3128 926 3186 in
944 3128 1058 3186 modum
1077 3124 1193 3199 exurit,
1214 3135 1243 3183 et
1262 3135 1304 3184 ta-

181 3216 248 3286 men
274 3213 387 3278 praeter
410 3223 490 3283 spem
514 3200 658 3262 hominum
682 3204 736 3264 sibi
759 3203 919 3265 moderatus
939 3215 994 3278 est,
1017 3221 1054 3260 nc
1073 3201 1133 3280 quis
1153 3221 1188 3259 cx
1208 3201 1304 3264 electis

179 3283 296 3350 peraret.
353 3278 449 3357 Atque
473 3277 542 3338 haec
566 3279 735 3342 incredibilis
754 3280 879 3340 miraculi
900 3279 952 3340 luit
970 3277 1095 3350 materia,
1120 3277 1198 3354 quod
1218 3299 1305 3356 quum

181 3363 217 3404 ex
234 3345 335 3410 Iudaea
359 3355 465 3414 oritura
489 3365 563 3414 esset
581 3355 664 3429 edus,
691 3355 837 3448 expanuis
856 3355 944 3438 guttis
963 3353 1046 3416 fontis
1064 3351 1182 3412 arefacti
1202 3353 1303 3414 fluvios

117 3477 125 3492 a
178 3419 393 3513 Deus-crearit,
413 3431 461 3508 qui
478 3441 569 3490 totum
587 3434 721 3492 mundum
739 3431 898 3514 irrigarent,
909 3453 974 3491 nam
985 3432 1028 3508 (ut
1037 3428 1166 3514 gentium
1177 3431 1303 3491 omnium
1334 3479 1337 3492 .

179 3493 245 3588 odra
263 3519 293 3557 au
312 3521 343 3561 se
361 3505 571 3582 contraxerant)
589 3529 687 3588 parum
705 3507 806 3581 abluit,
826 3507 894 3586 quin
913 3529 970 3568 uno
990 3507 1033 3568 die
1050 3505 1156 3586 ubique
1174 3506 1302 3567 locorum
1369 3516 1372 3525 '
1394 3560 1397 3573 ,

178 3591 262 3654 signo
286 3576 350 3636 dato
368 3579 582 3640 trucidarentur.
612 3584 675 3643 Nec
693 3583 806 3643 dubium
825 3595 877 3658 est,
895 3605 982 3720 quum
1001 3583 1081 3643 multi
1099 3583 1183 3644 talem
1205 3605 1302 3644 eorum

178 3737 223 3784 tes
253 3737 282 3785 et
308 3727 376 3789 alios
405 3728 476 3792 illius
499 3737 689 3825 exsequendae
706 3734 773 3828 plus
795 3733 861 3794 satis
884 3735 979 3798 avidos
1001 3757 1054 3798 suo
1078 3739 1152 3795 nutri
1174 3747 1301 3796 armaret.

180 3800 271 3891 Quod
292 3824 361 3888 ergo
384 3805 509 3868 ultimam
530 3820 617 3871 totius
636 3823 727 3894 gentis
751 3809 856 3871 cladem
879 3823 948 3872 tunc
972 3812 1150 3893 compescuit
1170 3833 1301 3872 romanus

178 3891 340 3956 imperator,
357 3879 425 3944 haec
445 3883 600 3948 decurtatio
619 3887 672 3948 fuit
690 3886 908 3948 aduersandum
928 3887 1040 3967 aliquod
1058 3907 1166 3954 semen.
1190 3889 1300 3948 Interea
1401 3909 1402 3956 3

176 3951 235 4010 hoc
253 3959 416 4043 notandum,
434 3961 509 4041 quod
524 3973 644 4042 propter
661 3957 768 4022 elec'tos
786 3961 921 4052 impetmn
940 3963 997 4024 irae
1014 3985 1081 4025 suae
1101 3964 1242 4039 cohibuit,
1265 3985 1300 4022 ne
1401 4039 1402 4044 η

179 4048 279 4088 omnes
302 4033 445 4096 obrueret.
489 4035 549 4097 Cur
572 4039 647 4098 enim
668 4044 702 4097 ei
722 4039 1026 4120 ingentumultitudine
1044 4061 1151 4121 paucos
1168 4064 1200 4102 su
1222 4041 1299 4101 ersti-

179 4111 222 4161 tes
245 4119 349 4169 restare
371 4109 479 4174 votuit?
517 4123 546 4172 et
571 4113 636 4192 quid
659 4111 756 4172 hahuit
774 4133 886 4192 causae,
900 4137 961 4198 ,cur
979 4116 1032 4176 hos
1051 4117 1111 4178 aliis
1129 4063 1299 4198 praelierret?

178 4173 289 4268 Nttppe
307 4185 383 4262 quod
397 4188 429 4246 in
448 4187 568 4268 populo,
583 4207 667 4266 quern
686 4189 873 4266 adoptaverat,
893 4191 1030 4251 residebat
1050 4193 1109 4254 eius
1129 4194 1231 4276 gratia:
1258 4215 1298 4270 ac,

178 4267 217 4306 ne
234 4266 343 4338 uanum
362 4273 435 4320 esset
450 4263 508 4323 eius
526 4261 634 4332 foedus,
651 4261 760 4340 quidam
778 4275 894 4324 aeterno
914 4265 972 4326 eius
992 4267 1111 4329 consilio
1132 4271 1166 4328 ad
1185 4271 1298 4330 salutem

179 4319 264 4382 electa
282 4341 310 4412 et
326 4333 455 4398 denium
473 4347 579 4416 erant„
599 4335 669 4396 Ideo
688 4336 789 4399 Paulus
809 4339 912 4416 (Rom.
925 4345 982 4418 ¹11,
1001 4344 1043 4427 d.)
1063 4365 1173 4407 causam
1191 4346 1298 4429 gratui-

908 3660 981 3720 uisse
998 3659 1105 3736 Titum,
1126 3681 1164 3720 ne
1184 3671 1214 3719 et
1231 3659 1301 3719 mili·
1401 3683 1402 3716 1
