2796 4774
16 219 19 226 ’
85 300 89 317 ,
182 202 203 314 J
375 233 489 310 toro.
527 228 655 294 coruus
674 187 870 317 cheragra)
952 265 976 276 a.
1070 265 1072 268 .
1143 221 1210 302 305..
1300 185 1305 198 '

72 385 242 448 inconsutili.
280 385 339 447 Sed
360 383 483 464 quamvis
507 375 732 446 nibilaceiderit
756 384 873 446 Christo
895 383 927 454 in
946 378 999 448 bac
1014 385 1199 468 'partestnisi
1224 409 1226 413 ·
1278 416 1286 448 r

72 462 148 542 qnod
162 481 266 530 ¹omnes
285 461 406 522 damnati
445 460 616 535 atiebantur,
637 481 743 522 summa
762 471 856 522 nmen
873 462 1032 524 attentione
1050 465 1136 546 digna
1150 465 1199 528 est

71 541 143 600 haec
154 539 285 599 narratio.
294 577 297 584 ·
305 539 378 598 Nam
389 539 422 596 F'
435 538 490 598 ‘um
499 537 555 596 Dei
565 537 628 597 suis·
636 537 760 598 vestibus
772 539 903 602 nudatum
915 539 1110 624 Evangelistae
1128 565 1199 623 pro-
1218 569 1234 608 e

71 627 192 698 ponunt,
211 627 243 674 ut
252 615 369 676 sciamus
383 614 434 676 hac
452 613 577 674 nuditate
590 624 681 702 partas
691 611 774 672 nobis
787 635 846 674 esse
857 614 974 690 divitias,
993 637 1065 696 quae
1075 639 1128 678 nos
1148 639 1199 679 co·
1218 633 1222 640 “
1298 689 1299 694 1

71 714 131 750 ram
151 693 215 750 Deo
241 702 389 751 exornent.
428 687 500 750 Erni
523 711 593 772 ergo
616 689 640 748 F
642 689 720 748 ilium
742 711 822 749 suum
845 691 938 751 votuit
958 694 1055 768 Deus,
1085 706 1118 754 ut
1142 716 1197 756 uos

11 815 15 824 .
70 767 176 847 iustitia
194 767 279 850 ipsius
300 778 329 828 et
350 767 493 828 bonorum
513 765 640 846 omnium
660 765 740 844 copia
758 765 864 840 vestiti,
890 789 953 827 cum
973 771 1079 852 angelis
1097 788 1198 837 scorto
1258 831 1262 838 ,

70 865 264 924 appareamus,
285 864 356 923 quos
394 843 451 904 rius
471 841 554 902 soeda
572 833 715 921 turpitudo
735 841 765 900 in
783 841 877 902 lacero
897 843 996 904 babitu
1014 868 1030 906 a
1049 847 1196 908 coelorum

71 934 184 981 accessu
202 919 322 986 arcebat.
363 864 503 982 doristus
515 917 579 1000 ipse
598 929 690 1000 restes
712 933 773 980 suas
792 919 883 978 instar
901 921 1021 998 praedae
1058 927 1131 984 assus
1153 937 1197 988 est
1217 935 1220 940 ’

71 996 167 1086 diripi,
188 1009 225 1056 -ut
250 1018 301 1056 nos
319 995 421 1058 victor’
473 1013 539 1057 suae
560 993 661 1073 opibus
677 993 797 1073 ditaret.
827 995 1020 1075 Porroquod
1070 1000 1195 1065 aethaeus

11 1095 12 1114 ³
71 1073 152 1148 dicit,
178 1072 215 1131 ita
239 1072 383 1152 impletum
438 1085 493 1131 isse
515 1069 676 1135 vaticinium
695 1055 811 1132 Doridis·
827 1070 888 1146 (Ps.
907 1071 1213 1154 22,›19·.)‚mm.0.y

70 1159 141 1208 runt
160 1152 218 1208 sibi
235 1153 412 1227 emimonto
434 1169 516 1216 meo,
537 1155 591 1206 etc.
612 1145 651 1206 sic
670 1147 796 1227 accipere
815 1147 963 1222 convenit,
987 1145 1132 1210 ttteratiter
1151 1154 1198 1224 (ut

69 1225 235 1305 loquuntur)
246 1214 298 1306 ieje
314 1247 346 1285 re
367 1225 428 1304 'ips‘a
446 1224 475 1282 in
502 1222 615 1282 Christo
636 1222 720 1283 fuisse
740 1223 908 1298 exhibitum,
935 1225 1015 1301 qood
1033 1225 1127 1286 David
1142 1228 1197 1288 sibi
1248 1271 1250 1280 ι
1322 1221 1328 1244 “
1385 1287 1386 1294 ,

69 1301 176 1362 factum
194 1285 386 1382 metiphorice
412 1311 441 1358 et
464 1299 515 1358 sub
530 1298 628 1382 bgura
653 1311 821 1378 conquestus
849 1305 899 1360 est.
935 1301 1012 1361 'Nam
1033 1301 1127 1378 David
1143 1301 1196 1364 sub
1318 1349 1329 1374 ,

69 1379 188 1438 vestium
208 1377 324 1436 nomine
343 1377 474 1450 fortunas
492 1387 520 1435 et
537 1373 661 1434 honores
684 1397 749 1435 snos
768 1373 914 1466 intelligit:
937 1375 994 1438 acsi
1019 1377 1141 1455 diceret,
1164 1395 1196 1440 se
1271 1436 1276 1442 .
1385 1403 1386 1418 ¹

70 1453 165 1515 rivum
186 1467 214 1514 et
234 1454 377 1513 videntem
397 1451 515 1532 praedae
534 1450 618 1512 fuisse
641 1450 779 1526 hostibus,
803 1451 852 1532 qui
868 1452 1064 1514 involaverant
1085 1453 1116 1513 in
1136 1443 1196 1517 eicis

68 1531 197 1601 domum,
219 1531 346 1607 adeoque
364 1550 425 1589 non
444 1539 632 1662 pepercerant
649 1527 761 1607 reliquis
780 1527 874 1602 bonis,
892 1540 924 1588 ut
941 1548 1062 1606 errorem
1076 1551 1196 1612 ,quoque
1281 1557 1285 1562 ·
1385 1533 1386 1562 ³

68 1617 209 1684 raperent.
231 1607 331 1670 ,Hanc
361 1606 446 1667 crude
456 1604 550 1664 itatern
578 1603 743 1684 metaphora
765 1603 926 1683 amplificat,
958 1606 1124 1667 vestimenta
1147 1630 1197 1670 sua
1265 1647 1273 1651 -

67 1693 147 1742 sorte
171 1680 257 1747 divisa
280 1681 365 1742 fuisse
389 1679 524 1742 scribens.
572 1680 671 1754 Quum
694 1693 788 1756 nutem
812 1681 911 1740 umbra
936 1692 967 1741 et
989 1681 1082 1764 imag'o
1108 1683 1213 1748 fuerit

69 1757 190 1832 Christi,
220 1755 295 1838 quod
322 1779 452 1837 passurus
483 1767 542 1817 erat
564 1755 692 1818 Christus
717 1757 768 1836 Spi
785 1758 825 1816 itu
840 1756 1023 1838 prophetico
1071 1751 1195 1826 rdedixit.

69 1835 170 1924 Quen}
187 1833 225 1892 in
240 1834 299 1894 eius
322 1853 443 1914 persona
465 1832 522 1893 boc
545 1853 666 1912 qnoque·
681 1780 803 1892 notabde
829 1845 884 1906 est,
909 1834 990 1912 qirod
1007 1781 1121 1900 'miiites-
1137 1837 1196 1902 eius

67 1921 202 1986 vestptum
222 1909 344 1990 praedati
362 1921 441 1988 sunt,
466 1910 529 2002 quia
553 1911 583 1970 in
605 1909 657 1970 hac
680 1909 838 1990 direptione
856 1907 936 1993 signa
957 1921 985 1984 et
1005 1923 1119 1973 notasa
1162 1933 1197 1974 o-

67 1988 185 2061 scimus,
217 1987 316 2066 quibus
339 1986 576 2066 olim-insignitus
600 1985 706 2046 suerat>
739 1997 776 2050 et.
791 1985 872 2049 simul
895 1984 1006 2048 tollitur
1027 1933 1196 2064 scandridm,
1262 2049 1263 2054 ,

67 2063 147 2143 qubd
170 2062 274 2142 alioqui
297 2083 331 2122 ex
354 2064 413 2124 eins
436 2065 562 2124 nuditate
586 2063 752 2146 conciperet
774 2081 871 2122 sensns
896 2063 1003 2138 carnis,
1038 2065 1102 2144 quia
1126 2067 1196 2128 nibil

65 2161 163 2221 passus
183 2151 234 2208 est,
254 2139 328 2216 quod
345 2159 407 2198 non
426 2157 495 2199 vere
505 2139 544 2198 :et
562 2139 682 2228 proprie·
696 2138 928 2218 inRedemptorid
942 2158 1096 2218 personam
1115 2162 1196 2206 com.
1242 2203 1245 2208 ¹

230 2213 261 2229 ''
350 2213 472 2274 loculum
489 2225 675 2294 pronuntiet..
853 2240 856 2246 ·
1146 2253 1147 2256 =

67 2227 171 2297 petere
253 2227 347 2328 rtqu
721 2291 729 2308 ο
918 2251 968 2295 ff
1073 2289 1080 2306 ι
1171 2292 1208 2308 .,

145 2293 302 2370 Mers-⁴²5·
319 2292 416 2370 .Er.·qt
439 2301 541 2372 nutem
555 2290 634 2346 ¹horo
653 2290 758 2370 tertre.
797 2289 863 2354 Hoc
890 2310 955 2349 curn
978 2289 1094 2361 Ioannrs
1114 2303 1195 2353 testr-

67 2366 168 2443 moniq
181 2362 300 2438 'videtur
318 2363 431 2426 minime
448 2380 511 2426 'esse
531 2375 762 2438 consentaneum:
782 2375 876 2440 narrat
895 2365 987 2439 enim,
1010 2365 1122 2428 circiter
1140 2371 1197 2428 ho·-
1220 2405 1223 2410 ·

66 2465 139 2504 ram.
149 2441 254 2505 sextam
275 2439 420 2516 Christum
443 2441 528 2502 fuisse
553 2441 720 2520 damonum.
760 2443 867 2507 Verum
892 2441 916 2501 si
933 2443 1097 2532 reputemus
1117 2443 1193 2524 quod

67 2543 103 2583 er
122 2519 180 2579 aliis
199 2517 269 2580 locis
288 2523 423 2592 constat,
435 2518 509 2577 dierb
531 2509 670 2584 fuissein
693 2525 813 2594 quatuor
837 2525 928 2598 partes
946 2517 1141 2595 distributum,
1154 2531 1196 2584 ‘et

66 2597 111 2658 sin
133 2593 190 2670 olas
208 2605 300 2673 partes
320 2589 443 2676 aprima
462 2591 723 2676 exordiipuihora
742 2613 846 2655 nomen
866 2595 1030 2674 sumpsisse,
1056 2616 1117 2657 non
1137 2597 1196 2658 dis..
1257 2633 1260 2638 -

66 2615 146 2733 ficids
166 2671 220 2730 erit
237 2669 363 2748 ablutio.3
386 2669 494 2729 Totum
513 2667 633 2739 medium
657 2680 769 2750 tempus
790 2669 825 2730 ab
846 2671 1032 2734 exortusolis
1051 2693 1139 2752 usque
1159 2675 1194 2738 ad

66 2748 218 2810 secundam
236 2747 503 2839 partem'vocabant
526 2745 623 2826 horam
640 2745 772 2826 primam.
815 2747 944 2807 Secunda
968 2769 1031 2828 pars
1047 2763 1146 2828 usque.
1158 2751 1195 2812 ad
1215 2821 1218 2830 Δ

65 2823 214 2886 meridiem
237 2823 290 2884 dlis
315 2834 376 2882 erat
390 2823 470 2899 'bora
486 2822 578 2883 tertia.
610 2822 700 2900 Sexta
725 2823 794 2882 bor'a
812 2844 828 2882 a
846 2822 965 2884 meridie
990 2824 1126 2906 incipiens
1145 2849 1193 2888 us-

13 2943 17 2950 ·
67 2921 125 2982 que
149 2901 183 2960 ad
207 2897 318 2974 tertiam
340 2897 386 2960 vel
414 2911 539 2978 quartam
567 2897 786 2979 ppmeridianam
799 2925 801 2930 ’
815 2899 941 2959 durabat.
999 2902 1096 2976 Quum
1121 2923 1195 2984 ergo

66 2991 179 3056 tempus
201 2997 217 3037 a
240 2977 330 3036 Pilato
354 2976 460 3035 extrahi
484 2975 613 3036 viderent
635 2973 745 3048 ludaei,
760 2987 809 3035 ,ει
833 2975 888 3034 iam
910 2976 1058 3046 meridiem
1080 2977 1197 3054 instare,

66 3053 136 3114 dicit
150 3047 276 3114 ‘Iobirnes
295 3051 486 3120 vehementius
505 3051 654 3126 clamasse,
671 3072 711 3116 ue
730 3062 813 3136 totus.
824 3051 883 3112 dies
902 3051 1043 3114 efflueret.
1075 3055 1191 3115 ¹Verum
1263 3113 1269 3120 ‚

65 3131 135 3190 illud
158 3151 218 3200 noo
241 3129 349 3205 obstat,
401 3129 531 3188 uominus
559 3128 673 3187 circiter
692 3121 785 3191 Yfinem
809 3127 896 3187 borae
918 3129 1026 3188 »tertiae
1048 3129 1195 3203 crucifixus

65 3204 155 3266 fuerit
178 3197 328 3265 Dominus.
377 3151 450 3287 dein
475 3203 662 3284 satisliquet,
700 3225 739 3264 ex.
763 3203 1027 3283 quo'tumultuarie
1049 3204 1194 3272 damnatus
1247 3269 1250 3276 ,

66 3295 123 3355 est,
151 3283 245 3344 subito
270 3281 353 3343 foisse
369 3281 552 3363 -abreptumv
573 3289 647 3356 tao¹
677 3279 735 3340 eius
761 3279 957 3360 exstinguendi
980 3281 1073 3342 studio
1096 3281 1195 3346 ludaei
1276 3301 1279 3307 ’

11 3429 16 3436 ι
64 3357 210 3418 ardebant.
249 3361 327 3442 Ergo
353 3361 465 3420 Marcus
487 3379 549 3418 non
573 3357 583 3416 i
637 3351 686 3418 'ni
707 3355 795 3417 horae
816 3353 917 3416 tertiae
940 3355 988 3416 sed
1011 3356 1096 3434 finem
1112 3359 1193 3420 desi-

64 3440 144 3516 gnat.
184 3437 222 3494 Et
244 3433 300 3496 hoc
326 3435 489 3497 ver-similius
513 3430 749 3511 estffitrbtum
777 3452 837 3492 non
865 3431 978 3513 longius
1001 3433 1091 3498 tribus
1115 3435 1202 3502 boris
1271 3497 1273 3502 .

64 3509 232 3592 pependisse
250 3509 280 3570 in
300 3531 391 3572 cruce.
548 3537 550 3542 ’
734 3551 739 3563 .
976 3571 979 3576 ,
1168 3553 1181 3564 -

144 3585 216 3648 Luo
233 3587 281 3646 34.
318 3590 352 3650 le
388 3599 528 3649 sautem
551 3588 679 3654 dicebat.
721 3585 784 3646 Hac
800 3603 877 3649 soce
899 3584 1031 3664 probarit
1054 3587 1192 3665 Christos,

65 3683 99 3725 se
117 3660 194 3723 illum
213 3681 271 3722 esse
290 3655 359 3742 pircr
379 3687 426 3740 nup
448 3687 481 3726 ac
503 3661 678 3726 mansuetum
701 3683 817 3744 agnum,
865 3659 895 3721 ui
915 3662 951 3722 ad
974 3663 1114 3726 victimam
1127 3665 1197 3724 'du-,

66 3739 274 3812 concluserat,
303 3736 646 3812 stenettesrnusttuerat
670 3739 770 3800 [esaias
793 3739 833 3798 Pr
871 3739 938 3800 beta
964 3739 1040 3820 (cap.
1058 3743 1111 3814 53,
1131 3739 1190 3814 .7.).

64 3816 168 3894 Neque
187 3813 263 3894 enirn
280 3811 432 3950 vindictspp
454 3817 544 3892 sptem
568 3815 699 3891 remittit,
722 3816 771 3876 sed
791 3827 890 3874 tetum
908 3813 1024 3884 salutem
1042 3814 1202 3878 commcn·'

65 3893 115 3953 dat
133 3892 200 3950 Deo
237 3889 303 3962 atri,
323 3911 338 3949 a
358 3911 403 3970 qur
424 3913 455 3951 us
473 3891 570 3971 plusq
642 3891 945 3952 -erudeliterreratun
984 3892 1119 3971 Magnum
1132 3892 1190 3955 boc

64 3967 191 4041 fuisset,¹
209 3910 244 4026 de
263 3965 368 4026 talione
386 3966 454 4046 nibil
470 3966 616 4052 pogitare3
642 3965 725 4028 sicuti
737 3957 923 4047 ,Petmb‘stp
942 3965 967 4027 1.
986 3968 1020 4040 d,
1036 3967 1097 4044 9.),
1111 3969 1189 4031 'dum
1219 4041 1223 4050 ,

64 4044 125 4106 eius
144 4041 273 4122 exemplo
293 4061 345 4103 nos
364 4039 492 4112 bortatur
511 4042 546 4102 ad
565 4036 829 4125 patiehham·,dicit
843 4037 1083 4134 noq.rependisse
1101 4043 1188 4106 malc-

65 4121 138 4181 dicta
161 4139 215 4200 pro
238 4117 401 4194 maledictis,
434 4139 488 4178 nec
510 4117 598 4178 ultum
625 4087 796 4182 subedituus
818 4109 952 4193 iniunas,
975 4118 1024 4180 sed
1040 4117 1106 4181 -boc
1128 4141 1199 4186 onor
1274 4171 1284 4181 ,

63 4195 151 4258 fuisse
173 4206 339 4256 contentum
365 4195 440 4277 quod
459 4196 554 4256 Deum
580 4193 868 4282 haberetyiadicem.
911 4197 991 4275 Haec
1008 4213 1078 4256 vero
1100 4195 1196 4280 louge.

65 4273 195 4353 superior
212 4293 245 4332 ae
264 4273 451 4352 praestantior
469 4271 523 4334 suit
542 4267 642 4338 virtus,
662 4275 755 4336 Deum
774 4272 884 4354 precari
904 4282 938 4332 ut
955 4269 1083 4334 hostibus
1101 4271 1189 4360 igno-

64 4360 166 4412 sceret.
205 4348 238 4410 si
257 4349 302 4412 cni
321 4347 430 4413 videtur
447 4349 503 4412 boc
517 4352 661 4442 donpatis
679 4351 814 4434 quadrare
833 4367 899 4417 cum
917 4346 976 4424 itta,
994 4369 1078 4430 quarn
1095 4369 1192 4432 nuper.
1284 4414 1288 4422 ,

214 4535 216 4542 ·
420 4515 439 4546 ’ἱ
