2830 4772
496 251 640 306 ,caunos
660 252 839 318 vatrenus.
977 261 1024 281 ··
1181 239 1237 332 w?

98 409 224 469 sensum
242 397 377 450 nostram
397 386 523 454 nondum
546 408 659 470 capere,
686 389 784 469 quanti
807 389 867 470 ipse
883 389 1012 454 aestimet
1034 387 1158 452 caritatis
1173 387 1238 453 (affi-

96 468 159 542 cia,
188 465 229 526 ita
252 485 332 524 nunc
351 475 447 544 aperte
465 465 645 557 pronunciat,
669 486 699 530 ae
719 467 936 546 acceptanobis
955 467 1076 528 laturum
1097 485 1238 546 quaecun-

88 565 160 624 ·que
180 542 215 602 in
238 561 308 605 snos
326 540 551 620 impenderamus.
575 543 638 604 Nos
655 563 725 602 vero
742 542 805 622 plus
820 543 1053 623 quamsocor'des
1072 563 1134 606 esse
1151 561 1238 622 opor·

96 631 161 696 tet,
195 617 255 678 nisi
277 637 312 676 ex
331 615 484 678 visceribus
508 619 611 686 nostris
633 617 851 680 misericordiam
874 621 1011 698 exprimat
1033 619 1102 680 baec
1121 631 1237 680 senten-

95 696 162 771 cia,
179 693 333 756 Christum
351 693 399 755 vel
417 693 523 775 negligi
543 693 588 755 vel
607 693 663 756 coli
682 695 709 755 in
731 715 829 756 corum
848 715 981 774 persona,
999 695 1046 777 qui
1062 695 1164 756 cnsilio
1182 715 1237 755 no·

97 785 167 834 stro
191 765 337 862 indigent.
375 769 473 848 ltaque
492 771 601 850 quoties
620 771 654 830 ad
674 771 791 832 miseros
810 771 947 833 iuvandos
964 771 1161 852 pigrescimus,
1186 792 1236 848 ve·

98 849 165 910 nint
185 846 278 907 nobas
297 844 385 908 Filius
403 847 460 907 Dei
478 858 546 907 ante
565 847 676 922 oculor,
700 847 745 908 cui
767 845 868 926 aliquid
890 866 996 928 negare
1013 847 1132 910 immane
1146 847 1237 912 neris

96 924 215 1008 legium
236 933 290 986 est.
319 921 372 996 llis
391 921 474 982 etiam
495 917 586 986 verbis
604 923 742 996 ostendit,
763 944 797 985 ea
814 945 845 984 se
864 923 977 988 demum
995 919 1130 984 beneficia
1141 942 1235 1008 agnos

97 1022 202 1076 scere,
228 1019 303 1079 quse
319 997 407 1090 gratia
426 998 504 1058 nullo
523 999 638 1079 praemii
661 999 774 1060 intuitu¹
788 999 919 1080 praestita
944 997 1060 1062 tuerint.
1099 999 1135 1059 Et
1154 1012 1234 1064 certe

97 1099 194 1158 qutun
215 1074 366 1151 famelicis,
392 1086 421 1134 et
444 1075 538 1149 usulis,
570 1086 600 1136 et
615 1075 792 1156 hospitibus,
827 1081 867 1134 et'
881 1073 996 1155 captivis
1015 1073 1089 1133 bene
1107 1073 1169 1134 fieri
1188 1075 1234 1136 iuss

96 1154 193 1227 beat,
216 1173 235 1214 a
261 1151 364 1230 quibus
388 1150 463 1212 nulla
485 1152 591 1230 sperari
619 1161 718 1232 potest
738 1162 836 1212 mutua
859 1150 1066 1232 compensatio,
1089 1149 1119 1208 in
1142 1149 1234 1230 ipsunt

97 1230 254 1310 respicere
276 1249 392 1290 uerene
411 1239 469 1303 cst,
488 1227 588 1307 quise
608 1225 689 1288 nobis
707 1239 811 1307 sponte
829 1227 998 1309 obstringit,
1022 1237 1052 1286 et
1071 1225 1146 1305 quod
1165 1225 1235 1291 alio-

97 1307 149 1387 qui
171 1303 322 1386 perditum
340 1304 428 1364 videri
448 1315 559 1382 posset,
582 1303 613 1364 in
639 1303 765 1368 rationes
788 1325 850 1368 suas
874 1306 986 1385 patitur·
1003 1300 1117 1366 referri.
1150 1299 1236 1366 Solos

96 1393 203 1444 autem
224 1379 330 1442 fideles
346 1379 512 1441 nominatim
537 1379 582 1440 bic
607 1381 799 1442 commendat:
823 1401 892 1442 non¹
907 1380 971 1460 quia
994 1378 1063 1442 uelit
1086 1378 1117 1438 in
1141 1389 1236 1444 toturn

97 1457 174 1534 alios
197 1455 364 1541 sperni,sed
382 1455 451 1533 quia'
465 1467 496 1514 ot
515 1456 631 1536 quisque
650 1457 766 1537 propius
784 1455 818 1522 ad
840 1458 933 1517 Deum
951 1455 1072 1529 accedit,
1096 1455 1135 1514 ita
1153 1453 1236 1544 nobis

102 1535 205 1596 carior
232 1546 295 1592 esse
313 1530 407 1590 debet.
465 1532 538 1600 Nam
559 1533 612 1593 etsi
631 1552 781 1594 commune
800 1545 846 1610 est
863 1532 1004 1598 societatis
1026 1529 1170 1595 sinodum
1182 1551 1234 1590 an-

100 1623 151 1670 ter
172 1626 280 1678 omncs
298 1605 370 1670 filios
389 1607 495 1680 Adam,
523 1609 647 1670 sanctior
665 1621 761 1670 tamen
783 1608 844 1670 liliis
869 1609 931 1670 Dei·
948 1607 1024 1670 inter
1048 1630 1078 1669 se
1103 1619 1146 1670 est
1164 1627 1236 1666 con-

99 1683 232 1748 iunctio.
282 1685 361 1766 Ergo
387 1683 452 1762 qnia
474 1683 538 1746 fidei
562 1685 733 1748 domesticos
757 1685 897 1746 extraneis
918 1685 1063 1765 praeferre
1088 1683 1235 1754 convenit,

122 1757 295 1822 eculiariter
312 1781 364 1820 cos
380 1760 509 1822 nominat
530 1759 671 1825 Christus.
686 1761 871 1840 xQuanquam
890 1775 983 1822 sutem
1002 1760 1040 1820 illi
1058 1759 1236 1854 propositum

99 1784 175 1913 luit,
195 1835 301 1899 divites
319 1848 349 1904 ct
367 1836 415 1917 qui
433 1835 607 1900 facultatibus
627 1838 733 1920 pollent
751 1838 949 1906 ailerandarn
971 1837 1090 1904 fratrum
1109 1837 1235 1918 mopiam

100 1914 252 1988 animare,
272 1911 452 1974 binc›tamen
470 1915 503 1974 ad
526 1910 904 2008 miserosl'ct'inopesnon
928 1913 1049 1996 vulgaris
1071 1915 1145 1978 redit
1165 1935 1236 1977 con·

102 1989 226 2054 solatio:
259 1989 334 2069 quod
354 1988 422 2052 licet
438 1991 570 2082 probrosi
590 1991 949 2066 siut,‘·et'abrcctr‚coram
968 1991 1089 2067 mundo,
1111 2011 1170 2052 non
1188 2007 1236 2050 'se-
1343 2020 1347 2030 ν

102 2089 158 2129 cus
177 2079 278 2130 nmen
297 2064 371 2128 Filio
391 2069 446 2127 Der
465 2068 584 2148 pretiosi
602 2081 669 2130 mut
687 2090 769 2148 quarn
809 2068 905 2148 ropria
923 2065 1058 2128 membra.
1101 2067 1139 2128 Et
1155 2078 1237 2130 certe
1277 2082 1282 2106 t

102 2144 215 2206 tratres
235 2141 389 2221 appellans,
406 2142 562 2207 incredibili
581 2165 630 2208 eos
652 2144 762 2206 bonore
781 2089 922 2228 dignatur.
1006 2211 1009 2214 ,
1206 2207 1208 2212 ,

186 2223 238 2283 dt·
266 2221 416 2280 Discedita
439 2241 465 2290 o¹
484 2243 530 2280 nse
553 2222 714 2282 maledicti.
753 2223 837 2282 Nunc
860 2221 893 2283 ad
916 2219 1057 2300 reprobos
1080 2217 1235 2294 dctoendit,

106 2317 184 2376 quos
205 2296 246 2354 ita
265 2295 385 2355 inebriat
403 2295 506 2356 caduca
524 2318 573 2357 sua
592 2298 774 2432 prosperitas,
798 2307 831 2356 ut
849 2317 879 2358 sc
892 2308 1036 2388 perpetuo
1055 2295 1152 2373 beatos
1171 2295 1236 2354 lore

105 2372 265 2434 somnient.
303 2370 458 2432 Denuntiat
482 2393 553 2454 ergo
579 2394 609 2434 sc
637 2373 655 2431 il
667 2397 688 2434 rs
718 2377 867 2434 venturum
891 2372 1027 2447 redicem,
1053 2370 1100 2452 qui
1123 2369 1238 2432 delicias

106 2449 252 2518 excutiat,
270 2445 299 2505 in
319 2446 418 2526 quibus
435 2468 512 2508 nunc
530 2461 597 2510 sunt
617 2449 750 2516 demersi:
779 2469 838 2510 non
858 2450 936 2528 quod
955 2459 1097 2508 terrorem
1117 2446 1171 2507 illis
1190 2446 1236 2505 in-

107 2525 192 2584 iiciat
213 2521 320 2584 Christi
338 2525 472 2584 adventus
492 2525 555 2614 <qui
574 2524 626 2585 sibi
645 2525 775 2588 videntur
793 2538 906 2606 pactum
926 2525 1031 2586 babere
1049 2545 1114 2584 cum
1132 2535 1236 2598 morte,

108 2611 142 2659 et
161 2598 318 2660 securitatis
337 2598 435 2659 callum
454 2599 507 2659 sibu
526 2599 693 2679 obducunt),
711 2602 761 2662 sed
780 2613 811 2662 nt
830 2601 866 2674 de
883 2600 1012 2672 horribili
1030 2606 1139 2662 corum‘
1150 2599 1235 2660 exitio

107 2673 253 2737 admoniti
282 2674 390 2738 fideles·
405 2685 592 2756 praesentem,
612 2675 664 2738 ullis
694 2689 803 2752 sortem
825 2677 1059 2747 non'batid'eant.
1106 2678 1180 2748 Nou
1204 2685 1236 2736 ot

111 2751 201 2842 nobis
222 2749 392 2840 necessariae
411 2763 478 2842 sunt
494 2752 706 2832 promissiones,
730 2775 803 2836 quac
827 2755 863 2816 ad
881 2767 960 2816 recte
979 2753 1093 2817 vivendi
1111 2753 1234 2815 studium

109 2849 166 2888 nos
187 2837 308 2886 mellent
325 2839 409 2907 alque
433 2841 555 2911 erigant.
587 2830 625 2895 lta
649 2841 680 2892 ‘et
698 2832 790 2892 minae
813 2831 963 2908 vicissim„
980 2852 1051 2911 quae
1069 2849 1122 2890 nos
1141 2828 1235 2890 conti-

110 2915 203 2964 neant
222 2904 251 2962 in
268 2901 457 2965 sollicitudine
477 2917 506 2966 et
531 2917 617 2966 metu.
656 2907 803 2969 Doccmur
826 2929 910 2989 ergo,
942 2929 1023 2986 quarn
1046 2905 1173 2986 'optabile
1198 2905 1236 2965 sit

110 2979 344 3064 coniungil'ilIo
365 2981 435 3042 Dei:
466 2983 532 3063 quia
551 2995 680 3045 aeternus
700 2984 829 3046 interitus
847 2997 876 3044 et
895 2985 967 3064 ignis
986 2993 1162 3044 tormentum
1185 3000 1235 3040 eos

111 3078 216 3119 omnes
233 3069 345 3148 manet,
374 3079 445 3152 quos
463 3080 480 3119 a
498 3079 529 3118 sc
548 3059 658 3125 reliciat
675 3059 775 3123 ultimo
794 3062 848 3123 die.
886 3060 1001 3122 lubebit
1019 3069 1112 3118 autem
1131 3068 1236 3116 tunca

111 3153 144 3194 se
163 3133 308 3194 discedere
327 3154 441 3214 nuptos,
465 3135 528 3214 quia
551 3136 630 3196 multi
651 3136 816 3218 hypocritae
839 3137 958 3232 perinde
978 3155 1053 3194 nunc
1072 3143 1139 3194 sunt
1157 3131 1236 3194 iustis

111 3211 262 3290 permixti,
273 3209 336 3271 acsi
353 3212 512 3292 propinqua
528 3211 581 3274 illis
600 3225 675 3274 esset
694 3235 758 3274 cunr
779 3213 900 3275 Cbnsto
914 3211 1040 3272 affinitas.
1060 3210 1154 3270 Porro
1165 3207 1236 3270 olibi

113 3286 250 3362 diximus,
280 3291 361 3370 ignis
384 3291 499 3350 nomuac
524 3290 713 3371 metaphorice
734 3289 893 3350 adumbrari
915 3307 1025 3368 poeitae
1048 3287 1237 3362 atrocitatem,

113 3363 796 3510 ttttrtfflttttt‘trttt„‘tttttlt'lttt
819 3365 1160 3502 rQi‘ieilliliillli
1173 3373 1236 3499 rii?

113 3532 177 3602 ”¹³3
196 3534 260 3574 narn
280 3463 508 3580 eadempratione
526 3461 562 3580 de
582 3539 678 3582 venne
697 3463 900 3600 disputamlhlm.
913 3529 1001 3592 esset,
1031 3539 1116 3596 quern
1135 3517 1237 3578 lmaias

115 3587 177 3679 ign'r
203 3589 350 3674 coniungit
374 3593 448 3670 (les.
467 3597 521 3682 66,
544 3599 596 3672 24,
620 3597 673 3670 30,
695 3597 767 3672 33.)
807 3595 888 3658 Adde
907 3593 1075 3674 quotidem
1095 3593 1148 3654 alio
1170 3592 1236 3657 loco

118 3675 185 3724 satas
210 3665 346 3742 declarat,
379 3670 596 3750 metaphoricam
620 3693 680 3732 esse
699 3671 906 3752 loquutionem:
942 3669 1006 3752 quia
1026 3671 1161 3752 Spiritum
1180 3666 1237 3726 Dei

77 3801 80 3806 ,
116 3739 407 3822 flabellocomparat,
446 3749 511 3806 uoi
534 3749 575 3808 nis
593 3747 768 3822 accenditur,
788 3761 818 3806 et
829 3747 950 3828 'sulphor
1003 3768 1077 3827 oque
1095 3745 1236 3805 admiscet.

118 3815 218 3889 Quare
236 3818 289 3878 snb
307 3818 350 3880 his
368 3767 485 3882 vocibus
516 3836 626 3886 trtnrant
646 3825 675 3884 in
694 3825 831 3906 reprobos
845 3825 901 3886 Dei
916 3825 942 3884 vi
959 3831 964 3838 '
982 3826 1065 3886 ictam
1084 3820 1238 3908 concipere

118 3903 248 3972 oportet,
278 3915 350 3974 quae
376 3897 506 3960 omnibus
529 3901 679 3960 tormentis
700 3901 814 3984 gravior
834 3902 928 3984 potius
948 3902 1096 3960 horrorem
1120 3897 1238 3964 incnttat

44 3988 49 3999 “
118 3989 200 4060 quam
221 3983 360 4030 noscatur.
400 3971 552 4037 Caeterum
572 3977 693 4036 notanda
713 3989 754 4038 est
774 3977 846 4061 ignis
866 3977 1044 4057 perpetuitas,
1069 3971 1152 4032 sicuti
1172 3969 1236 4050 glo-

117 4065 177 4105 rrsc
218 4067 270 4106 uae
295 4054 387 4141 nuper
403 4048 530 4126 fidelibus
554 4052 687 4130 promissa
711 4065 762 4114 est.
803 4053 863 4131 Qut
885 4056 1016 4130 porut'na
1040 4059 1086 4110 ert
1109 4049 1235 4109 diabolo.

65 4129 75 4142 ‘
117 4067 348 4217 Diabblurn'sibr·
364 4123 494 4186 Christus
513 4127 649 4208 opponit,
680 4129 1023 4210 tanquam-reproborum
1045 4125 1171 4215 omnium
1190 4145 1238 4188 ca-

137 4211 180 4258 ut.
219 4201 280 4262 Etsi
303 4223 378 4262 cnam
401 4199 504 4262 diaboli
520 4224 622 4266 ,omnes
650 4215 716 4266 sunt
739 4204 832 4288 angeli
856 4216 1011 4284 apostatae,
1038 4198 1118 4261 mults
1136 4213 1238 4262 tamen

117 4219 279 4357 bcripturae
296 4275 352 4340 loci
370 4277 555 4362 principatum
575 4279 625 4340 uni
643 4281 789 4354 deserunt,
809 4282 857 4358 qui
880 4277 930 4340 sub
954 4299 984 4338 sc
1010 4277 1110 4417 irppios
1128 4299 1239 4352 omnes,

1053 4371 1085 4417 es
1100 4355 1133 4416 'in
1151 4355 1237 4419 sitan

119 4351 205 4414 veluti
224 4355 253 4414 iu
273 4377 359 4452 unam
378 4377 496 4440 corpus,
522 4355 556 4422 ad
574 4355 719 4420 interitum
737 4357 858 4436 colligit:
890 4354 972 4415 sicuti
989 4354 1027 4416 lid
