2790 4764
368 231 551 309 (ua-rra.
591 229 812 314 rnnsfigmao
832 183 961 309 ense.)
1130 299 1135 308 ,
1171 239 1226 304 rar

89 391 299 472 agnoverunt
319 407 412 464 eum,
434 383 491 452 sed
512 385 657 454 lecerunt
676 388 710 452 iu
732 407 786 466 eo,
808 407 1018 478 quaecunque
1037 384 1225 456 voluerunt:

89 492 137 552 sic
161 498 194 552 et
215 487 319 554 Filius
341 489 475 554 hominis
495 510 648 578 passurus
671 499 720 555 est
744 487 784 554 ab
807 490 881 556 illis.
939 489 990 555 13.
1018 489 1112 593 ssunc
1131 493 1224 560 iutel-
1275 501 1278 508 '

89 590 247 694 lexeruut
270 590 425 692 discipuli,
445 591 534 680 quod
556 589 598 659 de
618 593 739 659 Ioanne
759 594 899 680 Baptista
922 592 1053 662 dixisset
1071 595 1159 694 ipsis.

180 795 319 864 MARC.
342 799 392 866 tx.
438 799 468 864 9.
502 799 607 864 Porro
640 817 738 885 quom
772 795 1003 878 descenderent
1033 799 1074 866 de
1105 813 1223 884 moute,

15 971 16 974 Ἴ
47 965 51 972 ,
91 901 259 988 praecepit
278 899 357 980 illis,
384 922 427 966 ne
447 902 501 966 oui
523 898 666 966 dicerent
687 923 736 974 ea,
758 919 840 988 quae
860 901 1022 980 viderant,
1041 907 1105 974 uisi
1125 930 1224 994 quum

15 999 16 1062 l
91 1002 196 1068 Filius
219 1003 355 1070 hominis
377 1025 396 1068 a
418 1004 556 1068 mortuis
578 1005 811 1074 resurrexisset.
855 1003 904 1067 10.
930 1005 986 1082 ΧΑο
1004 1003 1136 1073 verbum
1160 997 1224 1076 llos

91 1113 263 1172 tennerunt
294 1105 382 1194 apud
411 1125 499 1178 sese,
531 1107 615 1169 inter
642 1125 678 1170 se
705 1103 915 1194 disputantes,
947 1105 1027 1192 quid
1054 1117 1139 1172 esset
1160 1111 1224 1176 hoo

89 1205 181 1292 quod
203 1207 337 1290 dixerat,
356 1208 386 1274 E
407 1209 542 1272 mortuis
563 1227 738 1292 resurgere.
782 1207 834 1271 11.
863 1208 904 1272 Et
925 1206 1167 1294 interrogabant
1187 1211 1225 1278 il-

86 1307 162 1396 lurn,
185 1309 345 1390 diceutes,
368 1309 458 1396 Quid
483 1319 538 1388 est,
561 1307 650 1396 quod
672 1305 806 1402 Scri'bae
829 1309 1055 1384 dicuutEliam
1078 1324 1226 1400 oportere
1322 1395 1328 1404 ρ
1357 1309 1362 1318 ’

85 1415 200 1478 venire
223 1415 338 1500 prius?
382 1413 434 1478 12.
454 1409 514 1476 Ille
534 1431 613 1477 vero
633 1401 834 1500 respondens
854 1411 933 1478 dixit
953 1413 1026 1494 illia,
1046 1413 1134 1480 Elias
1157 1413 1244 1504 qui·¹

88 1514 180 1594 dem,
209 1515 272 1580 ubi
297 1517 433 1602 venerit,
459 1515 548 1600 prius
580 1517 725 1582 restituet
748 1517 869 1581 omnia:
902 1525 934 1582 et
954 1517 1225 1605 quemadmodum

87 1620 249 1706 scriptum
273 1626 321 1684 est
343 1616 383 1682 de
405 1617 490 1684 Filio
513 1617 665 1696 hominis,
697 1627 732 1683 ut
753 1618 851 1685 multa
872 1623 1006 1704 patiatur
1030 1630 1061 1687 et
1081 1633 1225 1690 contem·
1262 1637 1265 1646 ’

86 1732 196 1788 natur.
256 1719 309 1785 13.
337 1723 467 1787 Verum
490 1719 563 1786 dieo
591 1719 700 1802 vobis,
719 1721 830 1787 'Eliam
852 1725 993 1802 venisse,
1028 1733 1060 1790 et
1080 1725 1226 1796 lecerunt

87 1824 144 1905 illi,
167 1845 381 1912 quaecuuque
402 1823 583 1904 voluerunt,
607 1825 688 1890 sicut
709 1827 861 1927 scripturn
883 1837 932 1894 est
954 1825 995 1892 de
1015 1825 1083 1894 illo.

109 1954 118 1986 ,
627 1951 628 1964 .

176 2029 281 2098 nuc.
303 2031 356 2096 rx.
399 2031 453 2095 aa.
478 2030 520 2096 ut
539 2033 603 2120 aps
619 2033 800 2110 susumus,
821 2043 852 2097 o
873 2035 994 2102 nentur
1016 2016 1165 2104 aixerunt
1188 2038 1222 2104 tn

15 2229 16 2236 ἶ
91 2131 158 2199 illis
183 2131 297 2200 diebus
319 2135 489 2221 quicquam
512 2131 644 2214 cirillia,
666 2157 749 2221 quae
768 2133 924 2200 viderant.

169 2352 270 2414 Matth.
289 2355 318 2414 9.
343 2355 386 2411 Et
406 2371 497 2430 quum
514 2351 719 2410 descenderent
738 2351 775 2408 de
794 2358 897 2410 monte.
922 2349 1061 2429 Diximus,
1080 2376 1132 2416 cur
1149 2375 1226 2416 non.

93 2427 162 2488 dum
180 2440 250 2488 tunc
268 2439 408 2486 maturum
429 2437 503 2486 esset
520 2437 631 2506 tempus
652 2425 834 2506 publicandae
852 2426 977 2486 visionis.
1000 2431 1040 2490 Et
1058 2442 1136 2492 certe
1157 2431 1226 2492 fides

15 2525 17 2586 p
93 2504 236 2582 discipulis
258 2523 320 2561 non
343 2502 441 2562 luisset
466 2501 573 2574 habita,
600 2501 653 2560 nisi
675 2499 843 2576 luculentius
867 2499 975 2584 gloriae
997 2525 1063 2566 suae
1082 2507 1225 2586 specimen

15 2611 16 2642 r
95 2580 226 2641 Christus
245 2578 276 2637 in
293 2577 503 2638 resurrectione
527 2575 655 2638 dedisset.
691 2579 799 2638 Verum
817 2589 966 2658 postquam
986 2601 1017 2642 se
1034 2581 1125 2664 palam
1145 2606 1225 2646 exse-

94 2655 155 2715 ruit
182 2653 275 2716 divina
303 2653 362 2712 eius
385 2653 487 2728 virtus,
516 2651 612 2713 locum
637 2653 719 2714 etiam
744 2652 849 2714 hahere
874 2655 969 2734 coepit
991 2660 1154 2740 temporalis
1176 2661 1227 2724 ille

95 2741 266 2811 conspectus
286 2727 345 2789 eius
364 2728 483 2812 gloriae,
506 2739 539 2789 ut
558 2742 636 2792 certo
655 2739 811 2804 constaret,
836 2731 919 2792 etiam
940 2754 996 2824 puo
1015 2747 1146 2818 tempore
1165 2739 1224 2800 exi-

95 2808 209 2870 nanitus
228 2806 290 2881 suit,
309 2807 453 2868 Deitatem
470 2815 565 2866 tamen
583 2828 660 2866 suam
678 2806 717 2866 illi
736 2807 795 2867 inte
816 2829 876 2868 ram
890 2820 1008 2886 stetisse,
1026 2811 1224 2878 lieetahscou-

96 2886 153 2946 dita
174 2895 247 2946 esset
264 2882 355 2944 earnis
372 2881 445 2944 vele.
483 2885 568 2974 ‘Ergo
586 2903 646 2944 non
665 2883 713 2944 abs
733 2905 766 2944 re
784 2827 867 2946 sdere
885 2884 967 2947 iubet
981 2889 1146 2972 discipulos,
1171 2891 1225 2951 do-

96 2983 150 3022 nec
171 2983 187 3020 a
207 2971 300 3022 morte
319 2971 511 3020 resurrexerat.
651 3016 660 3036 Δ
799 3015 803 3018 .

172 3041 219 3100 10.
258 3039 300 3095 Ee
323 3039 580 3116 iirterrogeeerunt
603 3059 669 3096 eum
687 3039 826 3116 discipuli
851 3043 900 3098 sui
920 3042 1060 3120 dieentes.
1101 3039 1224 3105 Simulac

96 3111 169 3174 iacta
186 3113 242 3174 luit
259 3112 474 3174 resurrectionis
493 3114 611 3188 mentio,
629 3113 750 3195 auspicia
770 3115 853 3198 regni
872 3116 977 3177 Christi
997 3117 1163 3198 concipiunt
1181 3120 1225 3180 di·
1290 3174 1294 3182 .

98 3189 207 3271 scipuli:
233 3189 274 3250 sic
294 3188 370 3250 enim
390 3201 536 3269 exponunt
554 3191 609 3251 hoc
629 3211 747 3265 nomen,
767 3191 843 3270 quod
862 3191 953 3283 ipsum
972 3193 1092 3253 mundus
1112 3195 1225 3277 agnitu-

99 3275 177 3328 turus
200 3265 236 3326 sit
258 3265 397 3326 Messiam.
456 3267 529 3327 Nam
558 3267 593 3326 de
616 3266 824 3327 resurrectione
847 3267 922 3328 alind
944 3269 1028 3330 luisse
1047 3266 1224 3354 imeginatos,

100 3363 180 3422 quam
201 3339 314 3403 volebat
333 3340 471 3416 Christus,
489 3353 568 3423 patet
589 3363 623 3403 ox
642 3345 755 3404 Marco:
781 3345 992 3422 disputabant,
1018 3344 1128 3428 inquit,·
1146 3354 1229 3410 inter-

100 3441 139 3492 se,
159 3421 301 3498 quidnam
320 3419 375 3478 hoe
393 3429 480 3490 esset,
500 3441 655 3500 resurgere
673 3442 694 3478 o
713 3423 847 3482 mortuis.
887 3421 977 3485 Forte
996 3421 1051 3483 iam
1069 3422 1225 3488 invaluerat

99 3495 240 3569 delirium,
260 3495 337 3576 quod
355 3494 439 3560 hodie
457 3514 511 3575 pro
532 3508 611 3556 certo
630 3495 745 3557 oraculo
822 3508 884 3556 etur
903 3498 979 3560 inter
995 3499 1150 3579 Rahbinost
1171 3505 1226 3565 du-

99 3569 201 3652 plicem
219 3572 285 3633 lore
302 3571 591 3647 adventum-messiae,
609 3573 673 3652 quia
694 3595 730 3634 co
830 3571 914 3634 tibilis
933 3577 1042 3638 iuturus
1061 3579 1098 3639 sit
1114 3582 1149 3641 ab
1169 3581 1226 3640 ini-

15 3691 17 3728 ,
99 3649 155 3725 tio,
182 3643 249 3709 sed
275 3647 338 3708 aulo
361 3659 427 3728 post
456 3669 618 3708 successura
640 3649 677 3709 sit
697 3640 775 3730 regii
801 3650 861 3709 'eius
884 3650 1011 3734 dignitas.
1049 3655 1089 3716 Et
1111 3657 1224 3738 quidem

99 3723 201 3804 aliquid
218 3668 320 3785 cedatis
339 3721 424 3784 habet
443 3729 530 3786 erro?
543 3723 612 3799 iste,-
630 3725 693 3804 quia
714 3746 747 3784 ex
766 3745 835 3786 vero
855 3726 994 3810 principio
1013 3729 1104 3790 fluxit
1142 3732 1225 3790 Duos

15 3843 16 3848 κ
99 3801 219 3862 Messiae
237 3803 372 3862 adventus
391 3801 572 3891 commendat
591 3801 673 3860 etiam
685 3799 838 3883 Scriptura,
857 3802 922 3884 quia
940 3805 1149 3886 redemptorem
1159 3803 1225 3878 fore

15 3917 16 3928 ,
100 3877 256 3957 promittit,
284 3875 333 3954 qui
356 3895 408 3934 suo
432 3875 566 3936 sacrificio
585 3889 699 3957 peccata
718 3877 815 3938 mundi
833 3879 933 3960 expiet.
971 3883 1068 3961 Atque
1086 3881 1141 3941 huc
1158 3901 1225 3960 spe-

101 3965 180 4014 ctant
197 3952 335 4026 raticiuia,
354 3950 468 4010 Exsulta
485 3951 539 4012 lilia
550 3952 631 4028 Sion,
652 3975 718 4015 eece
727 3955 790 4014 Rex
809 3965 873 4015 tuns
892 3957 970 4016 venit
988 3977 1103 4038 pauper,
1123 3955 1225 4018 sedens

101 4052 185 4112 super
207 4027 326 4102 asinam,
351 4037 404 4092 etc.
426 4027 529 4103 (Zach.
548 4033 581 4102 9,
603 4031 661 4106 9.).
700 4031 788 4104 Iter'o,
808 4030 943 4093 Videmus
963 4053 1042 4105 eum,
1061 4041 1091 4090 et
1109 4044 1226 4110 aspectu
1272 4095 1275 4106 ,

102 4105 227 4167 carebat:
257 4101 391 4164 deformis
414 4099 482 4179 tuit,
509 4115 538 4165 et
555 4105 649 4167 similis
668 4106 797 4186 leproso,
818 4117 850 4164 ut
868 4126 928 4166 non
946 4117 1139 4185 reputaremus
1160 4128 1226 4168 eum
1281 4112 1293 4147 '¹

103 4183 170 4258 (les.
190 4183 238 4257 53,
257 4183 285 4242 3.
304 4181 354 4254 4.).
392 4177 503 4248 Deinde
521 4183 620 4244 mortis
637 4183 776 4245 victorem
795 4181 939 4262 proponit,
961 4171 1079 4257 qui'silri
1098 4181 1227 4242 subiiciat
1287 4178 1290 4205 ²

103 4257 205 4319 omnia.
244 4255 302 4319 Sed
314 4253 454 4333 ridemus,
472 4269 506 4316 ut
523 4257 646 4318 Rabbini
665 4257 803 4316 sinceram
813 4255 975 4334 scripturae
994 4252 1151 4314 docuinam
1169 4257 1226 4329 suis

15 4401 16 4408 χ
103 4333 242 4418 ¹figmentis
266 4335 427 4416 depravent.
471 4331 567 4413 Atque
592 4345 626 4400 nt
645 4331 752 4396 Christi
775 4337 866 4448 aetapte
885 4342 979 4382 omma
996 4324 1079 4386 valde
1094 4343 1226 4413 corrupta

137 4610 161 4705 ,³
