2796 4774
294 201 470 299 (mr—m.
511 219 642 282 ouans
659 221 691 280 a
711 219 822 283 caeram
840 221 1011 296 amasso.)
1163 211 1220 286 sm

88 379 147 444 51.
171 377 216 444 Et
241 375 358 441 laetum
383 381 447 452 est,
474 393 577 457 quum.
598 369 803 442 benediceret
820 375 906 456 illis,
939 377 1072 442 recessit
1097 374 1138 442 ab
1163 374 1220 453 eis,

58 492 66 504 “
89 501 132 544 ac
153 475 316 566 ferebatur
336 478 370 540 in
392 472 528 540 coelum.
563 473 616 540 52.
636 473 679 538 Et
699 477 761 562 ipsi
783 475 916 544 adorato
938 500 979 545 eo
996 479 1133 567 regressi
1142 485 1222 570 *sunt

87 579 353 666 Hierosolymam
379 599 452 644 oum
481 574 598 662 gaudio
612 598 753 662 magno.¹
793 577 845 646 53.
865 581 910 646 Et
929 592 1018 650 eraut
1038 600 1166 670 semper
1186 581 1221 646 io

88 681 213 769 templo
232 681 402 747 laudantes
425 689 456 746 et
475 677 702 789 benedicentes
724 677 860 753 Deum„
883 679 994 746 Amen.
1248 683 1250 694 '

168 836 258 899 Marc.
270 839 319 898 19.
351 836 460 912 Itaque
475 831 628 890 Dominus.
664 825 741 903 Quis
759 828 908 913 magnifice
927 853 1011 912 sopra
1026 843 1222 906 totummun-
1301 845 1307 854 “

87 911 159 972 dum
179 911 314 984 extulerat
328 909 484 972 Matthaeus
504 925 626 988 regnum
643 903 755 980 Christi,
772 905 808 966 de
827 907 835 922 '
855 906 911 968 sius
930 907 958 968 in
978 908 1088 972 coelum
1106 929 1222 972 ascensu

87 985 184 1046 nullus
201 987 274 1068 apud
301 1006 364 1048 ema
382 984 415 1042 fit
441 1001 544 1044 semro.
582 979 758 1042 Loeietiam
778 994 808 1058 et
839 1003 934 1044 ormae
953 986 1065 1045 Marcam
1081 1005 1141 1046 non
1160 1003 1222 1046 me-

87 1062 187 1136 minit,
220 1077 341 1142 quonum
364 1055 516 1138 unumque
541 1056 706 1136 exprimitur
724 1080 740 1118 a
760 1059 847 1120 Luca.
894 1059 972 1120 Dicit
992 1061 1081 1136 etaim,
1100 1062 1222 1121 eductos

78 1139 189 1214 fuisse
217 1144 249 1196 in
272 1137 452 1197 Bethaniom
465 1136 651 1212 discipulos,
678 1145 714 1193 'ut
736 1155 753 1193 a
775 1147 874 1195 monte
896 1135 1043 1198 Oliv‘arum
1068 1137 1161 1212 (unde
1187 1135 1222 1195 ad

86 1213 263 1278 subeundam
283 1213 373 1274 mucis
392 1211 576 1294 ignominiam
590 1209 735 1290 proiectus
755 1224 813 1273 erat
828 1212 980 1289 Dominus)
1000 1212 1122 1274 coeleste
1140 1231 1222 1274 suum

87 1289 193 1350 solium
218 1287 428 1350 conscenderet.
466 1287 556 1347 Sicuti
579 1297 674 1346 autem
696 1305 758 1364 pon
780 1287 814 1347 ab
839 1289 970 1350 omnibus
993 1288 1151 1368 promiscue
1173 1306 1222 1349 re·
1256 1310 1274 1340 x

88 1365 202 1426 divivus
226 1362 481 1444 voluitpconspici,
513 1363 552 1422 ita
574 1383 636 1422 non
653 1361 804 1441 ·qooslibet
832 1365 878 1424 sui*
901 1365 931 1424 in
953 1365 1064 1427 coelum
1092 1380 1223 1428 ascensus

85 1452 180 1502 testes
199 1439 320 1500 admisit:
349 1440 413 1520 quia
431 1440 486 1500 boc
505 1438 570 1500 fidei
588 1438 752 1519 mysterium
772 1439 916 1521 Evangelii
937 1441 1091 1522 praeconio
1111 1462 1146 1502 co
1168 1445 1233 1500 no?

86 1461 1223 1669 :amasamatsmrshtsaumse‘abt

87 1668 151 1730 cuit
172 1667 359 1729 benedicendi
383 1691 506 1743 munus,
533 1667 612 1748 quod
641 1666 694 1728 sub
719 1669 798 1751 Lege
828 1669 1019 1730 sacerdotibus
1042 1669 1222 1731 commissum

70 1756 164 1818 erat,
187 1763 256 1807 vere
279 1757 309 1804 et
351 1745 447 1836 roprie
471 1767 552 1806 suum
577 1763 646 1804 esse.
684 1744 764 1804 Dum
785 1744 842 1804 sibi
860 1757 960 1806 mutue
977 1745 1148 1808 benedicunt
1168 1744 1222 1804 bo-

86 1821 196 1896 mines,
220 1821 249 1880 id
273 1765 350 1882 nihii
364 1821 437 1882 ahud
463 1833 506 1882 est
531 1841 614 1902 quam
640 1819 860 1957 beneeprecari.
903 1821 961 1882 Dei'
984 1833 1077 1881 autem
1100 1821 1152 1882 alia
1178 1829 1222 1880 est

87 1896 176 1970 ratio,
200 1897 331 1976 quinon
357 1897 431 1959 votis
454 1905 564 1957 tantum
584 1895 674 1971 favet,
698 1919 710 1956 s
775 1895 837 1958 solo
856 1908 928 1956 nutu
946 1908 1070 1976 praestat
1091 1893 1222 1978 quicquid

87 1973 175 2033 nobis
195 1972 318 2050 optabile
337 1985 389 2064 est.
416 1975 483 2062 ‘Sed
499 1992 586 2052 quum
605 1973 704 2062 omnis·
717 1973 922 2061 benedictionis
940 1973 1039 2062 unicus
1060 1972 1096 2032 sit
1114 1985 1221 2064 auctor,

87 2045 438 2202 membrata
451 2045 1223 2197 steatomata.maestshuts

88 2196 240 2280 Abrahae,
257 2207 293 2255 et
311 2197 430 2258 Numer.
445 2215 510 2273 cap.
529 2197 562 2268 6,
590 2197 638 2255 23.
661 2207 798 2275 perpetua
816 2196 898 2256 huius
917 2196 959 2256 rei
981 2195 1026 2257 lex
1045 2197 1144 2257 tradita
1171 2209 1222 2259 est.

34 2283 36 2291 '
88 2274 204 2337 Eodem
229 2271 355 2353 pertinet
374 2270 450 2350 quod
469 2269 579 2332 Psalmo
599 2274 664 2346 118,
682 2274 729 2333 26.
750 2271 862 2354 legitur,
891 2273 1087 2334 Benedicimus
1107 2272 1186 2334 vobis
1205 2287 1222 2334 e

68 2353 182 2415 ,domo
200 2347 326 2408 Domini.
364 2347 496 2427 Denique
522 2346 675 2427 Apostolus
701 2348 811 2425 (Hebr.
831 2353 860 2425 7,
878 2350 921 2424 7.)
948 2349 1059 2430 signum
1078 2361 1222 2431 praestan-

1 2436 2 2448 *
88 2431 149 2490 tiae
166 2445 226 2485 esse
246 2424 327 2498 dixit,
346 2423 404 2485 aliis
423 2422 601 2484 benedicere.
639 2425 712 2486 Nam
732 2425 836 2500 minor,
854 2424 954 2504 inquit,
973 2425 1114 2486 amaiore
1132 2425 1222 2486 bene-

89 2501 204 2566 dicitur.
243 2502 327 2561 Nunc
346 2500 395 2562 ubi
416 2499 557 2574 Christos,
576 2519 660 2560 verus
679 2500 867 2562 Melchisedec
886 2513 916 2562 et
933 2511 1064 2562 aeternus
1083 2501 1221 2566 Sacerdos

88 2582 122 2641 in
147 2577 239 2638 lucem
262 2577 381 2660 prodiit,
410 2577 440 2668 in
462 2576 524 2670 ipso
550 2575 688 2656 compleri¹
709 2577 862 2731 oporlturt(
884 2577 941 2640 uod
963 2577 1098 2718 legalibus
1124 2577 1222 2660 figuris

747 2675 781 2712 au
792 2677 824 2715 us

89 2654 287 2718 adumbratum
310 2654 376 2734 suit:
405 2665 489 2714 sicuti
511 2652 596 2713 etiam
614 2655 700 2714 docet
892 2653 970 2734 phes.
1012 2655 1094 2731 ,3.)
1119 2675 1177 2715 nos
1191 2653 1221 2714 in

89 2735 156 2814 ipso
176 2729 304 2792 benedici
323 2752 338 2791 a
360 2731 424 2791 Deo
444 2732 542 2805 Patre,
566 2741 598 2789 ut
615 2729 719 2792 divites
734 2729 819 2791 simus
839 2730 965 2792 omnium
984 2729 1149 2794 coelestium
1167 2729 1221 2790 bo-

89 2829 206 2872 norum.
243 2809 323 2900 Ergo
346 2807 434 2868 semel
457 2806 546 2887 palam
567 2817 596 2866 et
619 2804 813 2866 satenntriu
832 2807 989 2900 Apostolos
1009 2807 1167 2882 benedixit,
1185 2817 1224 2870 ut

89 2879 171 2947 ree'ta
190 2905 224 2944 se·
239 2885 273 2945 ad
292 2905 384 2964 ipsum
404 2882 552 2945 conferant
570 2881 673 2954 fideles,
693 2882 717 2942 si
728 2882 784 2942 Dei
803 2895 909 2964 gratiae
929 2896 1076 2977 competes
1095 2903 1156 2944 esse
1172 2903 1222 2942 eu-

89 2962 178 3043 piant
216 2961 252 3019 ln
271 2962 409 3018 morsibus
427 2962 558 3020 sublatis
575 2957 744 3020 describitur
762 2971 843 3021 vetos
859 2976 1029 3038 ceremonia,
1048 2981 1103 3042 qua
1122 2958 1223 3020 rohons

2 3041 3 3082 t
89 3037 252 3100 sacerdotes
271 3035 338 3096 olim
357 3035 440 3097 fuisse
458 3057 533 3096 usos.
1200 3064 1205 3078 =

172 3112 299 3174 bonel.
339 3114 382 3170 Ee
405 3116 464 3190 ipsi
485 3111 613 3172 odorato
635 3134 668 3171 eo
693 3115 823 3192 regressi
843 3123 923 3173 sunt.
966 3110 1111 3172 Adorandi
1133 3109 1224 3173 verbo

92 3187 219 3268 primum
235 3185 757 3279 signifieatLueas,·exemptamiuisse
775 3184 979 3250 dubitationem
988 3186 1142 3269 Apostolis,
1161 3186 1225 3268 quia

90 3277 161 3324 tune
187 3284 266 3322 omm
293 3283 326 3323 ex
345 3275 425 3344 parte
444 3263 618 3344 resplenduit
638 3263 745 3324 Christi
761 3265 906 3340 maiestas,
930 3275 963 3326 ut
981 3266 1035 3325 iam
1060 3262 1142 3326 hatte
1155 3279 1224 3332 ¹esse

92 3359 161 3399 non
179 3339 297 3400 deberet
323 3339 380 3400 eius
403 3341 590 3402 resurrectio:
623 3339 725 3400 deinde
752 3339 791 3400 ob
815 3342 935 3402 eandem
961 3337 1223 3420 causam-coepisse

93 3413 202 3472 maiore
222 3416 380 3476 reverentia
400 3437 463 3477 eum
484 3414 590 3489 calere,
610 3437 692 3495 quam
711 3416 780 3476 dum
797 3415 856 3478 eius
876 3415 1079 3479 consuetudine
1096 3415 1223 3492 interra

2 3515 3 3530 ι
93 3487 269 3549 fruebantur.
308 3493 408 3553 Cultus
434 3492 523 3568 enim,
547 3491 582 3552 de
602 3512 660 3572 quo
679 3513 756 3554 nunc
774 3493 882 3578 agitur,
905 3514 964 3554 non
984 3505 1096 3554 tantm
1112 3503 1144 3552 ut
1162 3511 1223 3552 ms-

2 3588 3 3636 ι
94 3566 184 3646 gistro
208 3561 254 3624 vel
277 3565 445 3652 prophetae,
473 3589 567 3649 neque
591 3568 674 3629 etiam
698 3579 733 3628 ut
757 3569 892 3642 Messiae,
920 3568 1031 3630 dimidia
1053 3579 1161 3629 tantum
1187 3586 1222 3624 ex

2 3657 9 3696 ι
93 3651 175 3720 parte
200 3649 330 3721 cognito,
349 3642 398 3699 sed
418 3657 452 3700 ut
468 3645 543 3727 Regi
562 3633 681 3726 gloriae}
703 3645 856 3725 mundique
884 3643 973 3708 ludici
995 3643 1131 3704 exhibitus
1157 3641 1222 3704 fuit.

67 3724 75 3741 ¹
98 3715 176 3792 Quia
200 3727 293 3778 autem
319 3715 412 3776 Lucae
432 3721 610 3795 propositum
626 3731 688 3780 erat
724 3721 839 3804 longius
858 3721 1002 3783 historiam
1020 3740 1096 3780 suam
1116 3729 1222 3792 texere,

95 3803 206 3854 tantum
227 3790 351 3852 breviter
370 3791 451 3863 dicit,
475 3793 542 3870 quid
566 3795 663 3853 decem
683 3760 779 3854 diebus
799 3797 910 3878 egerint
929 3799 955 3857 Α
977 3793 1068 3855 ostoli.
1107 3795 1223 3856 Summa

95 3879 190 3928 autem
211 3879 262 3942 est,
278 3888 347 3947 prae
367 3865 461 3948 gaudii
481 3869 593 3930 fervore
610 3867 701 3948 palam
717 3871 839 3960 erupisse
857 3873 886 3931 in
905 3817 999 3930 laudes
1017 3869 1072 3930 Dei
1092 3881 1121 3930 et
1139 3868 1224 3930 sarissa

2 3951 29 4056 p
96 3944 127 4004 in
150 3955 208 4004 tem
229 3943 257 4002 lo
281 3942 415 4006 assiduos:
440 3963 501 4002 non
528 3942 603 4022 quod
626 3953 727 4002 noctes
743 3944 858 4024 diesque
876 3947 931 4008 illic
950 3945 1153 4038 transegerint,
1173 3943 1223 4004 sed
1307 4019 1310 4026 ,

3 4059 5 4102 ι
98 4019 175 4100 quod
200 3965 405 4100 lbcqnentarint
428 4038 526 4080 omnes
554 4029 725 4093 conventus,
748 4023 883 4101 statisque·
903 4035 933 4082 et
948 4022 1121 4083 sollenmbus
1146 4020 1223 4080 horis

3 4135 4 4140 κ
76 4095 233 4156 ¹siluerint
256 4096 290 4154 ad
315 4097 466 4178 gratiarum
489 4093 630 4156 actionem
651 4094 717 4154 Deo
741 4097 919 4158 reddendam.
957 4099 1037 4158 Haec
1059 4118 1147 4180 porro
1166 4095 1222 4156 ala-

3 4197 5 4284 .
100 4172 181 4232 eritas
201 4171 298 4230 timori
317 4172 493 4268 opponitur,
505 4169 554 4249 qui
565 4170 648 4306 ὶιίιιι
669 4169 777 4272 clausos
797 4184 825 4232 et
843 4173 1055 4306 latenltesdomi
1073 4173 1204 4263 tenebat·

3 4289 5 4350 l
100 4249 790 4404 ..alth¹iathti⁶lttatthdb
808 4247 1226 4398 diabe⁰⁹dedffid⁰h

127 4407 381 4460 enthimemate
395 4413 471 4462 tium.
486 4413 526 4460 tte.
548 4413 593 4460 rob
608 4415 638 4460 ll.
866 4459 873 4465 .
988 4402 1026 4464 Ἠ
