2796 4774
177 249 239 315 m
274 275 283 292 =
325 297 336 313 .
399 237 612 307 stillim.
650 251 1087 332 cunnmrassmsrrtons.

124 526 132 541 Ι
179 386 1300 564 emesenmesmes

179 553 204 616 si
221 553 345 614 imbutus
362 549 460 608 instet
477 555 555 606 recta
572 545 643 618 lide,
664 545 753 605 multa
770 545 806 606 de
824 544 932 605 Chresti
954 546 1054 606 officio
1069 545 1165 627 'prius
1183 547 1300 620 audisset,

179 627 318 692 miracolis
340 625 424 686 etiam
447 621 545 681 suisset
570 621 600 681 in
625 621 680 682 hoe
703 621 766 702 ipso
790 621 992 683 confirmatore
1009 621 1114 683 offusa
1136 634 1233 683 tumen
1254 634 1301 682 nn

179 706 334 844 probrosae
350 697 451 791 mortis
469 695 590 790 uligine
608 715 776 758 evanescere
792 697 886 778 potuit
909 697 953 757 illa
975 699 1122 780 cognitio.
1162 700 1245 764 Nunc
1261 719 1302 756 rn-

200 805 244 844 ern
270 789 299 840 et
321 795 480 848 novrctum,
509 793 568 834 tmo
628 777 707 836 orsus
730 786 867 834 menter
954 785 1030 849 tum,
1062 774 1199 837 statima
1236 773 1301 833 rimis

179 851 345 920 rudimentis
372 851 404 912 in
432 865 518 912 eruce
548 849 692 910 maedieta
714 849 832 910 ¹salntem
856 865 941 930 appre
961 849 1069 912 endem
1103 864 1135 911 et
1162 796 1301 911 coelestem

179 932 312 1074 ξὶιιίιιιι,
332 927 394 1010 plns
413 948 496 1020 quem
515 925 675 992 eminete
693 925 755 988 luit.
799 924 914 1000 Quibus
933 925 1006 986 enirn
1024 926 1110 986 notis
1131 926 1179 988 vel
1197 925 1301 1060 iusippen

199 1031 231 1070 ιιι
252 1017 383 1071 ornatum
401 1003 514 1064 rudebat
533 1003 692 1076 Chn'stum,
715 1013 749 1061 ut
770 1015 895 1062 mentem
915 1003 948 1062 od
968 1002 1025 1063 eius
1050 1023 1185 1088 regnum
1203 1013 1260 1062 atto
1289 1037 1301 1048 ·

178 1085 242 1148 ret?
279 1083 319 1144 Et
336 1093 415 1144 certe
433 1079 489 1140 hoe
507 1087 568 1140 erat
605 1077 663 1138 nasi
683 1099 717 1138 ex
736 1077 880 1152 profundis
897 1077 995 1138 inieris
1014 1098 1103 1159 snpra
1123 1077 1223 1140 coelos
1241 1097 1301 1136 eon-

178 1159 324 1225 scendere.
368 1155 456 1219 carni
475 1175 545 1216 vero
690 1175 719 1214 nt
737 1153 793 1214 hoc
811 1153 915 1214 initae
934 1153 1094 1230 ridiculum,
1115 1154 1258 1216 reiecticio
1275 1163 1299 1211 et

100 1270 106 1279 ·
178 1233 494 1315 dammto(qnemlerre
504 1232 686 1294 mundosnon
695 1231 1105 1312 poterat)regonmterrenum
1116 1231 1236 1292 terrenis
1245 1249 1298 1288 on-

179 1315 262 1376 nihns
276 1310 398 1394 imperiis
417 1307 539 1369 nobilius
558 1307 692 1368 tribuere.
715 1306 965 1388 llioccolligimns,
983 1327 1067 1386 quam
1087 1303 1297 1388 perspicacesei

181 1389 288 1452 fierint
313 1385 415 1448 mentis
433 1383 535 1473 oeni,
550 1383 653 1462 quihus
669 1383 755 1443 vitam
774 1381 804 1442 in
821 1394 927 1457 morte,
953 1383 1153 1444 celsitudinem
1174 1383 1204 1442 in
1220 1381 1295 1452 ruina,

178 1467 297 1552 gloriam
315 1464 346 1523 in
361 1461 484 1541 probro,
505 1460 652 1522 victoriam
669 1461 699 1520 in
718 1460 820 1534 exitio,
846 1483 861 1520 r
919 1478 966 1518 um
985 1459 1015 1518 in
1033 1461 1178 1521 servitute
1196 1457 1296 1518 intuitus

178 1557 231 1605 est.
270 1538 383 1616 Quodsi
405 1537 477 1598 latro
502 1535 645 1598 Christum
668 1536 699 1594 in
722 1557 806 1596 emec
845 1557 882 1596 en
901 1549 1009 1609 entem,
1038 1549 1071 1596 et
1096 1537 1179 1617 quasi
1197 1531 1296 1593 maledi·
1353 1539 1355 1554 ⁴

179 1619 277 1681 ctione
296 1615 444 1690 obrutum,
463 1612 518 1674 lide
536 1633 585 1674 sua
603 1613 633 1672 in
653 1611 777 1673 coeleste
794 1556 893 1674 solium
913 1613 1020 1688 evexit,
1048 1633 1106 1674 vae
1128 1622 1240 1672 nostrae
1256 1627 1296 1667 so-

178 1697 301 1768 cordiae,
321 1691 343 1754 si
363 1712 422 1750 non
440 1701 606 1752 reverenter
623 1681 788 1769 suspicimu's
806 1710 822 1747 a
839 1688 944 1750 destris
954 1687 1010 1750 Doi
1027 1691 1189 1762 sedentem,
1208 1687 1230 1746 si
1247 1703 1295 1742 noo

177 1791 258 1852 spem
277 1771 351 1830 vitae
367 1767 398 1825 in
417 1767 475 1850 eins
494 1765 702 1826 resurrectione
720 1765 843 1846 figimus,
862 1765 886 1825 si
903 1783 963 1826 non
982 1765 1128 1826 tendimus
1146 1765 1178 1824 in
1196 1759 1292 1823 coelum

198 1867 235 1908 uo
254 1847 396 1928 ingressus
416 1851 468 1902 est.
511 1842 571 1898 Iam
598 1841 622 1900 si
645 1861 680 1900 ex
702 1841 789 1900 altera
805 1847 891 1922 parte'
903 1853 1077 1922 reputamus,
1102 1843 1136 1901 in
1154 1859 1214 1918 qno
1231 1846 1293 1896 stetu

178 1867 286 1984 lusisti
304 1915 522 1977 misericordiam
541 1914 749 1994 imploraverit,
768 1929 877 1977 crescet
894 1915 959 1978 lidei
977 1915 1036 1977 eius
1055 1915 1215 1977 admiratio.
1245 1911 1292 1970 ln·

177 2017 245 2061 cero
264 2010 386 2074 corpore
403 1991 458 2050 iam
482 1990 628 2070 exsanguis
651 2001 804 2050 extremam
828 2013 941 2053 manum
966 1993 1131 2054 carnificum
1153 1996 1289 2070 exspectat,

177 2083 319 2136 ettamen
338 2069 366 2128 in
385 2065 446 2130 sota
465 2065 569 2129 Christi
590 2065 679 2148 gratia
697 2067 860 2147 acquiescit.
905 2070 1029 2130 Primum
1049 2071 1128 2130 unde
1147 2068 1186 2127 illi
1204 2063 1289 2124 veniae
1354 2057 1355 2082 ¹

175 2149 284 2226 fidncia,
302 2145 356 2208 nisi
378 2143 444 2226 quia
461 2143 491 2204 in
511 2135 617 2205 Christi
635 2155 729 2204 morte
742 2146 827 2223 (qsrae
846 2145 976 2206 omnibus
994 2145 1052 2206 aliis
1070 2141 1237 2208 detestabilis
1253 2137 1288 2198 vi-

176 2225 273 2304 dntur)
298 2221 462 2287 sacrificium
477 2219 554 2284 honi
578 2219 673 2280 odoris
700 2221 825 2300 concipit
845 2222 887 2282 ed«
904 2221 1041 2303 *expianda
1066 2221 1167 2283 mundi
1189 2225 1288 2300 peccata
1354 2255 1355 2266 ι

176 2301 295 2365 efficax?
313 2297 420 2376 'Quod
443 2308 538 2358 antem
562 2297 700 2357 cruciatus
725 2317 791 2357 snos
812 2297 936 2358 animose
960 2297 1123 2382 negligens,
1150 2299 1207 2360 imo
1224 2287 1288 2371 qnasi

175 2381 218 2444 sui
241 2379 343 2442 oblitus
365 2376 400 2436 ad
418 2395 496 2456 spem
521 2383 550 2434 et
572 2372 740 2446 desiderium
762 2373 889 2436 occultae
908 2375 982 2442 vitae
1005 2377 1127 2456 rapitur,
1150 2373 1285 2434 hommum

177 2478 290 2518 sensum
310 2455 358 2515 lon
381 2473 397 2513 e
415 2461 537 2532 superat.
577 2449 675 2525 Quare
700 2457 732 2510 et'
749 2449 992 2512 mortificationem
1010 2452 1115 2526 carnis,
1139 2461 1169 2510 et
1190 2443 1285 2527 patien-

176 2535 260 2608 tiam,
287 2543 317 2593 et
335 2474 401 2590 sulci
418 2527 605 2602 altitudinem,
630 2537 659 2586 et
683 2526 742 2606 spei
766 2527 963 2601 constantiam,
991 2539 1021 2588 et
1039 2527 1152 2608 pietatis
1169 2523 1283 2582 ardorem

175 2609 210 2668 ab
236 2607 292 2668 hoc
316 2606 451 2687 magistro
475 2603 584 2665 discere
598 2620 667 2672 ,non
694 2601 814 2682 pudeat]
836 2623 919 2682 quem
938 2603 1077 2666 Dominus
1098 2605 1132 2664 ad
1145 2593 1284 2660 humilian-

173 2679 239 2743 dam
257 2681 347 2742 carnis
365 2678 524 2760 superbiam
541 2678 624 2738 nobis
647 2677 798 2758 praefecit,
823 2699 888 2740 unm
911 2680 1078 2762 utquisque
1097 2701 1164 2744 enm
1180 2670 1284 2738 stanin

174 2769 319 2840 sequetur,
337 2755 376 2816 ita
393 2753 510 2834 propius
528 2755 563 2814 ad
577 2749 721 2816 Christum
738 2755 861 2822 accedet.

249 2835 298 2898 43.
335 2833 429 2890 Amen
452 2831 518 2888 dico
541 2832 606 2889 tihi.
651 2829 821 2910 Quanquam
845 2830 973 2894 nondum
996 2831 1126 2896 Christus
1149 2827 1233 2913 palam
1251 2817 1281 2904 de
1353 2823 1354 2844 ¹

173 2921 267 2974 morte
287 2905 521 2988 triumphaverat,
545 2907 606 2970 eius
621 2913 717 2966 tamen
736 2905 885 2968 efficaciam
905 2920 934 2970 et
952 2907 1076 2970 fructum
1094 2910 1126 2968 in
1144 2902 1227 2969 media
1243 2915 1277 2958 su

173 2986 362 3051 exinanitione
378 2981 489 3046 exserit
527 2981 702 3060 arque-hoc
725 2983 811 3044 modo
833 2983 969 3061 declaret,
996 3005 1139 3064 nunquam
1159 3003 1188 3045 se
1208 2969 1277 3055 tegni

172 3065 302 3148 potentia,
317 3063 401 3124 luisse
420 3065 563 3121 exutum.
584 3057 653 3117 nihil
672 3059 748 3120 enim
766 3057 841 3144 Regi
863 3061 966 3123 divino
984 3061 1071 3144 magis
1086 3059 1223 3122 excelsum
1238 3057 1278 3110 tut

171 3141 370 3225 magnifieum„
385 3155 467 3220 quarn
484 3133 602 3202 mortuis
620 3134 708 3196 vilaro
720 3137 877 3198 restituere.
899 3137 1041 3212 'Christos
1059 3140 1130 3219 er'go
1148 3137 1210 3196 lieet
1225 3145 1274 3186 mt-

170 3233 211 3275 nu
230 3217 286 3275 Dei
305 3221 452 3296 percussus
469 3211 591 3294 speciem
610 3211 731 3274 hominis
750 3211 968 3294 sere-deplorati
985 3207 1226 3294 praebuerit-quit
1238 3212 1273 3288 ἱξ-

170 3307 237 3350 men
256 3309 315 3350 non
334 3289 440 3352 destitit
457 3311 518 3351 esse
540 3287 637 3348 mnndi
660 3301 804 3366 servator,
826 3289 942 3352 coelesti
960 3290 1087 3368 potentia
1107 3304 1215 3368 semper
1230 3278 1275 3337 snt

171 3363 312 3450 praeditus
334 3366 368 3423 ad
391 3386 493 3425 munus
516 3383 596 3430 snum
620 3366 658 3424 im
679 3365 800 3425 lendum.
848 3365 895 3426 Ae
918 3365 1010 3446 primo
1032 3364 1145 3445 quidem
1167 3351 1273 3422 notanda

171 3451 213 3502 est
236 3439 574 3514 incredibilis-sachius,
597 3387 678 3520 quoi
702 3440 762 3500 sine
785 3461 874 3502 nrorax
887 3441 1025 3516 latronem
1048 3453 1104 3500 tam
1132 3429 1274 3501 humaniter

170 3513 381 3596 complectitur,
409 3516 517 3594 sihiq'uc
541 3515 639 3576 heatae
662 3515 735 3576 vitae
756 3515 865 3577 socium
890 3518 954 3579 iore
979 3517 1128 3598 promittit.
1187 3511 1271 3588 Quill

169 3593 284 3654 minime
302 3588 416 3650 dubium
436 3603 487 3663 cst,
501 3591 575 3668 uuio
594 3592 655 3650 sine
674 3591 841 3670 exceptione
851 3593 881 3652 in
898 3615 1018 3678 regnum
1035 3615 1115 3654 suum
1124 3610 1216 3653 omnes
1232 3578 1272 3641 al·
1303 3579 1305 3594 '
1352 3619 1353 3628 ι

168 3669 281 3732 mittc‘re
304 3677 413 3748 paratus
438 3663 503 3739 sit,
518 3665 567 3744 qui
582 3664 622 3726 'ad
646 3687 711 3727 eum
734 3667 913 3751 confugient>
952 3671 1035 3730 Unde
1058 3682 1138 3730 certo
1163 3673 1271 3729 statutte

167 3747 246 3824 lieet,
265 3745 356 3818 modo*
369 3739 532 3830 mem'onrnsit
550 3741 653 3823 nostri,
672 3761 724 3803 uos
743 3743 834 3805 salvos
852 3743 923 3806 lore.
962 3748 1054 3807 Porro
1073 3745 1275 3820 terimam-,1
1350 3695 1353 3813 l

165 3827 391 3884 te'stut'eorum
410 3815 598 3892 ohltvrseatur,
613 3817 667 3898 ‘qui
687 3841 764 3879 suam
784 3819 810 3880 ei
828 3821 1153 3885 solotemcommendant
1173 3809 1269 3892 Quodn

164 3897 268 3960 latroni
292 3901 349 3958 lam
373 3893 459 3956 facilis
480 3894 611 3954 transitus
635 3897 671 3954 in'
689 3895 799 3956 coelum
824 3897 888 3972 luit,
927 3897 991 3980 quia
1013 3897 1044 3958 in
1070 3898 1163 3959 ultima
1185 3903 1266 3954 rerum
1349 3899 1352 3966 l

166 3969 505 4054 omnium'dcsperatiorie
511 3970 650 4032 'incubuit
668 3972 698 4030 in
710 3972 817 4037 Christi
835 3973 964 4056 gratisne
982 3973 1073 4034 multo
1093 3974 1183 4056 ongis·
1195 3961 1272 4028 hodie·

165 4047 292 4112 Christis
310 4049 410 4110 mortis
430 4043 652 4110 victormanum
672 4068 688 4106 e
707 4048 781 4108 solio¹
793 4051 950 4118 monulus
970 4051 1117 4133 porriget,
1138 4062 1170 4108 ut
1187 4046 1214 4106 in
1227 4036 1266 4099 vi·

164 4126 388 4208 taesoeip'ta'tem
407 4123 470 4185 col‘
503 4134 527 4182 tt
555 4122 724 4184 -nbsurdum
738 4117 818 4184 enim
836 4138 919 4200 esset,
934 4145 970 4186 ex
988 4147 1045 4206 qno
1064 4114 1261 4214 chirographus

163 4199 248 4260 nohis
264 4201 471 4260 eontrariuma
501 4199 542 4258 xit
560 4199 652 4276 eppei,
672 4212 849 4281 mortemque
868 4215 896 4262 et
914 4203 1045 4262 Sataoam
1064 4205 1147 4284 prolli
1182 4207 1223 4269 vll,
1238 4196 1261 4248 ‘l

80 4305 84 4312 ·
162 4271 191 4333 in
209 4283 258 4349 suo
276 4275 482 4336 resurreetione
506 4275 676 4356 triumphum
701 4275 760 4358 egit
782 4277 818 4337 de
836 4279 931 4340 mnndi
949 4278 1092 4358 principe,
1114 4295 1155 4340 no
1175 4278 1259 4336 12³0ll
1351 4324 1352 4338 ι

159 4363 252 4420 neque
273 4345 386 4406 nemm-
404 4358 433 4409 ιι
456 4364 620 4430 promptum
651 4371 715 4437 esse¹
735 4371 768 4414 tc
790 4352 894 4416 latroni
920 4355 1068 4416 transitum
1090 4349 1115 4417 tt?
1129 4363 1216 4416 morte
1234 4342 1258 4400 1¹¹
